4450 7209
106 794 110 803 ·
231 782 269 859 ‚s
586 762 1342 862 PR·AEFATIO.
1674 804 1775 872 xtrx

148 898 229 1003 'que
249 889 546 1011 dispositionem
569 887 785 1002 Liturgia,
815 910 960 1005 prater
974 892 1114 977 allatas
1132 890 1330 1003 rationes,
1356 889 1546 1007 probibet
1567 895 1773 989 srlentium

148 1012 362 1124 S.1sidori,
379 1018 422 1101 ’δι
441 1020 608 1101 Parrum
626 1010 901 1100 conciliorum
929 1011 1063 1119 tertii,
1090 1014 1130 1097 8<
1160 1013 1295 1125 quarti
1319 1013 1532 1102 Toletani.
1564 1024 1606 1105 ls
1632 1021 1770 1133 enim,

147 1132 356 1219 cuicerte
389 1132 494 1250 gella
524 1134 711 1252 praelata
743 1130 876 1217 fratris
909 1128 968 1216 fui
1000 1131 1156 1246 optime
1187 1155 1287 1217 nota
1317 1156 1465 1246 erant,
1496 1165 1577 1224 non
1608 1162 1769 1255 prater·
1809 1157 1811 1168 '

146 1251 257 1337 misit
285 1254 459 1342 Leandri
477 1246 571 1375 fide
602 1276 726 1369 atque
753 1244 957 1370 industrio
983 1247 1137 1359 fassum
1169 1251 1246 1336 esse
1275 1270 1325 1338 ut
1346 1249 1494 1369 populi
1519 1258 1663 1373 gentis
1690 1266 1767 1351 Go-

146 1362 347 1485 tholttm‚
386 1368 437 1463 ob
465 1370 628 1463 Ariana
667 1365 830 1484 insanio
872 1367 927 1457 od
942 1359 1075 1488 fidem
1107 1361 1371 1457 catholicam
1410 1398 1765 1493 reverterentur,

145 1514 348 1607 operaque
381 1495 433 1580 ab
459 1523 506 1580 eo
538 1493 758 1607 composita
788 1513 973 1577 accurate
1004 1488 1206 1598 recenset,
1236 1485 1286 1573 de
1303 1490 1489 1605 Liturgia
1521 1519 1683 1609 tamen,
1714 1503 1768 1587 ab

144 1634 192 1693 eo
222 1615 479 1732 composita,
517 1612 567 1699 de
597 1641 705 1698 novo
740 1607 915 1726 ordine,
955 1609 1117 1719 abeo,
1162 1606 1290 1693 veteri
1320 1611 1512 1726 Liturgiae
1543 1613 1671 1727 dato,
1713 1647 1766 1706 ne

142 1732 318 1820 terbum
349 1733 514 1847 quidem
546 1730 732 1850 profert,
771 1734 956 1844 quamvis
988 1731 1097 1819 locus
1129 1729 1322 1814 monebat
1352 1753 1428 1839 ut,
1470 1761 1563 1818 cum
1594 1737 1643 1820 de
1670 1767 1763 1827 con·

142 1852 324 1940 versione
348 1857 614 1963 Gothorum,
651 1851 824 1940 Leandri
857 1852 1044 1940 industria
1069 1844 1279 1970 perfeda,
1310 1850 1562 1939 mentionem
1588 1857 1759 1970 fecisset,

133 1964 192 2054 'de
217 1972 412 2089 Liturgia
437 1971 789 2089 Gotho-Hispana·
806 1971 967 2060 sudore
993 1975 1257 2088 loqueretur,
1286 1992 1359 2057 nec
1385 1970 1673 2088 ambigendum
1703 1980 1762 2065 vi·

141 2084 294 2203 detur,
324 2095 424 2206 quin
454 2092 504 2180 de
533 2119 583 2178 eo
616 2093 867 2181 mentionem
898 2093 1079 2206 fecisset,
1110 2096 1139 2182 st
1171 2100 1211 2206 S.
1228 2091 1413 2180 Leander
1441 2091 1474 2176 is
1503 2093 1659 2208 fuisse-t,
1687 2101 1760 2210 qui

139 2234 296 2298 novam
330 2212 558 2333 Liturgiam
590 2210 850 2325 condiderat,
890 2238 961 2301 aut
991 2215 1121 2301 veteri
1152 2243 1306 2301 novum
1347 2213 1562 2326 ordinem,
1602 2216 1643 2301 in
1672 2247 1759 2332 gra·

139 2328 244 2417 tiam
270 2334 401 2448 gentis
417 2335 722 2450 Vifigothorum
750 2336 967 2423 tribuerat.
999 2338 1146 2449 Neque
1171 2334 1395 2449 putandum
1423 2335 1479 2420 est
1498 2345 1635 2425 Patres
1655 2346 1758 2426 Con-
1793 2335 1877 2419 180

137 2450 221 2536 cilii
279 2455 385 2540 uarti
408 2456 603 2543 Toletani
634 2462 672 2544 8.
691 2455 950 2564 Leandrum,
983 2454 1282 2540 innominatum
1309 2457 1633 2570 praetermissurus
1663 2459 1757 2546 suif-

137 2566 211 2680 se,
243 2480 276 2657 l
305 2602 396 2658 eam
436 2576 611 2661 formam
638 2577 832 2690 liturgia
867 2573 1213 2687 GothoHifpaoae
1255 2574 1481 2683 tribuisset,
1520 2605 1644 2688 quam
1678 2578 1754 2666 suis

137 2685 309 2776 decretis
339 2695 680 2810 comprobarunt.
723 2700 806 2781 Cur
836 2695 944 2779 enim
976 2690 1181 2779 aussorem
1214 2693 1298 2806 ejus
1325 2695 1518 2809 Liturgiae
1559 2697 1753 2810 silerent,

135 2834 264 2923 quam
293 2812 345 2896 ab
375 2816 558 2899 omnibus
577 2814 760 2901 Ecclesris
780 2814 1013 2928 Hispaniae,
1045 2814 1084 2897 &
1112 2812 1252 2900 Galliae
1269 2815 1453 2901 Gothicas
1486 2817 1525 2899 in
1552 2817 1755 2929 posterum

133 2928 338 3017 observari
369 2930 614 3019 voluerunt?
646 2941 705 3021 At
736 2934 864 3019 nullus
900 2958 985 3017 erat
1017 2930 1232 3017 illiusmodi
1264 2930 1434 3041 audior,
1468 2961 1590 3044 quem
1623 2936 1755 3023 lauda·

134 3074 253 3158 rent,
285 3049 313 3135 s1
341 3052 450 3136 enim
471 3053 502 3136 is
530 3052 745 3160 extitisset,
778 3054 918 3164 utique
949 3075 1107 3164 tempus
1135 3051 1365 3162 inutiliter,
1396 3075 1460 3136 tot
1484 3052 1652 3139 decretis
1680 3057 1755 3140 cir·

133 3194 182 3253 ca
213 3197 302 3255 rem
335 3170 568 3287 liturgicum
607 3171 850 3279 condendis,
891 3170 1060 3256 minime
1094 3168 1322 3278 trivissent,
1364 3169 1427 3254 sed
1459 3173 1616 3256 ratione
1655 3201 1752 3284 qua·

95 3282 231 3373 ,dam
264 3291 393 3404 magis
433 3291 619 3405 expedita
657 3321 744 3376 rem
786 3314 916 3375 totam
957 3288 1091 3403 paucis
1124 3289 1255 3373 verbis
1286 3289 1573 3399 confecissent,
1613 3294 1754 3405 praei·

97 3396 101 3419 '
131 3404 281 3520 'pi'endo
313 3431 359 3493 ut
384 3408 601 3512 secundum
634 3410 848 3518 ordinem,
878 3431 1001 3519 atque
1034 3407 1275 3493 methodum
1305 3436 1329 3492 a
1360 3414 1398 3497 S.
1420 3408 1605 3496 Leandro
1637 3409 1753 3526 (aut

129 3524 182 3609 ab
211 3526 294 3611 alio
323 3556 612 3645 quocumque,
644 3531 672 3613 sr
699 3532 796 3614 ullus
829 3525 1022 3638 ejusmodi
1047 3523 1275 3641 extitisset)
1309 3526 1525 3639 traditam,
1558 3558 1617 3613 res
1649 3529 1752 3618 divi·

129 3646 258 3730 na-in
286 3647 488 3761 posterum
521 3651 661 3736 fieret.
702 3657 762 3736 At
794 3648 851 3732 illi
881 3649 1011 3761 plures
1040 3653 1254 3756 Canones,
1284 3648 1397 3758 queis
1429 3650 1529 3734 ritus
1562 3650 1750 3737 emenda·

127 3785 246 3874 rent,
272 3765 505 3877 condidere,
531 3771 679 3880 iisque,
705 3767 814 3879 quast
843 3764 1014 3850 totidem
1042 3764 1227 3875 testibus,
1250 3767 1496 3880 probarunt,
1517 3769 1747 3885 Liturgiam

126 3908 151 3967 a
182 3887 223 3971 8.
247 3884 432 3972 Leandro
456 3890 752 4004 compositam,
785 3887 937 3971 nullam
968 3887 1135 3969 omnino
1165 3885 1370 3970 extitisse.
1402 3886 1469 3974 Ad
1500 3889 1745 3996 comedumt
1779 3887 1861 3977 181
1898 3947 1903 3956 -

127 4029 261 4113 vero,
290 4007 433 4115 quibus
464 4008 644 4121 indulget
671 4013 780 4093 P.Le
801 4014 932 4112 Brun,
964 4004 991 4087 sr
1018 4003 1107 4114 quis
1137 4001 1380 4113 attenderit,
1413 4007 1445 4090 is
1476 4005 1656 4121 profesio
1686 4014 1746 4100 in·

124 4122 266 4206 veniet
298 4153 392 4209 eum
425 4129 493 4211 srbi
523 4129 640 4212 ineo
667 4123 960 4224 contradicere,
992 4121 1100 4232 quod
1131 4121 1236 4207 dicat
1268 4123 1500 4215 Leandrum
1531 4128 1631 4213 ritus
1655 4132 1747 4245 plu·

125 4266 187 4325 res
215 4244 440 4329 Gallicanos
458 4247 648 4359 Liturgiae
675 4240 1016 4355 Gotho-Hispana
1050 4240 1268 4350 inseruisse,
1298 4246 1338 4327 8<
1371 4243 1413 4327 in
1439 4273 1512 4352 eo,
1541 4247 1649 4358 quod
1677 4250 1746 4336 ad·

123 4357 186 4445 dit
216 4354 313 4477 (o),
353 4363 532 4451 ordinem
565 4366 812 4475 antiquum,
851 4388 973 4471 quem
1006 4360 1048 4444 in
1077 4360 1260 4479 Liturgia
1290 4363 1629 4480 GothoHifpana
1669 4371 1742 4454 ob·

124 4477 283 4564 servare
304 4481 421 4593 licet,
441 4478 646 4599 precipue
663 4476 838 4595 oprisco
864 4475 952 4565 ritu
971 4471 1189 4565 Gallicano
1214 4475 1382 4568 venire.
1409 4483 1451 4568 Si
1470 4484 1605 4595 enim,
1632 4486 1746 4599 quod

123 4602 167 4685 Ρ.
185 4606 247 4686 Le
273 4606 383 4688 Brun
409 4601 560 4687 fatetur
584 4594 668 4715 (d),
700 4598 883 4711 Liturgia
914 4596 1121 4683 Gallicana
1152 4595 1289 4683 ea'dem
1323 4600 1422 4684 olim
1453 4601 1577 4687 fuerit
1616 4630 1743 4719 atque
1780 4690 1782 4693 ,

123 4717 341 4835 Hispana,
369 4718 469 4804 ordo
498 4720 686 4829 antiquus
712 4717 902 4830 Liturgiae
934 4714 1121 4828 Hispanae
1153 4746 1233 4801 non
1260 4718 1521 4831 proveniebat
1552 4725 1741 4810 a-Litur·

120 4830 428 4951 gia'Gallicana
446 4870 464 4949 ,·
492 4837 556 4923 fed
588 4837 701 4952 ipse,
731 4834 913 4949 Liturgia
931 4834 1161 4945 Gallicana,
1192 4833 1379 4920 dicendus
1405 4836 1489 4923 est.
1522 4843 1612 4928 Nec
1639 4869 1739 4957 opus

122 4979 210 5041 erat
243 4980 290 5042 ut
319 4964 359 5049 S.
378 4955 558 5047 Leander
582 4954 773 5069 Liturgiae
804 4951 1148 5068 Gotho-Hispana
1179 4954 1484 5069 compositioni,
1516 4960 1620 5046 ritus
1644 4965 1739 5051 Gal·

122 5073 272 5162 icanos
303 5076 523 5188 insereret,
554 5073 747 5199 siquidem
779 5070 901 5157 iidem
933 5070 1046 5157 erant
1073 5070 1437 5189 Gotho-Hispani.
1476 5082 1527 5164 In
1556 5077 1854 5171 eo.vero.182

122 5192 321 5307 quodait
358 5202 399 5286 S.
424 5192 651 5285 Leandrum
683 5192 874 5307 Liturgiae
899 5191 1245 5308 GothoHispanae
1274 5194 1374 5279 ritus
1415 5198 1456 5282 &
1485 5199 1745 5291 consuetudi·-

121 5340 191 5399 ues
221 5316 406 5407 Ecclesia
435 5313 614 5405 Orientis
647 5310 849 5419 intulisse,
880 5314 920 5396 8(
950 5310 1168 5427 antiquum
1198 5311 1413 5423 ordinem,
1457 5344 1580 5427 quem
1614 5323 1653 5407 in
1686 5353 1735 5412 ea

123 5430 261 5521 videre
290 5434 371 5548 est,
389 5435 539 5552 partim
568 5433 620 5521 ab
640 5422 823 5521 Ecclesiis
841 5426 1022 5519 Orientis
1050 5416 1251 5517 de've'riide
1267 5424 1350 5546 (c),
1372 5432 1539 5552 ¹egregie
1556 5438 1733 5531 fallitur.

965 5592 977 5602 ·
1145 5577 1207 5667 =g
1333 5618 1336 5625 ·
1623 5565 1751 5652 Nam·

2000 3624 2010 3689 s

164 5728 901 5893 (a)'Er-cpliedsissd..simut-diss'.5.art.3.⁸
955 5779 1019 5873 lton
1032 5775 1152 5875 =quood
1168 5752 1390 5875 fatiscendo¹
1407 5776 1536 5871 ¹Missost'
1560 5777 1743 5887 Ximenilpj

122 5878 449 6043 μῧῧζῖἑῑάιαηφ.
467 5960 577 6043 p.'334.
606 5950 752 6016 distinete
781 5938 904 6015 scribit'
955 5866 1414 6081 σᾱέἴςῖῗᾶεῃξῃζέμ
1447 5944 1503 6086 1,·
1544 5902 1573 6086 '⁸

125 6030 524 6134 liturgiamGallictuam
534 6028 904 6134 firtxtlnttgrart,sal·l
973 6060 978 6067 ·
1531 6062 1536 6073 ¹
1577 6058 1628 6087 ··=
1676 6062 1678 6070 ·
1736 6050 1755 6112 l.
