4450 7209
282 752 352 832 ψ
597 681 851 815 onumen
874 717 1076 813 ounnrn
1101 715 1223 795 nosr
1249 714 1611 796 pentecost-ru.

326 827 440 908 Lesiin
459 816 571 921 [αηᾶὶ
585 824 763 918 Evangelii
783 821 964 911 sicumare
986 829 1080 891 Met·
1131 819 1254 891 fratres
1282 822 1411 894 stabant
1428 822 1514 896 soria
1544 839 1727 916 querentes
1751 814 1854 914 loqui
1881 817 1947 895 ei·
1996 843 2032 921 55

280 931 424 1005 speum.
947 926 1080 990 cie-llll.
1131 916 1232 988 Dirtt
1261 918 1295 990 ei
1322 918 1495 1012 quidam·
1526 920 1612 992 Ecce
1641 939 1752 994 mater
1779 935 1844 992 tua
1872 918 1949 995 a&

345 1024 410 1099 Lio
421 1024 455 1096 in
471 1040 630 1114 tempore
645 1066 656 1090 .
672 1017 841 1095 Dominus
857 1016 1079 1097 nosterJesur
1128 1015 1253 1090 iratres
1272 1016 1325 1089 tui
1353 1017 1439 1092 foris
1470 1018 1555 1091 stant
1580 1035 1767 1110 querentes
1798 1032 1837 1086 te
1851 1064 1866 1089 .
1892 1022 1946 1093 At

353 1121 506 1195 Christus
532 1115 734 1211 loquebatur
752 1113 923 1212 discipulis
944 1117 1008 1189 suis
1023 1116 1079 1189 di·
1130 1111 1188 1188 ille
1203 1113 1414 1210 respondens
1440 1115 1568 1190 dicenti
1597 1114 1658 1187 libi
1686 1116 1765 1190 ait·
1797 1116 1879 1211 Qe
1893 1116 1945 1190 est

229 1246 384 1325 5cens.
409 1214 478 1308 Qui
494 1219 623 1292 nonest
644 1238 776 1291 mecum
789 1236 934 1291 econtra
951 1240 1003 1291 me
1016 1216 1084 1289 est·
1135 1229 1244 1287 mater
1258 1236 1333 1286 mea
1346 1242 1356 1285 r
1369 1216 1405 1288 δι
1429 1214 1487 1306 qui
1506 1214 1584 1287 sunt
1618 1213 1743 1287 fratres
1767 1213 1836 1287 mei
1855 1217 1871 1283 i
1900 1214 1944 1286 tt

278 1322 322 1395 Et
337 1317 395 1415 qni
409 1337 479 1389 non
492 1333 688 1413 congregat
702 1313 988 1411 mecumzspargit.
998 1314 1085 1388 ldeo
1135 1311 1327 1381 extendens
1342 1334 1476 1386 manum
1490 1315 1523 1382 in
1538 1309 1721 1407 discipulos
1737 1310 1816 1386 suos
1829 1311 1945 1384 dixit.
1978 1320 2023 1390 so

278 1421 359 1493 dico
375 1413 475 1488 vobis
492 1436 613 1485 somne
632 1431 804 1508 peccatum
826 1409 1084 1508 &blasphemia
1134 1408 1219 1481 Ecce
1237 1428 1347 1483 mater
1360 1433 1434 1484 mea
1449 1436 1459 1478 a
1475 1413 1510 1484 dt
1526 1410 1651 1482 fratres
1665 1409 1760 1482 mei.
1790 1409 1951 1498 Quicun-

278 1514 482 1592 remittetur
516 1510 747 1586 hominibus.
785 1509 931 1606 Spiritus
967 1529 1083 1589 autem
1133 1528 1200 1603 que
1222 1507 1315 1578 enim
1343 1507 1464 1581 fecerit
1482 1504 1700 1585 voluntatem
1717 1506 1830 1582 Patris
1856 1504 1950 1580 meir

277 1610 484 1709 blasphemie
501 1632 570 1681 non
587 1608 781 1682 remittetur
794 1609 863 1680 eia.
878 1608 917 1679 Et
930 1608 1087 1702 quicum·
1134 1603 1192 1699 qui
1206 1603 1240 1675 in
1254 1603 1336 1677 celis
1352 1607 1400 1679 eli
1417 1633 1427 1676 e
1442 1605 1515 1703 ipse
1531 1628 1627 1680 meur
1643 1606 1691 1678 eli
1706 1606 1818 1684 frater
1838 1603 1878 1678 ἃ
1891 1600 1955 1681 so·

204 1737 257 1799 po
279 1732 347 1806 que
363 1706 491 1780 dixerit
506 1705 648 1778 verbum
665 1725 789 1780 contra
805 1705 912 1779 filium
935 1705 1084 1780 hominis
1135 1725 1197 1777 ror
1208 1703 1243 1773 δι
1258 1722 1366 1776 mater
1381 1705 1453 1776 est.
2026 1752 2029 1757 -

234 1824 237 1829 ’
280 1807 482 1886 remittetur
498 1802 554 1874 ei.
579 1804 779 1896 Qiautem
804 1804 935 1877 dixerit
962 1823 1089 1880 contra·
1185 1812 1235 1894 βε.
1253 1808 1390 1872 Amen.
1984 1808 2024 1902 55

279 1904 448 1998 Spiritum
478 1897 666 1985 Sardium:
697 1926 767 1976 non
798 1901 997 1976 remittetur
1023 1902 1084 1975 eir
1182 1898 1474 1976 Dicanresbiter
1501 1946 1512 1972 .
1535 1898 1708 1977 Dominus
1731 1899 1775 1974 sit
1805 1899 1950 1993 semper

281 2023 348 2076 nec
364 2001 397 2071 in
413 2001 483 2075 hoc
508 1995 623 2073 seculo
637 2022 700 2074 nec
717 1997 751 2070 in
775 1997 920 2074 futuro.
948 2002 1021 2072 Aut
1038 2001 1090 2074 ia·
1138 1995 1349 2070 vobiscum.
1916 1986 1926 2004 ⁸

281 2100 355 2178 cite
370 2098 531 2174 arborem
553 2095 677 2170 bonam
691 2126 701 2166 t
715 2101 750 2170 dt
765 2094 911 2171 seusium
936 2100 1010 2181 ejus
1025 2096 1090 2172 bo·
1187 2105 1237 2186 132.
1252 2094 1409 2168 Etcum.

206 2218 256 2293 ις
283 2220 365 2272 num
381 2226 390 2266 r
405 2216 463 2270 aut
480 2191 582 2267 facite
611 2196 772 2271 arborem
799 2191 917 2270 malam
934 2220 943 2264 ε
960 2196 994 2266 dt
1014 2195 1090 2269 fru·
1189 2189 1492 2280 cantentionis
1519 2243 1531 2267 ·
1558 2192 1719 2290 Apellam
1735 2192 1772 2266 ἱῦ
1800 2192 1957 2289 parabo-¹

285 2295 378 2369 dum
392 2299 466 2380 ejus
488 2286 641 2366 malum·
666 2292 838 2386 Siquidem
863 2316 908 2365 ex
924 2290 1087 2370 fiuctibus
1136 2280 1178 2359 lie
1206 2336 1217 2358 ·
1249 2291 1396 2471 Rssuire
1416 2308 1508 2365 retro
1533 2296 1568 2365 in
1592 2296 1764 2367 Dominico
1778 2338 1790 2362 ·
1805 2300 1874 2365 111.
1884 2288 1958 2392 ped
1983 2322 2026 2401 7⁰

282 2393 390 2472 arbor
431 2388 687 2486 cognoscitur.
715 2389 909 2502 sengenies
952 2390 1091 2485 vipera·
1139 2393 1284 2459 Penteco
1311 2387 1607 2476 tmfttliofflXX·

282 2485 1090 2661 httttssmthtsshht{tttltthth
1207 2581 1403 2658 natant,
1428 2489 1750 2661 disiisset
1775 2585 1953 2663 tnoensutn

205 2704 258 2769 ao
288 2681 464 2780 loquitur·
493 2689 609 2759 Bonus
622 2682 730 2757 homo
756 2681 800 2754 de
817 2683 912 2757 bono
927 2681 1092 2759 thesauro
1221 2678 1377 2755 Domino
1390 2706 1457 2775 pro
1474 2702 1645 2778 peccator
1662 2708 1729 2778 pro
1753 2682 1885 2757 delicto
1899 2681 1952 2755 le·

283 2781 421 2881 profert
447 2779 561 2852 bona.
587 2778 629 2851 Et
655 2777 762 2852 malus
792 2781 900 2857 homo
923 2779 967 2851 de
996 2778 1089 2855 malo
1139 2775 1297 2871 gitimum
1312 2777 1558 2873 sempiternum
1582 2782 1630 2852 est
1654 2781 1689 2852 in
1704 2781 1949 2878 generationi·
1980 2809 2019 2886 75

285 2879 448 2957 thesauro
461 2875 600 2973 profert
615 2873 723 2949 mala.
752 2875 846 2952 Dico
861 2895 974 2954 autem
986 2877 1087 2954 vobis
1138 2875 1213 2944 busa
1228 2871 1432 2961 allelujaDe
1444 2877 1614 2953 sacrificiis
1630 2877 1938 2964 Dominitellelujae

284 2976 446 3072 quoniam
471 2997 575 3049 omne
601 2973 746 3061 verbum
778 2975 929 3050 otiosum
954 3003 965 3044 r
993 2977 1087 3069 quod
1138 2966 1301 3056 alleluia.
1328 2971 1374 3069 ql.
1401 2972 1573 3062 Alleluia:
1590 2975 1681 3048 dixit
1708 2977 1877 3050 Dominus
1900 2977 1944 3048 ad

282 3072 393 3148 locuti
410 3071 541 3148 fuerint
559 3070 714 3144 homines
731 3074 901 3149 rreddeut
916 3072 1086 3150 rationem
1138 3068 1287 3163 Moysen
1314 3093 1324 3137 r
1354 3072 1518 3148 Sacerdos
1545 3097 1621 3150 cnm
1638 3077 1681 3148 ad
1697 3073 1949 3149 sacrosandium

205 3197 255 3273 ²5
283 3174 328 3246 de
341 3197 388 3248 eo
401 3172 435 3243 in
450 3170 508 3241 die
522 3169 666 3254 judicii.
693 3169 745 3240 Ex
769 3173 889 3244 verbis
915 3171 1005 3243 enim
1025 3172 1091 3246 tuis
1140 3166 1314 3240 accesserit
1331 3195 1341 3235 e
1358 3171 1486 3244 offeret
1499 3171 1714 3246 oblationem
1739 3173 1774 3242 in
1802 3175 1951 3247 odorem

282 3262 722 3361 tutificauenmorverbis
745 3268 813 3342 tuis
837 3265 1089 3344 condemnabe-
1138 3262 1364 3339 suavissimum
1378 3267 1535 3344 Domino
1561 3298 1572 3340 a
1597 3271 1633 3342 δι
1655 3288 1763 3363 ponet
1783 3268 1818 3341 in
1834 3269 1949 3344 taber·
1977 3276 2017 3352 8ο

281 3368 331 3445 rin
361 3415 373 3439 .
409 3366 507 3440 Tunc
535 3364 787 3459 respondebant
817 3368 850 3440 ei
879 3368 1016 3462 quidam
1043 3368 1087 3441 de
1136 3355 1474 3438 naculotestimon'n‘.
1490 3367 1811 3440 P.Desacriliciis.

283 3464 403 3540 scribis
432 3462 657 3557 &phariseis
688 3463 841 3538 dicentes
870 3508 883 3534 0
921 3464 1086 3563 Magister
1481 3463 1602 3558 Mrffn.

284 3561 445 3640 volumus
461 3578 528 3633 ate
542 3560 676 3656 iignum
690 3561 810 3636 videre
826 3610 837 3632 .
859 3563 929 3654 Qni
945 3565 1004 3638 res
1025 3587 1091 3636 on·
1250 3558 1511 3654 Mnipotentem
1528 3567 1642 3637 Deum
1657 3563 1783 3638 fratres
1798 3565 1955 3640 charilh·

207 3683 258 3763 30
288 3663 373 3734 dens
401 3660 448 3732 ait
465 3655 556 3729 illis.
579 3657 773 3735 Generatio
784 3655 917 3733 mala&
933 3589 1089 3736 adultera
1268 3657 1316 3728 mi
1329 3663 1578 3752 deprecemur:
1595 3684 1631 3733 ut
1645 3657 1737 3732 illam
1748 3662 1955 3737 nobisDeus

288 3761 419 3856 signum
432 3754 545 3847 querit
560 3779 570 3822 a
585 3756 621 3827 δι
633 3759 768 3855 liguum
790 3781 860 3831 non
878 3757 1018 3832 dabitur
1032 3759 1065 3831 ei
1080 3784 1091 3828 e
1142 3753 1184 3825 ad
1199 3753 1420 3862 senorandum
1434 3783 1573 3854 precem
1583 3757 1723 3852 inspiret
1737 3785 1747 3825 e
1763 3783 1865 3853 quam
1881 3761 1955 3859 ipsc
1982 3766 2020 3859 85

286 3857 351 3932 nili
382 3855 517 3950 fignum
538 3857 623 3931 Jone
649 3855 850 3951 prophete.
877 3857 971 3928 Sicut
999 3859 1092 3930 enim
1142 3871 1278 3946 premio
1291 3851 1558 3931 immortalitatis
1569 3877 1795 3931 remuneret.

284 3950 465 4035 suitJonas
486 3951 519 4022 in
536 3969 658 4024 ventre
688 3953 757 4026 ceti
773 3955 884 4026 tribus
912 3953 1031 4026 diebus
1054 3957 1107 4028 &v
1193 3962 1243 4040 Bt.
1258 3954 1400 4023 Amen.

289 4051 402 4127 tribus
418 4047 575 4122 sonibus
589 4075 598 4116 ι
610 4051 656 4123 sic
684 4052 753 4124 erit
767 4049 857 4124 filius
882 4051 1025 4125 hominis
1055 4052 1091 4127 iu
1420 4054 1510 4126 Ana
1521 4055 1639 4128 oratio
1655 4099 1666 4121 .

206 4170 255 4252 35
288 4149 396 4225 corde
417 4167 511 4219 terre
537 4146 646 4218 tribus
676 4147 795 4221 diebus
811 4176 822 4219 a
839 4148 875 4220 δι
891 4150 1000 4223 tribus
1024 4173 1090 4224 no·
1247 4145 1313 4219 Eue
1327 4147 1386 4243 qui
1413 4151 1625 4227 infirmitatis
1654 4149 1768 4225 nostre
1786 4149 1900 4226 fastus
1916 4179 1955 4228 es

290 4248 422 4323 tribus.
450 4243 526 4313 Viri
558 4245 870 4343 Ninivitesurgent
898 4247 1089 4331 injudicio
1142 4291 1144 4295 -
1262 4247 1956 4345 particepstsacnostuiregnieli'ccon·
1983 4275 2028 4347 90

223 4386 228 4393 ·
288 4367 367 4415 cum
393 4337 623 4439 generatione
653 4341 785 4413 istas&
812 4342 1089 4416 condemnabunt
1138 4339 1841 4442 sortes·thuibusparticiparivoluisti
1859 4354 1946 4423 allu-

287 4464 363 4515 eam
379 4467 388 4506 ι
402 4437 479 4531 quia
495 4436 721 4531 penitentiam
747 4458 894 4536 egerunt
910 4439 946 4510 in
972 4439 1089 4534 predi·
1138 4444 1267 4515 mendo
1276 4437 1449 4515 hominem
1463 4444 1685 4541 participium
1699 4445 1860 4521 conseras
1872 4447 1953 4546 glo·

288 4537 427 4611 catione
437 4539 527 4612 Jone
540 4561 549 4599 ε
564 4537 598 4607 81
613 4557 695 4610 ecce
709 4533 881 4629 plusquam
894 4541 996 4614 Jonas
1010 4537 1091 4612 hic.
1139 4537 1191 4611 rie
1207 4558 1267 4613 tue
1283 4583 1296 4605 .

204 4656 258 4738 '40
290 4635 429 4731 Regina
441 4630 554 4705 Austri
569 4630 686 4728 surget
699 4631 872 4717 injudicio
889 4657 963 4708 cum
979 4659 1090 4733 gene·
1191 4651 1241 4730 132.
1253 4643 1390 4712 Amen.

207 4730 210 4737 ’
286 4734 425 4812 ratione
453 4729 587 4803 istae&
608 4730 846 4804 condemnabit
875 4755 947 4806 eam
973 4760 984 4801 a
1010 4733 1088 4826 quia
1333 4731 1412 4819 2³0ss
1432 4739 1585 4812 nornine·
1609 4744 1750 4815 oratio.
1984 4763 2025 4846 95

285 4830 386 4905 venit
402 4855 421 4903 a
437 4825 560 4900 finibus
573 4844 667 4900 terre
681 4829 798 4902 audire
812 4829 1012 4920 sapientiam
1028 4834 1088 4904 Sa·
1127 4874 1143 4907 s
1194 4831 1346 4910 Nlabere
1374 4835 1525 4908 Domine
1555 4833 1683 4911 oblatis
1713 4839 1777 4912 tibi
1807 4841 1957 4919 hostiis:

288 4923 440 5002 lomonis
455 4953 465 4992 a
480 4928 517 4998 δι
532 4946 612 4995 ecce
634 4922 807 5020 plusquam
823 4922 982 5002 Salomon
1008 4930 1087 5001 hic.
1209 4935 1244 5005 dt
1260 4932 1422 5026 susceptis
1436 4932 1588 5012 fidelium
1596 4939 1691 5012 uotis
1703 4941 1856 5036 requiem
1865 4946 1954 5028 jube

285 5026 381 5099 Cum
397 5043 512 5098 autem
528 5021 663 5117 spiritus
680 5023 869 5100 immundus
889 5026 1015 5101 exierit
1043 5028 1087 5099 ab
1136 5033 1323 5128 prorogari
1347 5029 1544 5104 deflendis.

209 5143 257 5225 45
290 5123 433 5199 homine
447 5151 457 5193 e
471 5117 621 5194 ambulat
635 5145 698 5216 per
710 5119 789 5194 loca
804 5122 920 5198 aridae
944 5146 1087 5218 querens
1187 5142 1238 5220 13t.
1254 5133 1392 5202 Amen.

209 5242 223 5271 ν·
290 5218 757 5316 requiem&n0ninvenit.
778 5220 994 5295 Tuncdicit.
1018 5224 1090 5295 Re·
1360 5231 1730 5326 adpertinentia.
1987 5257 2043 5317 toa

290 5341 415 5393 vertar
451 5317 487 5388 in
512 5316 651 5391 domum
682 5340 791 5392 meam
816 5346 827 5387 a
852 5322 942 5392 unde
971 5320 1091 5392 exivi.
1262 5324 1423 5421 Ultiplica
1437 5350 1500 5401 nos
1515 5331 1662 5406 Domine
1673 5328 1958 5413 humilitatisbo-

288 5416 335 5490 Et
352 5412 495 5491 veniens
509 5414 641 5488 invenit
668 5436 850 5491 vacantem
864 5415 975 5511 scopis
996 5438 1092 5491 mun·
1276 5450 1323 5501 no
1339 5430 1374 5499 dt
1393 5423 1572 5500 charitatis
1586 5431 1695 5505 ssudio
1712 5461 1721 5500 ε
1739 5453 1778 5505 ut
1795 5437 1954 5512 viventi-

289 5515 406 5589 datam
424 5516 460 5586 δι
477 5531 631 5590 ornatam
647 5557 658 5581 .
682 5513 777 5590 Tunc
791 5514 888 5589 vadit
900 5518 935 5588 δι
949 5514 1090 5588 adhibet
1142 5525 1205 5591 bus
1219 5544 1252 5592 ru
1265 5546 1349 5615 pace
1364 5525 1506 5600 studium
1526 5526 1591 5600 tibi
1618 5532 1842 5607 exhibeamus
1857 5537 1952 5625 jusii-

212 5633 261 5712 50
291 5611 422 5707 septem
436 5609 522 5686 alios
548 5610 684 5704 spiritus
699 5610 809 5688 secum
826 5613 1008 5709 nequiores
1028 5613 1062 5686 se
1077 5642 1088 5686 a
1140 5619 1216 5689 cie·
1236 5633 1285 5712 lje·
1303 5630 1438 5696 Amen.
1635 5627 1759 5700 relatio
1776 5677 1787 5698 .

217 5736 222 5745 ¹
292 5711 328 5782 ἃ
345 5711 522 5823 intrantes·
539 5707 699 5822 habitant
714 5709 760 5784 ibi
774 5740 784 5780 a
797 5715 834 5787 &
849 5713 946 5826 'fiupt
972 5711 1089 5786 novis·
1138 5719 1331 5901 EQum
1342 5726 1376 5796 δι
1389 5723 1465 5795 satis
1475 5725 1955 5820 iustrumessomnipoteosl’a·
1984 5743 2035 5823 105

289 5807 370 5882 lima
390 5808 540 5881 hominus
556 5804 645 5881 illins
672 5815 792 5902 peiora
805 5812 977 5906 prioribus
992 5861 1004 5882 ·
1032 5813 1085 5892 Sic
1227 5836 1280 5891 ter
1294 5846 1304 5888 e
1318 5841 1356 5894 ut
1376 5822 1437 5895 tibi
1449 5818 1545 5914 plebs
1567 5845 1623 5896 tua
1640 5828 1771 5898 deferat
1789 5828 1952 5905 landem:

290 5909 360 5978 erit
378 5905 593 6002 generationi
620 5905 700 5980 huic
715 5910 879 6005 pessime.
904 5911 1086 5985 Adhuceo
1135 5936 1235 6006 quam
1259 5920 1348 5990 unici
1362 5919 1438 5991 Filii
1469 5919 1517 5988 tui
1550 5925 1714 5998 redemisii
1744 5924 1949 6025 sanguinei

290 5998 459 6100 loquente
471 6006 515 6082 ad
540 6001 682 6084 turbare
702 6026 916 6092 eccemater
937 6014 1087 6103 eiust&
1136 6016 1184 6095 Ut
1198 6018 1289 6100 enin
1312 6042 1401 6119 opus
1426 6037 1530 6106 tuum
1539 6019 1777 6135 usquequaque
1808 6054 1882 6104 non
1898 6046 1955 6099 te-

1851 6147 1958 6203 neree
