4450 7209
303 762 317 805 l
592 749 1884 885 ·PR'AEFA‘T10'.41xxxrrt'
2020 840 2023 847 .

222 882 538 993 .'Teslamento,
554 878 787 1093 priventur.
817 880 1025 993 Ejusmodi
1052 878 1142 966 sunt
1162 877 1287 965 Missa
1308 879 1487 991 quinque
1503 868 1776 973 Dominicales
1795 886 1881 1001 post
1900 892 1902 896 ’

202 1022 206 1029 “
242 1006 428 1121 clausum
446 1001 553 1115 Pasa
582 1034 641 1109 ιε,
669 1005 788 1091 Missa
815 1004 1038 1089 Dominicae
1066 998 1151 1118 post
1170 1001 1451 1089 Ascensronem
1474 1004 1668 1115 Domini,
1698 1013 1737 1094 8(
1759 1012 1877 1096 unica

242 1132 314 1221 illa
338 1129 456 1218 Milia
475 1126 766 1236 Dominicalis,
792 1154 881 1237 qua
908 1122 994 1243 post
1021 1122 1278 1212 Pentecosten
1307 1123 1546 1241 assignatur.
1580 1133 1642 1215 Ex
1673 1128 1759 1215 aliis
1780 1155 1879 1213 vero

242 1251 374 1341 Missas
398 1280 470 1361 ea,
499 1277 589 1362 qua
614 1244 661 1335 in
675 1242 931 1365 professione
957 1238 1127 1335 itineris
1154 1245 1399 1355 celebratur,
1432 1250 1471 1333 8(
1498 1248 1600 1357 alia,
1629 1276 1716 1359 qua
1745 1242 1878 1335 elide

240 1370 448 1461 redeundo
473 1364 526 1458 ab
555 1364 730 1479 itinere,
790 1369 892 1457 rima
910 1363 1102 1457 Leslione
1127 1390 1290 1474 carent,
1324 1395 1404 1477 qaia
1432 1367 1559 1452 etiam
1588 1392 1724 1451 carent
1755 1362 1874 1452 Missa

241 1484 291 1581 in
318 1486 621 1606 conjectatione
643 1399 914 1609 messiani,
947 1487 1067 1575 Missa
1092 1484 1144 1574 de
1172 1515 1250 1579 uno
1279 1481 1554 1599 Confeffire,
1596 1491 1634 1572 8(
1661 1489 1746 1572 alia
1773 1513 1871 1570 non·

241 1612 386 1697 nulla.
418 1604 552 1720 Hujus
577 1635 716 1697 autem
738 1608 917 1696 defessus
944 1610 1082 1717 causa,
1108 1635 1202 1691 cum
1234 1602 1386 1715 codex,
1416 1607 1456 1690 in
1489 1607 1537 1691 iis
1569 1606 1684 1713 locis,
1713 1608 1869 1720 integer
1902 1631 1985 1716 300

242 1730 322 1835 sit,
348 1756 420 1816 aut
447 1730 667 1817 revocanda
693 1729 853 1817 videtur
878 1731 929 1816 ad
954 1731 1206 1841 varietatem¹
1223 1726 1442 1839 quamdam
1475 1727 1762 1840 Licurgicam,
1797 1747 1870 1810 aut
1917 1832 1919 1838 Ι

195 1904 216 1939 r.
241 1849 351 1943 sorte
379 1853 420 1935 in
439 1880 488 1935 co
515 1851 765 1966 reponenda,
791 1851 899 1964 quod
917 1848 1127 1939 Leiliones
1146 1848 1417 1962 Propheticae,
1439 1876 1489 1931 ex
1509 1843 1762 1935 Ledlionario
1782 1873 1872 1959 pro·

241 1971 357 2086 prio,
389 1976 429 2056 8(
455 1972 507 2061 ab
533 1973 610 2055 hoc
635 1969 842 2082 distinslo,
869 1973 948 2086 legi
976 1970 1175 2057 solerent.
1207 1966 1282 2056 Sed
1313 1982 1388 2077 ne,
1418 1971 1492 2052 hac
1521 1969 1570 2049 de
1589 1954 1727 2076 causa,
1759 1988 1874 2081 pute·
1911 2033 1913 2037 .

240 2110 360 2196 mus,
389 2090 516 2177 Missis
543 2092 671 2176 allatis
699 2094 806 2177 nulla
836 2091 1040 2206 segmenta
1068 2118 1090 2173 e
1123 2087 1251 2172 ueteri
1281 2088 1436 2173 soedere
1466 2086 1631 2202 legenda
1658 2087 1824 2174 attribui
1857 2144 1873 2193 ,

236 2205 430 2323 prohibet
457 2208 587 2324 ipsum
613 2208 944 2318 Lesiionarium,
978 2212 1018 2294 in
1051 2237 1133 2321 quo
1161 2207 1394 2318 frequenter
1425 2205 1635 2296 Leuiones
1664 2204 1874 2324 Propheti-

239 2354 297 2411 cae
325 2328 588 2445 assignantur.
616 2337 755 2449 Quare
781 2330 888 2416 haud
918 2328 1148 2415 incredibile
1181 2328 1370 2435 videtur,
1405 2328 1445 2412 in
1477 2329 1523 2413 iis
1553 2327 1679 2435 locis,
1714 2324 1869 2440 inqui·

191 2496 199 2509 ·
236 2446 439 2535 burricus
465 2450 564 2556 ille,
600 2479 650 2534 ex
678 2452 889 2538 Gallicano·
921 2456 959 2535 8(
990 2457 1180 2535 Romano
1208 2447 1423 2547 confusus,
1455 2477 1578 2560 quem
1609 2449 1867 2563 appellabant

236 2569 519 2678 Romensem,
555 2572 808 2680 invaluerat,
845 2568 913 2665 usu
950 2572 1074 2655 etiam
1108 2591 1314 2681 receptum
1340 2568 1498 2675 suisse,
1534 2594 1672 2653 contra
1713 2591 1871 2652 morem

236 2690 527 2801 Gallicanum,
558 2692 600 2776 in
624 2694 743 2777 certis
772 2689 1004 2802 quibusdam
1034 2689 1159 2775 Miffis
1189 2687 1284 2773 duas
1313 2684 1597 2775 ‘tantummodo
1626 2685 1871 2792 Lesiiones,

237 2810 382 2922 easque
423 2842 446 2895 e
488 2839 596 2923 novo
638 2814 902 2901 Tellamento
941 2813 1113 2924 legere.
1158 2816 1246 2929 Jam
1298 2837 1395 2895 vero
1433 2811 1455 2892 e
1494 2836 1668 2919 quatuor
1703 2806 1868 2894 Missali·
1903 2829 1981 2916 301

238 2926 313 3014 bus
340 2932 449 3016 libris
475 2933 690 3019 Gallicanis
718 2929 910 3017 hasienus
949 2930 1092 3039 editis,
1123 2930 1149 3014 si
1179 2930 1542 3017 sacramentarium
1576 2931 1765 3017 Bobiense
1798 2960 1866 3014 ex·

237 3050 447 3164 cipiatur,
480 3052 607 3135 nullus
639 3051 729 3161 est,
769 3053 834 3136 cui
859 3050 1011 3159 aliquid
1039 3078 1119 3133 non
1147 3049 1283 3133 defit.
1324 3054 1435 3135 Nam
1469 3052 1621 3134 Missali
1655 3050 1864 3135 Gallicano

200 3170 416 3289 ueteri,
456 3174 495 3255 8(
534 3170 683 3255 Missali
729 3177 973 3256 Francorum
1005 3169 1128 3282 plura
1171 3168 1396 3276 deliciunt,
1438 3198 1560 3279 quam
1595 3197 1682 3281 quae
1732 3166 1865 3282 super·

237 3286 364 3375 sunt.
394 3288 547 3374 Missali
582 3317 677 3373 vero
703 3288 1045 3393 Gallo-Gothico,
1076 3288 1265 3371 nonnulla
1295 3287 1437 3391 initio,
1471 3291 1584 3400 plura
1614 3289 1653 3372 in
1683 3287 1762 3372 fine
1795 3287 1862 3371 de·

241 3405 492 3493 srderantur.
533 3414 761 3515 Praeterea,
794 3408 960 3522 dempto
992 3407 1313 3493 Sacramentario
1343 3409 1557 3516 Bobiensr,
1593 3408 1629 3491 in
1661 3420 1752 3518 quo
1774 3407 1897 3493 sunt'

238 3522 451 3614 Lesliones
479 3528 646 3641 propriae
675 3527 923 3634 Missurum,
962 3526 1142 3611 Missalia
1170 3527 1375 3611 Gallicana
1407 3527 1507 3610 nihil
1549 3551 1693 3643 prater
1724 3529 1872 3611 oratio·

237 3672 332 3753 nes,
364 3675 453 3758 quae
482 3648 523 3731 in
544 3645 668 3732 Missa
695 3648 936 3751 recitantur,
967 3649 1004 3730 8(
1034 3641 1332 3731 Benedieriones
1359 3650 1594 3735 continent.
1626 3651 1772 3757 Neque
1800 3649 1869 3732 ha·

240 3761 378 3849 &enus
417 3767 519 3850 liber
545 3767 862 3879 Antiphonarius
891 3766 1121 3851 Gallicanus
1165 3761 1344 3849 detedlus
1385 3765 1472 3875 est,
1517 3766 1598 3850 fine
1629 3794 1711 3877 quo
1745 3766 1869 3853 Missa

236 3885 446 3971 Gallicana
477 3886 667 3969 celebrari
700 3885 869 3996 nequit.
902 3893 961 3971 At
994 3884 1155 3969 Missale
1185 3886 1453 3970 Mozarabum
1484 3886 1701 3972 cardinalis
1727 3889 1862 3972 Xime·
1898 3907 1981 3993 302

234 4006 297 4091 nii
316 4007 519 4119 integrum
547 4005 615 4110 est,
636 4005 778 4090 Missas
804 4033 943 4089 omnes
970 4000 1142 4117 integras
1163 4002 1310 4112 habet,
1340 4030 1425 4089 tam
1453 4033 1540 4113 eaS,
1574 4033 1670 4117 quas
1696 4002 1747 4090 de
1764 4030 1864 4092 tem·

230 4143 335 4242 pore
362 4126 523 4233 dicunt,
551 4153 674 4235 quarn
695 4124 888 4231 Votivas,
924 4128 1166 4232 Mortuales,
1194 4120 1429 4211 Samiorum
1459 4126 1658 4238 propriae,
1687 4128 1725 4211 8(
1755 4155 1865 4212 com·

235 4273 413 4356 munes,
453 4247 596 4359 quibus
622 4245 724 4333 nihil
753 4243 858 4327 deest
891 4240 941 4327 ad
969 4242 1201 4357 expeditam
1227 4273 1364 4328 earum
1390 4246 1721 4331 celebrationem.
1742 4247 1865 4330 Dein·

235 4363 286 4449 de
314 4365 476 4450 Missale
503 4359 722 4470 Ximenir',
764 4366 806 4448 in
835 4367 959 4447 totius
987 4364 1180 4479 Licurgiae
1215 4364 1385 4473 ordine,
1424 4389 1546 4476 atque
1578 4366 1861 4478 dispositione,
1897 4386 1977 4471 303

235 4486 364 4569 ritum
392 4485 775 4597 Gotho-Hispanum
805 4484 1027 4567 constanter
1054 4485 1226 4591 retinet,
1259 4485 1339 4568 stne
1367 4486 1444 4571 ulla
1470 4488 1762 4571 commixtione
1784 4492 1865 4570 Ro·

235 4606 376 4714 mani,
403 4603 688 4707 Ambrosiani,
720 4626 790 4685 aut
816 4604 976 4686 alterius
1004 4601 1215 4711 cujuslibet
1242 4603 1371 4688 ritus.
1399 4611 1484 4711 At,
1510 4635 1532 4687 e
1560 4607 1667 4690 libris
1695 4606 1865 4689 Gallica·

238 4727 324 4829 nis,
354 4727 482 4811 nullus
510 4726 596 4830 cll,
623 4726 692 4833 qui
722 4724 848 4806 ritum
877 4724 1092 4832 antiquum
1122 4722 1399 4828 Gallicanum,
1425 4725 1466 4812 in
1497 4728 1683 4807 omnibus
1714 4725 1864 4834 Miffis,

237 4873 386 4959 purum
417 4850 456 4930 8(
483 4844 677 4928 sincerum
708 4840 989 4926 conservavit.
1026 4846 1163 4951 Nam,
1192 4847 1262 4953 qui
1282 4846 1424 4928 horum
1454 4841 1754 4956 persedisltmus
1783 4844 1860 4951 ell,
1900 4842 1904 4853 ’

238 4964 400 5051 Missale
426 4964 809 5067 Gallo-Gothicum,
835 4963 885 5046 ab
904 4962 1213 5075 interpolatione
1233 4965 1423 5078 Liturgiae
1445 4969 1645 5049 Romanae'
1666 4964 1858 5048 immunis

239 5110 319 5169 nou
349 5084 427 5170 est.
453 5092 624 5206 Quare,
654 5084 732 5166 sive
763 5083 968 5196 integritas
997 5085 1154 5194 antiqui
1183 5083 1281 5166 ritus
1299 5081 1520 5198 spesletur,
1552 5086 1631 5168 sive
1660 5079 1858 5196 spedletur
1890 5104 1984 5188 304

240 5203 353 5312 usuS,
379 5205 490 5313 cujus
513 5208 552 5289 in
576 5199 801 5313 hujusmodi
834 5203 941 5285 libris
962 5204 1065 5286 ratio
1085 5206 1280 5317 precipua
1307 5205 1501 5308 habetur,
1522 5203 1646 5294 sateri
1671 5204 1863 5288 debemus

239 5324 401 5410 Missale
430 5320 611 5413 Ximenii
639 5325 746 5407 libris
772 5322 956 5406 omnibus
983 5325 1222 5431 GallicaniS,
1249 5320 1438 5407 hasienus
1458 5322 1596 5423 editis,
1630 5325 1745 5435 longe
1767 5352 1863 5436 prae·

241 5444 368 5532 liare..
389 5449 446 5533 lis
465 5446 574 5531 enim
603 5470 687 5528 tam
712 5443 985 5527 multaadhuc
1003 5441 1215 5551 deficiunt,
1241 5442 1290 5527 ad
1309 5443 1539 5557 expeditam
1561 5443 1772 5528 Missurum
1800 5472 1862 5527 ce·

241 5564 528 5665 lebrationem,
556 5566 795 5667 necessaria,
824 5588 869 5647 ut
899 5590 1020 5646 nemo
1047 5563 1125 5646 istis
1153 5564 1284 5665 libris,
1313 5563 1573 5673 quantumvis
1602 5562 1701 5644 bene
1721 5560 1862 5646 instru-

193 5739 199 5751 ·
243 5682 348 5795 slus,
376 5688 456 5772 stne
483 5685 651 5773 Missalis
672 5684 848 5769 Ximenii
874 5682 1048 5788 auxilio,
1079 5685 1143 5766 vel
1167 5684 1321 5768 unicam
1342 5683 1505 5768 Missam
1529 5683 1775 5768 Gallicanam
1805 5708 1865 5764 re·

242 5808 363 5894 citare
394 5807 573 5924 poterit,
601 5803 785 5893 Sacerdos
813 5802 1252 5905 vero,Mozarabicus,
1288 5804 1350 5888 cui
1383 5805 1543 5887 unicum
1572 5800 1677 5886 adesi
1704 5800 1867 5887 Missale

243 5924 464 6041 Ximenii,
493 5924 634 6015 Missas
663 5923 964 6035 Mozarabicas,
994 5946 1117 6035 atque
1143 5922 1241 6009 adeo
1266 5923 1643 6048 Gotho-Hispanas,
1676 5925 1714 6008 8(
1741 5919 1868 6006 Galli·

452 6092 455 6097 ·
1175 6146 1178 6151 Ι
1286 6045 1357 6131 la
1725 6066 1865 6150 canat,
