4450 7209
823 801 1497 891 snucrllncossh
1937 841 1978 912 ῃ

303 902 635 993 Deieinrintorde
655 901 779 999 ipsius:
810 906 847 978 ἃ
871 928 943 978 non
961 901 1120 998 supplan·
1169 906 1227 1000 qui
1251 909 1379 1004 dignus
1409 908 1456 979 est
1480 913 1666 1006 nuncupari
1685 918 1793 992 frater
1812 916 1981 992 Domini.
2015 940 2060 1014 55

302 1007 468 1082 rabuntur
481 1005 608 1105 gmlsus
622 1006 696 1087 elus
713 1049 724 1072 ·
751 1003 846 1076 'P-Et
857 1001 998 1100 lingua·
1171 1003 1316 1098 Elloque
1332 1006 1486 1079 constans
1509 1006 1544 1078 in
1556 1007 1736 1088 Domino:
1767 1020 1802 1088 dt
1815 1024 1889 1104 eius
1906 1042 1980 1091 me·

354 1110 537 1199 Sequentia
564 1096 694 1199 epistole
720 1101 825 1174 Paul?
850 1097 988 1197 aposloli
1003 1099 1046 1168 ad
1063 1098 1119 1168 Ti·
1168 1106 1297 1176 reberis
1329 1104 1519 1197 computari
1549 1106 1701 1207 collegio
1723 1159 1734 1182 .
1761 1112 1812 1186 llli
1848 1116 1981 1207 etenim

303 1200 501 1272 matheum.
525 1196 608 1269 Deo
625 1196 775 1295 gratia:-
977 1202 1116 1289 Mapd·
1166 1198 1229 1273 soli
1249 1202 1386 1297 ingredi
1403 1201 1498 1275 licuit
1513 1202 1627 1276 santia
1644 1208 1837 1286 santlorum
1855 1218 1893 1286 &
1908 1236 1979 1289 me·

253 1322 271 1392 5
393 1298 604 1373 llarissime·
627 1298 709 1368 Hoc
723 1312 925 1392 preceptum
938 1315 1112 1365 commen·
1161 1297 1262 1369 rito·
1289 1304 1315 1368 ll
1321 1318 1333 1368 t
1349 1297 1406 1389 qui
1421 1323 1468 1370 ert
1497 1319 1601 1376 utero
1618 1310 1736 1379 matris
1760 1311 1977 1407 gestabatca,

415 1399 465 1470 do
480 1393 543 1469 tibi
560 1389 609 1465 fili
635 1392 817 1467 Timothee
831 1393 1015 1465 secuudum
1031 1413 1113 1483 pre·
1161 1394 1314 1465 slimonie
1331 1395 1538 1487 puritatem:
1568 1403 1813 1501 adipisceretur
1831 1410 1865 1493 in
1886 1411 1978 1497 ipgg.
2008 1416 2057 1484 50

301 1500 465 1565 cedentes
480 1492 517 1564 in
533 1510 571 1560 te
596 1493 825 1587 prophetias:
855 1509 894 1563 ut
922 1485 1047 1562 milites
1076 1487 1109 1558 in
1161 1492 1255 1563 riora
1285 1491 1405 1584 templi
1422 1518 1536 1569 veram
1553 1522 1571 1568 a
1588 1500 1741 1575 Domino
1758 1503 1976 1591 'clarina-m,

300 1584 511 1664 illiebonam
525 1582 1111 1666 miliciamanabenefidemubo-
1162 1589 1315 1681 Ideoque
1331 1589 1419 1660 hunc
1439 1592 1548 1688 digne
1573 1594 1708 1669 sustulit
1724 1601 1788 1672 hec
1811 1605 1918 1694 paffio
1931 1608 1974 1678 ad
2086 1648 2088 1652 ·

299 1705 377 1763 uam
394 1684 665 1762 conscientiam.
691 1691 803 1778 Qam
831 1686 968 1779 quidam
993 1679 1109 1776 repel-
1157 1687 1373 1781 paradisum:
1401 1691 1436 1757 δι
1470 1691 1601 1765 castitas
1617 1692 1785 1783 exaltavit
1804 1700 1906 1791 usque
1931 1691 1989 1789 ad'

226 1804 272 1875 ao
299 1777 412 1856 lenter
430 1815 440 1855 ι
461 1784 551 1857 circa
584 1784 687 1858 fidem
717 1787 1035 1880 naufragaverunt:
1062 1802 1106 1851 ex
1157 1782 1294 1859 celum.
1318 1787 1406 1856 Nam
1434 1787 1470 1856 &
1498 1787 1523 1858 si
1550 1790 1607 1882 qui
1636 1792 1755 1866 fimilia
1784 1795 1972 1879 ascendunt
2002 1861 2007 1869 .
2041 1838 2043 1842 ·

300 1881 427 1974 quibus
451 1883 499 1953 est
515 1880 692 1954 Himineur
716 1889 752 1958 ἃ
773 1882 997 1955 Alexander:
1021 1898 1109 1969 quos
1157 1880 1865 1966 certaminasiinlesiviriliterdimicando
1890 1919 1972 1990 per·
2004 1901 2052 1987 65
2136 1953 2139 1964 .

301 1977 429 2053 tradidi
455 1980 628 2054 Sathane:
653 2001 691 2052 ut
714 1983 841 2057 discant
868 2002 935 2054 nun
953 1973 1109 2070 blaspbe·
1158 1998 1342 2053 maneant:
1375 1979 1474 2075 parili
1489 2001 1703 2059 exornantur
1716 2012 1873 2065 corona.

212 2083 273 2150 tls.
299 2094 393 2149 mare
407 2076 590 2150 „Obsecro
605 2075 712 2176 igitur
725 2081 868 2176 primum
880 2074 1031 2150 omnium
1047 2074 1109 2143 fie·
1159 2087 1321 2172 rjuumen
1341 2124 1352 2146 .
1450 2079 1538 2150 Alia
1550 2087 1679 2163 oratio.

298 2172 330 2246 ri
360 2171 616 2248 obsecrationes
641 2201 652 2242 :
677 2179 875 2253 orationes:
905 2166 1109 2270 postulatio·
1161 2175 1272 2352 M
1291 2171 1367 2246 ulta
1380 2174 1518 2268 quidem
1531 2200 1630 2253 erant
1655 2178 1971 2282 replicandaquan-'
2048 2233 2052 2244 .

225 2298 268 2371 ,ις
300 2295 389 2344 nes:
411 2273 600 2370 gratiarum
627 2271 781 2349 actiones
809 2323 819 2345 .
849 2278 922 2350 Pro
950 2269 1111 2343 omnibus
1300 2289 1369 2343 tam
1401 2272 1524 2346 habeat
1568 2279 1764 2353 castimonia
1796 2288 1969 2382 gratiam:
2009 2298 2040 2329 '-

301 2369 525 2445 bominibur:
554 2396 623 2467 pto
654 2376 823 2469 regibus:
851 2374 886 2444 &
914 2391 981 2467 pro
1001 2367 1111 2441 omni·
1161 2373 1219 2439 led
1235 2371 1325 2463 quod
1343 2393 1386 2441 ex
1403 2370 1609 2447 conservato
1639 2378 1772 2471 pudore
1789 2383 1969 2458 confertur
2000 2410 2049 2482 70

297 2468 359 2539 bus
394 2468 513 2562 quiin
542 2468 749 2545 sublimitate
790 2472 901 2543 sunt:
935 2486 975 2540 ut
1013 2465 1108 2556 quie·
1159 2465 1456 2542 :Deoehumana
1470 2467 1587 2567 lingua
1602 2496 1670 2544 non
1686 2473 1782 2548 vulet
1800 2482 1961 2573 proferre

296 2582 367 2636 tam
383 2569 418 2640 ἃ
436 2564 652 2661 tranquillam
665 2571 772 2645 vitam
788 2589 948 2666 agamus:
977 2560 1010 2631 in
1034 2584 1107 2634 om·
1158 2562 1192 2633 in
1221 2566 1367 2636 medio.
1393 2567 1483 2635 Cum
1505 2574 1539 2642 dt
1572 2568 1792 2646 inestimabile
1814 2576 1855 2648 sit
1872 2581 1965 2674 quod

302 2661 338 2731 ni
354 2664 485 2756 pietate
501 2666 538 2736 &
565 2666 740 2739 castitate.
768 2671 846 2739 Hoc
870 2661 961 2736 enim
979 2656 1107 2733 bonum
1156 2660 1311 2754 speratur
1330 2690 1339 2730 :
1371 2663 1405 2732 &
1424 2660 1614 2760 gloriosum
1640 2674 1732 2762 quod
1747 2675 1960 2766 acquiritur.

228 2781 268 2855 to
301 2760 348 2830 esl
369 2764 404 2833 δι
432 2764 617 2856 'acceptum
639 2787 756 2836 coram
780 2762 963 2838 salvatore
990 2758 1106 2828 nostro
1157 2759 1233 2848 Qui
1244 2760 1333 2832 enim
1346 2782 1480 2832 carnem
1494 2783 1713 2860 mentemque
1723 2768 1812 2841 suam
1827 2775 1961 2867 gestat:

295 2856 405 2930 Deo.
433 2862 502 2953 Qu
520 2883 641 2936 omnes
655 2862 809 2936 homines
827 2858 899 2933 vult
913 2855 1024 2928 salvos
1042 2857 1106 2929 fie-
1156 2875 1194 2926 ut
1206 2857 1376 2932 lohannes
1390 2859 1425 2928 ἃ
1453 2860 1591 2932 lacobus
1609 2867 1789 2956 pudicam:
1808 2867 1962 2960 petieris
1995 2896 2043 2971 75

295 2954 447 3028 ri:&ad
462 2959 680 3054 agnitionem
695 2957 854 3032 veritatis
869 2954 1105 3028 venire-Do·
1155 2953 1283 3024 Christi
1309 2953 1452 3026 Domini
1489 2958 1555 3026 effe
1594 2962 1784 3034 merebitur
1813 2971 1963 3042 recuba,

295 3054 407 3125 minus
421 3056 510 3128 enim
524 3054 647 3127 Deus:
664 3081 747 3143 unus
762 3060 796 3128 &
813 3051 1048 3127 mediatorDei
1063 3051 1100 3120 δι
1148 3051 1224 3121 Nec
1238 3053 1326 3123 enim
1338 3051 1500 3146 quispiam
1516 3056 1549 3124 in
1566 3052 1712 3129 santium
1723 3058 1843 3154 pedus
1856 3085 1962 3156 pote-

296 3149 472 3226 hominum
487 3156 591 3225 homo
607 3153 890 3237 Christuslesus.
919 3149 989 3237 Qui
1003 3145 1098 3220 dedit
1149 3147 1198 3220 rit
1213 3151 1436 3221 recumbere:
1462 3150 1519 3242 qui
1537 3174 1605 3223 non
1622 3154 1716 3228 suum
1742 3160 1954 3236 domicilium

225 3265 262 3341 :5
294 3252 570 3344 redemptionem
588 3251 800 3346 semetipsum
830 3273 895 3344 pro
916 3246 1098 3320 omnibus:
1150 3245 1313 3319 mundum
1328 3247 1517 3318 certaverit
1531 3254 1698 3324 custodire
1714 3281 1722 3321 :
1741 3252 1884 3347 illosque
1902 3259 1959 3331 so·
2033 3294 2036 3298 ·

231 3380 235 3387 ·
295 3345 753 3442 testimoniumtemporibur
767 3351 850 3419 suis.
880 3347 912 3416 in
928 3367 996 3437 quo
1009 3342 1099 3436 post·
1150 3338 1221 3412 lum
1235 3362 1324 3435 puto
1338 3345 1432 3436 quod
1448 3347 1549 3442 digne
1566 3348 1725 3446 suscipiet
1741 3354 1894 3428 Christus
1920 3357 1955 3429 in
1992 3358 2041 3431 80

291 3458 347 3514 tua
358 3441 430 3518 sum
444 3469 516 3541 ego
533 3447 732 3536 predicator
745 3451 779 3518 dt
795 3439 966 3538 aposlolus
980 3444 1014 3511 &
1032 3463 1098 3512 ma.
1150 3442 1327 3533 requiem:
1350 3465 1437 3534 quos
1451 3464 1507 3514 aut
1526 3445 1597 3519 inte
1628 3451 1710 3521 ritas
1730 3454 1959 3528 mentiseom-

292 3541 398 3634 gisler
423 3589 434 3611 .
461 3543 651 3614 Veritatem
677 3543 788 3618 dico:
819 3567 891 3614 non
920 3537 1096 3612 mentior.
1149 3540 1315 3613 mendat:
1345 3558 1402 3611 aut
1416 3541 1582 3614 cruorise
1614 3549 1684 3618 ufio
1700 3549 1782 3630 julie
1801 3549 1954 3624 delibat.

292 3635 436 3711 Dono:
450 3641 602 3736 gentium
618 3640 650 3710 in
666 3642 783 3714 fide&
800 3641 951 3712 veritate
965 3685 975 3708 .
1133 3637 1251 3718 *Unde
1269 3661 1443 3732 precamur
1458 3656 1493 3709 te
1506 3643 1640 3714 Christe
1649 3645 1715 3714 Dei
1730 3644 1820 3720 filius
1833 3651 1867 3719 δι
1885 3647 1957 3721 Sal·

228 3753 262 3826 30
292 3745 342 3808 132.
361 3740 495 3807 umen.
596 3738 842 3835 Euangeliou.
1149 3755 1255 3806 vator
1269 3736 1404 3808 noster:
1436 3753 1472 3806 ut
1491 3740 1591 3821 hujus
1611 3740 1674 3812 viri
1702 3745 1775 3824 iusti
1795 3744 1956 3843 suffragio
2021 3778 2034 3800 ··

387 3835 436 3907 Na
451 3835 582 3906 dietum
596 3837 765 3908 Dominus
793 3837 907 3909 noller
923 3834 1015 3910 lesus
1030 3834 1096 3906 &o
1148 3832 1320 3905 ecclefiam
1347 3850 1439 3905 tuam
1470 3831 1592 3908 liberes
1618 3839 1659 3910 ab
1690 3842 1838 3912 adverfis
1862 3870 1871 3912 :
1896 3843 1955 3937 qui
1991 3843 2037 3935 85

404 3942 519 4034 Queat
534 3935 568 4002 in
580 3932 620 4020 fe
647 3934 792 4004 oSanlii
809 3936 981 4006 clementis
1003 3945 1097 4027 Pap:
1147 3949 1224 3999 eam
1250 3935 1323 4012 ejus
1340 3929 1497 4028 dignatus
1513 3958 1548 4004 es
1574 3935 1738 4029 ampliare
1760 3937 1950 4013 dodtinis.

281 4025 450 4111 fnum.
1196 4039 1246 4114 132·
1262 4034 1376 4100 Amen
1392 4076 1404 4097 .

339 4125 662 4215 LaudasAlleluja·
679 4128 969 4222 ib-Beatnshomo
988 4151 1091 4221 quem
1434 4124 1676 4211 Postaomina.

226 4243 256 4313 35
285 4242 323 4298 tu
336 4224 478 4296 erudisti
492 4225 643 4303 Domine
657 4255 666 4296 :
679 4231 714 4304 δι
729 4231 772 4300 de
787 4227 866 4327 lege
883 4249 940 4302 tua
955 4228 1097 4302 docuisti
1235 4221 1376 4300 Xultans
1397 4224 1493 4321 plebs
1522 4247 1581 4300 tua
1605 4229 1753 4304 Domine
1768 4232 1801 4303 in
1819 4231 1888 4306 hoc
1902 4233 1955 4306 fe·

288 4345 392 4396 eum·
415 4333 461 4394 P.
475 4322 650 4411 Alleluia.
1252 4325 1461 4403 llumlacobi
1474 4325 1616 4419 aposloli
1635 4331 1684 4401 tui
1703 4329 1873 4403 summere
1890 4334 1951 4404 fla·
1987 4357 2037 4421 90

580 4430 807 4516 Sacrificium.
1147 4431 1240 4524 girat
1265 4426 1446 4517 precibus.
1473 4444 1511 4494 ut
1525 4425 1608 4497 sicut
1635 4427 1723 4498 idem
1741 4428 1782 4500 ab
1795 4429 1950 4501 omnibu:
2060 4419 2065 4428 ’

327 4520 483 4598 Usticiam
498 4541 590 4599 tuam
608 4522 757 4603 Domine
786 4548 856 4600 non
874 4525 1038 4602 abscondi
1054 4526 1088 4598 in
1147 4521 1382 4623 cognominari
1416 4525 1608 4616 promeruit
1640 4529 1742 4608 justus
1769 4552 1778 4592 :
1811 4526 1857 4598 ita
1884 4549 1948 4599 nor

280 4526 322 4731 J
346 4623 457 4694 corde
474 4645 578 4695 meo:
605 4626 793 4697 veritatem
808 4641 899 4696 tuam
914 4631 947 4697 dt
962 4621 1085 4695 saluta·
1134 4643 1327 4694 mereamur
1343 4619 1377 4689 in
1393 4617 1511 4689 melius
1541 4623 1680 4693 mutatis
1711 4621 1861 4694 moribus
1891 4647 1947 4696 re-

221 4732 257 4804 4ο
285 4745 320 4792 re
335 4738 432 4791 tuum
458 4718 555 4792 dixi.
586 4741 656 4791 non
681 4718 790 4794 celavi
817 4722 1084 4796 misericordiam
1135 4739 1229 4791 mota
1259 4718 1448 4791 vanitate:
1480 4718 1514 4786 &
1543 4719 1607 4788 esse
1636 4724 1670 4789 dt
1697 4716 1861 4813 appellari
1878 4742 1948 4793 eam

282 4816 762 4892 tuam&veritatemtuam·
792 4812 1091 4915 Acongregatio'
1135 4815 1268 4902 justicie
1292 4812 1465 4886 cultores:
1491 4835 1591 4904 quam
1617 4815 1941 4888 misericordie-se·
1983 4841 2032 4909 95

280 4937 324 4984 ne
340 4913 448 4985 multa
465 4911 625 4998 alleluia.
653 4913 702 5005 i·
717 4917 753 4985 ln
770 4918 881 5012 capite
897 4917 975 4989 libri
1004 4914 1086 4985 scri·
1137 4913 1313 4987 datores.
1334 4911 1548 4982 Obtinentes
1576 4914 1663 5007 apud
1687 4934 1723 4986 te
1755 4916 1836 4984 dum
1857 4914 1949 4988 vivi·

279 5012 438 5106 ptumell
450 5012 495 5082 de
507 5034 560 5088 me
570 5030 608 5082 ut
624 5013 744 5086 faciam
755 5015 969 5089 voluntatem
985 5028 1087 5086 tuam:
1140 5032 1242 5082 mus:
1266 5012 1302 5081 &
1319 5007 1417 5082 nobis
1450 5007 1591 5101 pietatis
1618 5029 1675 5082 tue
1699 5007 1884 5086 solacium:
1911 5013 1948 5084 bt

279 5107 377 5203 Deus
405 5131 500 5201 meur
514 5108 612 5185 volui
625 5115 661 5185 &
676 5107 789 5206 legem
806 5132 897 5187 tuam
926 5113 957 5184 in
976 5109 1090 5184 medio
1139 5105 1309 5180 defunctis
1326 5104 1551 5177 beatitudinis
1585 5102 1721 5182 locum.
1745 5133 1813 5201 quo
1828 5111 1862 5178 δι
1892 5107 1950 5180 hic

214 5219 248 5295 45
280 5206 397 5284 cordis
411 5208 505 5280 mei:
529 5211 620 5282 bene
635 5205 793 5281 nunciavi
809 5210 970 5297 justiciam
987 5225 1083 5278 tuam
1135 5203 1365 5278 misericordia
1382 5220 1442 5274 tua
1468 5205 1501 5274 in
1516 5203 1613 5276 nobis
1642 5205 1770 5278 miserie
1795 5204 1949 5278 ostenda·
2010 5274 2027 5298 ‚,

212 5315 217 5325 ‘
278 5304 313 5378 in
326 5301 474 5378 Ecclesia
490 5330 639 5404 magna·
665 5306 1062 5405 P.Acongregatione.
1137 5321 1218 5376 tur:
1239 5304 1274 5373 &
1292 5299 1589 5399 porljuslificantir
1621 5303 1654 5374 in
1674 5305 1944 5376 nobisremune-
1987 5326 2056 5377 100

628 5399 747 5496 Missae.
1137 5401 1229 5474 ratio
1245 5399 1461 5473 declaretur.
1479 5405 1670 5495 rjuAmen.

357 5498 461 5573 utare
477 5499 596 5574 slerilis
609 5524 675 5596 que
693 5524 762 5574 non
780 5499 890 5598 paris:
906 5504 1015 5599 gaude
1035 5496 1087 5570 ni·
1378 5497 1440 5565 Ad
1449 5513 1563 5588 pacem
1591 5500 1730 5569 oratio.

370 5599 473 5671 mium
489 5603 581 5695 quod
596 5600 698 5673 habes
715 5599 902 5693 premium:
921 5623 990 5673 non
1011 5617 1086 5672 tan·
1143 5593 1306 5770 DEus
1322 5594 1377 5686 qui
1392 5593 1611 5664 beatissimum
1623 5592 1781 5676 iacobum
1800 5595 1824 5661 Α
1831 5591 1945 5685 posto-

214 5707 250 5780 5o
278 5713 348 5768 tum
367 5719 431 5791 per
458 5696 700 5797 integritatem
718 5699 864 5771 mentis:
891 5694 947 5767 sed
964 5700 998 5769 dt
1027 5716 1089 5789 per
1265 5689 1332 5779 lum
1353 5713 1447 5764 tuum
1462 5719 1480 5764 a
1496 5690 1662 5763 Phariseis
1674 5713 1718 5760 ex
1742 5686 1817 5762 alto
1834 5690 1946 5781 preci-

274 5791 484 5890 dignitatem
505 5791 634 5869 illibate
659 5796 795 5868 tarnis.
821 5795 984 5891 Magnum
1018 5790 1081 5865 tibi
1132 5792 1281 5885 pitatum
1309 5815 1319 5856 ε
1349 5787 1519 5863 valentem
1550 5787 1655 5859 efficis
1685 5794 1719 5858 dt
1747 5787 1943 5859 robuslum.
1984 5807 2052 5878 105

273 5889 438 5984 siquidem
466 5891 514 5964 est
538 5893 726 5990 premium:
756 5893 780 5966 si
809 5891 923 5964 servus
952 5887 1082 5985 pudici·
1131 5911 1210 5960 tum
1224 5890 1308 5960 fides
1322 5907 1381 5959 tua
1399 5885 1603 5959 interundas
1616 5884 1772 5958 evexerit
1790 5886 1942 5956 Petrum:

275 5986 355 6062 tiam
390 5991 574 6084 corporis:
601 5991 873 6086 magnificentius
895 5990 920 6060 si
943 5989 1082 6061 conser-
1132 5985 1224 6056 hunc
1240 6009 1285 6056 ex
1301 5985 1373 6058 alto
1389 5982 1539 6058 salvaret
1554 5980 1728 6078 elapsum·
1756 5983 1810 6053 Tu
1831 5977 1943 6055 eccle·

274 6107 335 6160 vta
367 6088 406 6162 dt
432 6087 574 6162 eorde.
595 6087 734 6166 latuere
766 6082 914 6187 gloriam
940 6084 1079 6172 Jacobi:
1130 6083 1424 6160 iiamtuaminter
1440 6077 1650 6252 progllosar
1669 6082 1941 6248 commotiosuum

284 6206 289 6214 ·
1568 6201 1587 6252 2
1863 6198 1945 6251 ecu-
