4450 7209
370 780 505 877 xxm
823 757 856 852 Ρ
915 759 958 850 R'
1005 767 1061 853 Ε
1122 762 1158 850 F
1217 763 1257 849 A
1316 764 1363 848 T
1421 763 1444 849 1
1504 763 1575 852 ο.

254 913 348 1009 ,144
375 926 451 984 nus
486 886 695 996 intulisse,
725 903 797 970 aut
825 877 1057 998 Elipando‚
1090 902 1136 965 ut
1156 907 1222 964 eos
1250 876 1519 994 depravaret,
1551 877 1795 998 persuasisse.
1830 885 1896 969 De
1925 894 1998 970 nu·

374 1044 492 1105 mero
519 1038 615 1098 vero
645 1025 925 1117 corruptorum
957 999 1150 1085 librorum
1181 997 1279 1111 quid
1312 998 1531 1085 tenendum
1561 1000 1640 1111 sat,
1674 1029 1754 1085 non
1784 999 1841 1085 est
1871 1030 1992 1117 expe·

378 1136 512 1223 ditum
543 1126 642 1216 certi
673 1121 897 1234 quidquam
924 1116 1118 1229 statuere,
1149 1118 1253 1203 mihi
1279 1117 1444 1229 quidem
1470 1119 1842 1235 exiguus-videtur.
1871 1126 2000 1230 Nam,

378 1254 481 1341 vivo
506 1239 736 1362 Elipando,
768 1238 810 1325 id
835 1267 963 1325 unum
993 1236 1226 1346 constabat,
1255 1265 1351 1321 eum
1378 1239 1578 1323 orationes
1613 1237 1803 1349 quasdam
1834 1266 1857 1322 e
1888 1240 2000 1324 libris

376 1369 596 1483 Liturgicis
614 1358 824 1450 Toletanis
850 1356 1023 1466 citasse,
1053 1384 1151 1469 quas
1182 1355 1256 1443 suae
1280 1355 1402 1442 causa
1430 1357 1565 1467 savcre
1596 1355 1883 1442 contendebat.
1907 1356 2005 1446 Eas·

113 1573 116 1577 ,
255 1532 269 1580 ,·
376 1487 475 1574 dem
495 1481 709 1590 omnino,
738 1505 837 1590 quas
867 1478 983 1565 Felix
1012 1474 1229 1562 laudabat.
1267 1482 1328 1564 At
1355 1476 1446 1560 libri
1476 1477 1535 1562 illi
1562 1494 1634 1560 nec
1671 1475 1872 1590 Episcopis
1908 1477 2005 1563 Gal·

262 1699 265 1706 ,
378 1604 550 1713 licanis,
580 1627 674 1689 cum
706 1599 747 1694 in
774 1593 977 1712 Synodis‚
1007 1593 1057 1679 de
1084 1594 1280 1683 erroribus
1310 1594 1484 1704 Felicis,
1514 1599 1555 1680 dt
1574 1595 1763 1711 Elipandi
1793 1620 2002 1708 agerent,

377 1753 455 1814 nec
497 1723 591 1807 viris
631 1716 781 1814 idoneis
827 1741 1006 1828 unquam
1038 1713 1199 1800 suerunt
1231 1713 1438 1823 exhibiti,
1479 1736 1525 1798 ut
1555 1714 1913 1821 examinarentur,
1945 1742 2001 1800 an

375 1843 559 1956 corrupti
592 1837 773 1942 suerint,
803 1863 854 1920 an
881 1836 985 1918 bona
1016 1829 1092 1917 lide
1122 1833 1270 1942 citati,
1300 1861 1353 1918 an
1385 1833 1514 1948 plures
1543 1831 1694 1941 essent,
1724 1837 1764 1919 ἃ
1792 1832 1861 1917 fibi
1892 1833 2001 1925 invi·

337 1983 340 1989 ·
379 1989 473 2049 cern
502 1948 824 2045 consentientes?
857 1952 974 2045 Nihil
1004 1952 1153 2038 horum
1187 1975 1311 2061 tum,
1340 1979 1434 2037 cum
1465 1952 1707 2068 oportebat,
1746 1949 1882 2036 astum
1913 1951 2001 2038 est.

379 2079 570 2196 Episcopi
596 2075 815 2181 Gallicani,
846 2070 896 2156 de
921 2069 1161 2184 extirpanda
1189 2069 1472 2187 adoptivorum
1503 2072 1661 2181 hatest,
1689 2068 1906 2156 dumtaxat
1932 2070 2007 2156 sol·

378 2200 508 2308 liciti,
541 2223 683 2313 parum
710 2213 922 2298 curarunt,
955 2188 1052 2302 quid
1084 2191 1126 2274 in
1152 2190 1263 2276 libris
1281 2188 1546 2275 Mozatabicis
1577 2191 1807 2303 legeretur,
1840 2217 1913 2273 nec
1946 2189 2006 2274 in·

382 2318 542 2430 quitete
576 2316 788 2400 voluerunt
817 2338 869 2397 an
895 2311 1044 2419 Felix,
1075 2313 1115 2396 8<
1147 2309 1365 2424 Elipandus
1397 2307 1512 2394 hosce
1541 2309 1661 2395 libros
1687 2310 1789 2394 bona
1822 2307 1926 2416 lide,
1954 2335 2009 2394 an

378 2435 626 2531 mendaciter
653 2431 866 2520 citassent.
898 2429 1102 2546 Quamvis
1127 2429 1282 2543 optime
1309 2453 1504 2514 noverant
1529 2457 1609 2513 non
1635 2426 1766 2512 deesse
1783 2428 2008 2542 Hispanos,

386 2556 460 2667 qui
489 2555 688 2670 negabant
706 2578 795 2662 ea,
827 2550 870 2634 in
899 2546 973 2631 suis
1000 2547 1108 2632 libris
1144 2547 1359 2661 Liturgicis
1388 2547 1499 2661 legi,
1540 2575 1629 2659 quae
1656 2544 1853 2635 Audores
1884 2547 2007 2631 haero

383 2673 459 2784 fis,
487 2700 532 2759 ut
563 2675 676 2759 mala
702 2669 824 2758 causa
852 2667 1218 2783 patrocinarentur,
1249 2695 1300 2752 cx
1331 2668 1377 2751 iis
1404 2668 1656 2752 citaverant.
1689 2667 2011 2776 Alscrebantque

382 2789 428 2876 in
460 2793 536 2878 illis
567 2794 654 2908 ipsis
686 2788 931 2875 orationibus
951 2830 970 2894 ,¹
996 2786 1038 2870 in
1067 2787 1211 2898 quibus
1237 2787 1386 2893 Felix,
1418 2790 1457 2870 8<
1481 2782 1698 2899 Elipandus
1726 2785 1886 2896 ajebant
1915 2780 2013 2872 ado·

373 2905 597 3026 ptionem,
628 2901 889 3037 &adoptivi
915 2899 1091 2991 bominis
1123 2905 1325 3014 inveniti,
1355 2902 1519 2991 Codices
1545 2903 1630 2988 suos
1658 2897 2008 3018 adsumptionem,

250 3030 350 3144 ‘145
378 3032 423 3117 A
442 3024 651 3143 adsumpti
672 3021 871 3134 bominis,
888 3020 1112 3107 orthodoxe
1140 3026 1267 3140 legere
1285 3017 1377 3137 (a).
1409 3019 1603 3110 Extinsla
1630 3045 1792 3128 autem,
1819 3050 1912 3107 cunt
1934 3021 2012 3124 suis

377 3143 650 3252 Aufiloribus,
667 3146 953 3261 adoptivorum
974 3143 1131 3249 harest,
1154 3145 1351 3260 Johanncs
1372 3149 1475 3257 Papa
1494 3140 1692 3248 decinam,
1710 3147 1909 3247 ann0918
1932 3133 2011 3255 (b),

270 3297 273 3302 ’
380 3274 425 3356 dt
446 3265 574 3354 rursus
593 3262 822 3355 Alexander
839 3270 903 3371 II,
936 3263 976 3345 in
1002 3261 1182 3347 Concilio
1201 3268 1426 3348 Mantuano
1445 3290 1549 3346 anno
1572 3267 1708 3371 1064,
1739 3263 1856 3347 libros
1878 3263 2013 3349 Licur-

209 3382 213 3395 ’
377 3388 527 3506 gicos,
559 3409 682 3496 atque
717 3382 986 3469 Mozatabum
1014 3384 1238 3494 Liturgiam
1270 3385 1539 3498 approbarunt
1568 3375 1646 3494 (c).
1674 3386 1742 3475 Dc
1773 3381 1882 3466 libris
1911 3406 2010 3465 vero

378 3507 464 3594 istis
504 3506 556 3589 ab
594 3500 824 3618 Elipando,
856 3501 1053 3585 &Felice
1086 3500 1286 3612 laudatis,
1326 3502 1426 3588 nihil
1467 3498 1550 3616 poll
1584 3496 1810 3586 Concilium
1839 3507 2010 3588 Franco·

379 3622 564 3712 surdense
603 3621 774 3737 amplius
806 3616 990 3704 auditum
1019 3617 1102 3701 esl.
1142 3626 1256 3736 Quos
1287 3620 1449 3733 proinde
1490 3621 1621 3705 minus
1653 3621 1801 3706 multos
1831 3617 2011 3705 extitisse

265 3800 307 3821 .,
382 3742 580 3854 conjicere
612 3741 740 3849 licet,
781 3739 953 3822 sienim
985 3761 1266 3852 corruptorum
1295 3739 1489 3823 Codicum
1530 3742 1660 3850 major
1699 3738 1830 3824 suisset
1859 3738 2011 3854 copia,

249 3857 251 3860 ⁴
365 3862 620 3972 stequenter
657 3857 855 3946 venissent
896 3857 937 3940 in
969 3884 1110 3940 manus
1144 3857 1538 3967 Ecclesiasticorum,
1575 3886 1715 3944 eorum
1748 3858 1895 3944 notitia
1925 3885 2010 3943 cer·

381 3982 498 4091 tior,
530 3985 570 4066 dt
602 3979 757 4065 mentio
797 3976 1044 4087 frequentior
1092 4002 1340 4062 recurreret.
1379 3978 1497 4064 Pauci
1528 3979 1664 4089 itaque
1696 3978 1890 4086 suerunt,
1928 3975 2008 4063 sot·

385 4099 488 4187 tasse
520 4098 630 4206 duo,
661 4120 732 4183 aut
764 4120 876 4201 tres,
908 4123 1007 4206 quos
1034 4095 1190 4207 periisse
1221 4098 1353 4209 potius
1378 4095 1622 4211 opinandum
1651 4097 1737 4204 esl,
1770 4125 1895 4209 quam
1922 4099 2014 4181 ceu·

275 4257 295 4276 ·
385 4217 565 4330 [ειπίιιιῐιΙ
587 4218 707 4303 libros
747 4213 950 4324 liturgicos
982 4215 1278 4321 Mozatabum,
1320 4239 1365 4298 ut
1392 4218 1514 4327 vulgo
1546 4213 1748 4324 jasi-atur,
1780 4244 1900 4329 opere
1932 4223 2009 4302 Ca·

283 4383 284 4386 κ
388 4336 634 4423 tholicorum
653 4331 942 4447 Episcopatum
974 4330 1088 4415 fuisse
1122 4332 1387 4442 emendatos,
1418 4336 1516 4444 quin
1548 4363 1717 4440 corum,
1746 4339 1815 4445 qui
1842 4332 2011 4420 Codices

304 4552 310 4563 ,
386 4456 556 4557 vitiatos
585 4449 882 4558 emendarunt,
922 4472 993 4533 aut
1025 4451 1247 4566 temporis,
1287 4480 1369 4563 quo
1399 4451 1628 4537 emendatio
1659 4450 1884 4562 sasiaest,
1931 4454 2012 4538 ulla

269 4610 291 4636 ··
385 4573 437 4665 ad
463 4573 633 4689 posteros
667 4567 812 4657 notitia
839 4570 1086 4682 pervenerit.
1118 4577 1256 4682 Atque
1286 4573 1369 4655 hac
1398 4571 1446 4656 ad
1472 4601 1518 4656 ea
1554 4572 1768 4679 diluenda,
1798 4600 1886 4684 qua
1917 4600 2010 4658 con·

386 4718 451 4781 tra
479 4691 639 4778 Missale
658 4688 924 4778 Mozarabum
956 4686 1232 4798 objiciuntur,
1262 4688 1401 4774 dixisse
1433 4691 1626 4777 sufficiat.
1658 4696 1777 4776 Nunc
1807 4690 1857 4775 de
1876 4692 2011 4788 Litut·

386 4814 453 4927 gia
473 4811 643 4896 Missalis
673 4808 791 4895 nostri
823 4804 1051 4923 agendum.
1083 4816 1189 4896 Eam
1221 4810 1632 4923 aGotho·Hispana,
1664 4811 1938 4917 aGallicana,
1970 4812 2011 4897 8<

384 4958 414 5019 a
442 4929 699 5019 Mozatabica
730 4925 837 5015 haud
866 4925 1063 5016 diversata
1092 4926 1171 5014 esse
1203 4926 1374 5044 superius
1401 4928 1598 5044 indicavi,
1632 4926 1751 5015 modo
1778 4929 1863 5040 ejus
1892 4927 2008 5040 origo

1901 5045 2014 5136 inda·

384 5256 539 5324 rumpere
549 5231 759 5324 potuerunt?
783 5230 960 5300 &sortasse
980 5233 1074 5300 Felix
1099 5233 1166 5298 mi·
1226 5233 1361 5309 citasse,
1386 5250 1498 5303 tamen
1513 5236 1623 5302 uoluit
1646 5239 1708 5300 hac
1730 5236 1771 5299 de
1794 5257 1827 5300 re
1850 5233 2011 5320 quaestio-

375 5349 452 5409 ¹aus
468 5340 580 5392 tutum
595 5324 728 5413 putavit
749 5321 812 5388 sue
825 5320 972 5388 Ecclesiae
982 5322 1165 5388 Codicibus
1225 5347 1299 5391 nem
1319 5323 1515 5398 instituere,
1538 5347 1595 5391 nec
1619 5324 1782 5407 inquirere
1803 5323 1946 5400 voluit,
1969 5342 2011 5392 aa

386 5435 506 5486 manus
529 5414 672 5490 inserte,
695 5426 754 5476 aut
776 5429 833 5476 eos
854 5410 1165 5487 mendacitate,
1226 5413 1340 5486 Felix,
1367 5419 1397 5481 dt
1411 5415 1616 5502 Elipandus,
1638 5413 1775 5488 anelii,
1797 5414 1940 5482 Codices
1953 5413 2007 5481 vi-

386 5530 428 5575 ne
440 5501 609 5597 prodobiis
620 5502 769 5569 Ecclesia
783 5499 1030 5565 Tarraconensis
1044 5501 1166 5574 libris,
1227 5503 1387 5568 tiaverint
1407 5547 1416 5564 .

386 5596 423 5662 in
451 5603 543 5677 cujus
569 5591 738 5683 provincia
757 5602 828 5660 erat
849 5587 1040 5676 Urgelitaua
1060 5635 1071 5666 ,
1095 5589 1166 5656 salsi
1270 5595 1330 5682 (b)
1354 5591 1454 5655 Catd.
1476 5594 1636 5658 Batonius
1664 5592 1782 5658 Annas.
1798 5615 1850 5672 70.
1878 5614 1941 5668 ro,
1966 5590 2012 5655 ad

354 5700 357 5705 '
387 5686 660 5760 vontinceretut.
1189 5713 1193 5720 ·
1225 5699 1299 5747 ann.
1310 5682 1501 5758 emptu&
1517 5681 1559 5745 de
1573 5681 1921 5772 AguirreConcdlisp·
1932 5683 2012 5765 T.3.

431 5771 489 5863 (a)
516 5771 612 5860 Apud
639 5770 816 5839 Alcuinum
844 5765 1002 5834 adversus
1022 5763 1165 5835 felicem
1225 5788 1301 5857 pag.
1317 5789 1389 5845 147.

385 5861 484 5945 lib.7.
501 5882 636 5948 operum
658 5862 803 5944 col.395.
817 5855 891 5922 libri
907 5856 1063 5923 Toletani
1076 5858 1164 5918 haud
1268 5862 1323 5948 (c)
1347 5858 1445 5924 Catd.
1456 5861 1574 5925 Baton.
1599 5861 1630 5926 in
1643 5859 1761 5926 Annas.
1781 5861 1908 5924 adann.
1922 5858 2006 5924 Che.

380 5951 496 6035 -ignoti
520 5965 613 6016 erant
627 5949 793 6024 Alcuino,
817 5947 874 6032 qui
891 5946 1026 6037 videtur
1048 5944 1167 6034 opina·
1217 5949 1368 6024 totu&
1393 5949 1433 6016 de
1448 5950 1585 6038 Aguitte
1609 5953 1711 6031 Cone·
1735 5948 1830 6040 Hisp.
1859 5952 1964 6019 Tom.
1977 5969 2014 6034 3⁹

383 6038 685 6137 reimpendatis,
706 6036 894 6114 &Felicem
915 6057 972 6107 eor
991 6055 1060 6107 uota
1080 6035 1167 6108 reete
1226 6056 1303 6130 pag.
1318 6057 1391 6123 ιη.
1963 6046 1967 6053 ·
