4450 7209
574 724 1606 810 JoHnNtttsEvnttossnts'r-E.
1896 742 1945 841 '47

283 825 479 928 ptnmLQui
493 848 583 901 nunc
594 827 735 927 ¹tibimet
749 823 868 922 spiritu
882 822 1028 909 jundus:
1044 825 1095 896 in·
1143 822 1282 900 calicem
1295 826 1435 898 ebibens
1447 829 1693 903 consummasti:
1703 849 1741 906 tn
1754 854 1819 906 nos
1833 833 1946 932 placa·
1983 854 2028 926 55

285 926 544 1009 tetsandomm
558 922 760 1020 angelorum
775 924 966 996 innumeras
982 918 1094 1017 legio·
1144 920 1231 997 biles
1246 923 1376 998 efficito
1388 923 1476 995 tibi:
1493 944 1532 997 ut
1548 946 1617 1002 tam
1631 928 1829 1007 oblationes
1845 954 1947 1026 quam

286 1047 350 1096 nes
366 1019 568 1118 splendifico
598 1018 829 1115 apostolorum
857 1020 890 1091 in
911 1019 1021 1091 choro
1035 1042 1091 1091 re·
1141 1015 1319 1092 oblatores
1345 1021 1392 1094 ita
1415 1019 1632 1114 respiciendo
1647 1025 1866 1099 sanctifices:
1892 1030 1946 1104 ri·

288 1117 452 1214 fulgens:
478 1138 515 1192 te
529 1119 640 1189 Deum
663 1141 740 1188 cunr
752 1115 926 1188 Cherubin
941 1135 979 1186 ac
994 1117 1092 1188 Sera·
1144 1116 1385 1208 vificandoque
1410 1118 1474 1186 tibi
1492 1118 1577 1212 ipse·
1594 1123 1811 1196 commendes
1835 1153 1845 1195 ε
1874 1149 1946 1219 quo

233 1240 255 1312 ς
287 1215 369 1312 phin
385 1214 456 1289 fine
469 1215 651 1289 cellatione
664 1210 844 1288 conlaudat
860 1210 993 1285 &dicit
1008 1255 1019 1278 ·
1138 1212 1326 1296 Iohannem
1341 1211 1531 1305 apostolum
1554 1233 1647 1290 tuum
1663 1216 1804 1293 dilectio
1818 1240 1876 1296 tua
1893 1223 1948 1295 fe·

288 1360 294 1367 -
339 1312 461 1384 choras
474 1356 487 1380 .
501 1306 681 1386 sanun.
699 1307 858 1385 sandius.
877 1305 1044 1382 sanetus.
1143 1311 1190 1379 eit
1204 1306 1440 1384 honorabilem
1455 1310 1547 1382 inter
1560 1313 1685 1388 fratres
1704 1361 1715 1384 ·
1979 1329 2027 1399 60

295 1456 299 1461 ·
341 1452 360 1477 ·.
393 1442 419 1475 ·.
1192 1417 1241 1501 βζ·
1258 1409 1392 1479 Amen·

295 1548 301 1559 ·
554 1504 631 1589 Poll
647 1509 806 1580 sannas.
1491 1530 1498 1539 ·

385 1602 449 1675 Ere
468 1599 722 1679 sandasevere
744 1604 845 1700 pius:
875 1622 957 1675 vere
981 1602 1093 1676 inesti·
1210 1611 1213 1616 ’
1306 1603 1559 1676 mactationem
1573 1609 1801 1682 Dominicam.

215 1725 256 1777 to
407 1699 578 1773 mobiliter
630 1699 773 1774 loriosus
785 1699 951 1771 Dominus
979 1702 1092 1774 noster
2146 1770 2151 1787 ,,

283 1793 378 1871 lesus
393 1796 550 1871 Christus
577 1725 667 1868 fidus
693 1813 793 1868 tuus.
816 1797 872 1891 qui
886 1796 1088 1890 profluenti·
1142 1793 1392 1963 Vldevide
1406 1798 1502 1870 Deus
1516 1800 1635 1892 quibus
1658 1803 1788 1899 gravati
1813 1799 1941 1879 delini:
1975 1808 2025 1898 65'

286 1891 347 1963 bus
373 1915 421 1964 ex
436 1911 562 1966 ventre
585 1892 651 1968 suo
670 1891 872 1965 fluminibus
895 1895 1091 1966 recumben·
1262 1894 1463 1968 obruimur:
1495 1895 1710 1989 qualiterque
1746 1900 1844 1973 nobis
1880 1897 1943 1992 ipii

285 1996 360 2059 tem,
376 1988 495 2062 infinn
509 1990 570 2061 suo
593 1985 755 2060 dilectum
772 1990 963 2066 iohannem
976 1990 1020 2059 lic
1042 1989 1090 2061 ir·
1137 1989 1298 2081 quotidie
1322 1993 1488 2067 efficimur
1510 1992 1605 2065 eausa
1640 1997 1764 2067 veneni
1790 1998 1825 2067 δι
1854 2017 1941 2089 pena

277 2081 444 2176 rigavit:
462 2086 514 2157 fic
533 2083 682 2157 docuit:
702 2085 747 2159 stc
775 2082 945 2180 replerier
963 2105 1001 2160 ut
1026 2109 1091 2163 cor
1140 2081 1319 2180 supplicii:
1343 2091 1422 2164 dum
1449 2110 1523 2160 eum
1539 2089 1743 2181 quotidiano
1756 2088 1864 2165 carnis
1878 2112 1940 2160 uo·
2062 2110 2069 2153 ³.

215 2203 255 2273 15
285 2176 388 2272 ipsius
405 2176 488 2253 illuc
512 2182 555 2252 ad
581 2178 801 2256 enarrandum
822 2181 1089 2276 incorruptibile
1140 2183 1202 2253 stre
1218 2206 1350 2256 veneno
1365 2181 1567 2281 polluimur:
1585 2188 1620 2258 &
1651 2188 1694 2257 de
1723 2186 1941 2283 reparatione
1996 2190 1998 2195 '

283 2275 488 2371 principium
518 2278 699 2352 ascendere
733 2277 875 2372 pollet:
908 2301 979 2371 quo
1006 2278 1092 2351 alius
1140 2275 1293 2353 melioris
1311 2283 1384 2355 vite
1402 2280 1498 2355 nullo
1511 2285 1614 2356 modo
1627 2281 1845 2380 cogitamus.
1871 2284 1939 2354 Sed
1972 2304 2021 2378 70

283 2392 354 2443 non
367 2369 476 2445 valuit
502 2395 709 2470 penetrare.
735 2374 802 2447 Hic
816 2397 898 2448 vera
917 2377 960 2444 de
980 2374 1090 2447 verbo
1137 2375 1216 2467 quia
1231 2394 1362 2453 certum
1373 2380 1419 2452 ert
1432 2381 1523 2474 quod
1534 2381 1601 2454 hoc
1619 2380 1733 2453 videas
1751 2409 1760 2450 :
1778 2380 1834 2472 qui
1851 2375 1943 2449 sem·

284 2467 432 2540 sentiens
465 2471 719 2566 predicamenta
763 2470 995 2566 oonscripsrt:
1033 2470 1090 2543 cui
1135 2494 1247 2564 peres
1259 2471 1430 2547 clemens:
1457 2482 1492 2550 bt
1519 2476 1598 2550 ideo
1621 2498 1682 2572 per
1696 2477 1941 2549 confessionem
2045 2548 2053 2559 ,,

283 2564 372 2641 idem
383 2565 683 2665 unigenitustilius
700 2569 997 2643 tuus:&matrem
1011 2590 1087 2642 mo·
1135 2590 1198 2641 nos
1226 2572 1268 2642 ad
1292 2590 1328 2643 te
1358 2572 1524 2646 redituros
1553 2573 1738 2668 expectas:
1763 2571 1940 2668 ideosug-

215 2685 255 2734 ao
284 2663 674 2739 rienscommendanit·
699 2663 858 2736 &rursus
875 2683 1086 2738 eummater·
1136 2664 1306 2758 gemmus.
1328 2686 1368 2741 ut
1394 2667 1551 2764 apostolo
1577 2688 1640 2742 tuo
1656 2669 1811 2746 iohanne
1828 2669 1937 2740 inter-

219 2810 226 2849 .;
282 2760 472 2835 bobonori
499 2759 705 2833 eonstmilem
720 2760 892 2832 reddidit:
917 2784 994 2835 curn
1014 2783 1088 2834 nno
1136 2762 1302 2836 cedente:
1323 2764 1556 2859 quiinvocato
1578 2768 1714 2838 nomine
1729 2785 1793 2839 tuo
1802 2761 1935 2837 lethale
1969 2784 2016 2862 75

282 2856 473 2951 eodemque
492 2880 659 2930 munere:
688 2860 874 2931 &matrem
890 2854 1085 3020 florificat:
1136 2856 1278 2932 ebibens
1293 2862 1408 2933 virus:
1432 2889 1500 2938 non
1515 2859 1624 2933 solum
1639 2862 1710 2956 ipse
1723 2863 1854 2936 evasit:
1879 2862 1937 2930 fed
2016 2850 2021 2861 ’

281 2951 532 3048 &discipulum
562 2944 656 3026 irlter
684 2955 806 3028 fratrea
824 2976 889 3026 exa
903 2971 980 3026 tat:
1007 2974 1089 3026 eum.
1135 2957 1239 3027 etiam
1255 2954 1715 3034 atiosexeodenertinuos
1739 2957 1863 3052 poculo
1873 2958 1932 3026 lu·

280 3068 423 3125 matrem
440 3048 550 3147 gloria
573 3051 727 3145 pariendi
740 3052 911 3124 honorat:
937 3056 972 3123 δι
988 3049 1082 3122 disci·
1136 3047 1304 3125 scitavit.
1336 3055 1468 3132 Procul
1490 3083 1508 3128 a
1535 3055 1632 3126 nobis
1652 3055 1775 3128 efficias
1793 3080 1803 3119 ε
1822 3059 1858 3126 δι
1886 3053 1937 3123 in·

218 3166 253 3240 ²5
283 3144 641 3240 pulumrecumbendi
664 3149 798 3220 bonore
826 3145 1022 3241 glorificat.
1050 3148 1087 3218 Ο
1135 3146 1303 3220 centivam
1315 3153 1422 3225 carnis
1433 3152 1544 3223 nostre
1557 3149 1758 3222 libidinem:
1786 3150 1930 3223 &virus

1150 3233 1159 3250 1

281 3266 378 3335 quam
405 3243 631 3316 felixventer
657 3245 713 3338 qui
735 3240 839 3318 talem
854 3243 975 3338 genuit
1000 3265 1089 3334 pro-
1135 3242 1355 3407 persualionis
1380 3247 1485 3320 noni:
1502 3243 1658 3336 antiqui.
1686 3249 1731 3317 Ut
1743 3247 1807 3317 fide
1823 3264 1857 3318 te
1872 3268 1935 3319 co·
1969 3246 2018 3315 80

282 3335 492 3433 lemaquam
505 3338 711 3414 honorabile
721 3359 838 3434 caput:
856 3337 1089 3429 quod&alias
1149 3358 1245 3411 entes
1275 3369 1284 3410 ε
1310 3345 1394 3417 sicut
1429 3346 1619 3421 iohannem
1644 3339 1833 3436 apostolum
1865 3365 1935 3413 non

279 3437 458 3511 recubavit
485 3439 521 3510 in
553 3436 696 3533 pedore
718 3486 730 3507 .
766 3433 927 3510 Gloriosa
950 3434 1088 3530 quidem
1135 3435 1250 3507 nocuit
1267 3438 1417 3514 oblatum
1434 3457 1603 3510 venenum
1618 3463 1628 3504 ε
1644 3438 1690 3511 ita
1709 3463 1770 3511 nos
1785 3463 1855 3512 non
1872 3461 1935 3511 no·

280 3533 388 3608 Maria
400 3557 467 3627 que
481 3537 601 3632 genuit
613 3534 809 3609 Christum·
829 3533 901 3605 Sed
913 3534 948 3603 &
962 3534 1092 3610 lohan·
1136 3550 1215 3604 ceat
1228 3530 1406 3609 latentium
1421 3534 1586 3609 vitiorum
1601 3532 1704 3623 ,uirus
1733 3533 1934 3606 occultum:

219 3654 254 3729 30
281 3652 337 3725 nes
361 3631 421 3725 qui
438 3632 592 3707 recubuit
608 3630 705 3726 supra
720 3629 912 3702 Christum.
932 3629 967 3698 0
980 3627 1087 3722 parile
1136 3625 1384 3720 proclamantes
1418 3649 1518 3727 atque
1543 3629 1591 3703 ita
1618 3631 1799 3705 dicenter.
1831 3634 1935 3706 Pater
1962 3659 1965 3663 ·

281 3727 447 3820 premium
464 3728 498 3799 in
514 3729 664 3819 utrisque
681 3725 914 3823 virginitatis:
941 3728 1030 3816 quod
1043 3728 1091 3798 fic
1138 3725 1318 3822 nosterqui
1331 3754 1366 3802 es
1380 3732 1446 3804 &o
1851 3739 1857 3754 '
1967 3727 2017 3820 85'

281 3830 541 3898 commendatur
562 3824 595 3895 in
609 3824 704 3898 exitu
723 3826 800 3898 finis
825 3842 901 3894 cum
924 3822 1090 3895 &Maria
1380 3826 1384 3834 ’
1439 3824 1651 3915 beneditio:
1861 3833 1865 3845 ·

282 3916 630 4017 nulloperstcutionis
646 3921 763 3994 mortis
776 3921 837 3992 sue
857 3918 1090 4013 coangustiata
1132 3972 1136 3981 -
1496 3967 1498 3972 .
1537 3946 1542 3953 ’
1778 3919 1799 3973 -’

287 4033 464 4095 tormento
479 4016 629 4092 letanter
639 4042 683 4092 ex
696 4020 757 4091 hac
775 4017 848 4089 vita
864 4014 1083 4107 subducitur:
1131 4061 1136 4068 -
1233 4017 1296 4091 lius
1323 4023 1488 4097 eternus:
1508 4016 1761 4116 qut'tonannem
1795 4016 1934 4114 apollo·

222 4132 254 4205 35
282 4112 496 4196 &lohannes
521 4114 612 4188 diem
646 4117 786 4189 receffus
807 4111 857 4184 sui
889 4133 987 4185 antea
1007 4122 1086 4208 pr'es
1130 4158 1135 4167 ·
1254 4113 1321 4188 lum
1332 4116 1423 4190 suum
1439 4144 1500 4213 pre
1514 4119 1639 4190 ceteris
1653 4112 1728 4208 plus
1745 4109 1865 4185 dilexit
1878 4113 1929 4189 di-

284 4209 390 4285 sciens
412 4213 516 4286 effodi
541 4210 613 4307 ipse
637 4213 696 4284 fibi
727 4208 880 4307 precepit
902 4207 1016 4283 locum
1034 4212 1085 4283 se·
1131 4207 1290 4302 scipulis:
1322 4214 1447 4288 efficiat
1468 4238 1532 4294 ‚vos
1546 4214 1603 4287 sue
1629 4210 1811 4307 participes
1823 4208 1931 4283 chari·
1962 4236 2012 4300 90

281 4306 426 4400 pulcri.
462 4309 499 4379 ln
539 4325 609 4401 quo
643 4307 838 4382 valedicens
879 4306 1040 4380 ‘fratribus
1072 4336 1086 4378 e
1130 4305 1241 4378 tatis·
1259 4323 1307 4403 132·
1319 4317 1457 4384 Amen.
1480 4312 1617 4404 Quique
1629 4331 1691 4404 per
1702 4331 1780 4383 eum
1795 4307 1933 4380 Drusia-

280 4402 347 4479 fine
361 4401 435 4479 ullo
447 4408 571 4499 mortis
597 4401 724 4480 dolore
738 4405 921 4501 ingressus:
950 4405 1084 4499 requie·
1129 4423 1208 4473 nam
1233 4402 1441 4482 suscitavita
1468 4410 1588 4484 somno
1614 4404 1760 4478 mortis:
1796 4404 1933 4476 suscitet

279 4498 341 4575 icit
355 4500 515 4593 usquead
534 4501 718 4576 adventum
733 4498 875 4574 Domini
903 4502 1081 4595 incorrup·
1131 4503 1438 4594 voratorporibus
1452 4507 1525 4579 vire
1549 4499 1711 4576 carnalis.
1737 4507 1929 4591 minen.

223 4613 358 4686 meua.
386 4599 470 4671 'fam
497 4619 677 4672 extraneus
701 4615 919 4672 :tormento
937 4597 1083 4670 mortis:
1131 4595 1179 4666 Ut
1195 4617 1271 4670 eum
1295 4598 1425 4693 semper
1451 4599 1624 4674 retineatis
1655 4597 1687 4664 in
1707 4594 1871 4687 pectore:
1896 4594 1931 4663 iu

281 4717 377 4787 quam
393 4692 522 4769 alienus
537 4696 787 4787 acorruptione
815 4692 932 4767 extitit
947 4692 1082 4764 carnis.
1128 4694 1223 4774 cuius
1235 4695 1305 4765 finu
1320 4693 1390 4790 ipse
1406 4695 1596 4788 promeruit
1621 4690 1779 4763 recubare
1792 4735 1802 4756 .
1817 4700 1866 4782 lja
1884 4692 1932 4759 A·
1960 4712 2009 4782 95

280 4790 368 4863 Hinc
383 4789 493 4887 igitur
510 4792 594 4885 quir
618 4790 829 4887 preciosaest
849 4788 1081 4883 inconspectu
1129 4807 1230 4858 men.
1264 4794 1332 4865 Per
1371 4790 1636 4865 misericordiam
1661 4784 1761 4877 ipfius
1776 4783 1843 4854 Dei
1870 4806 1932 4855 no-

282 4905 344 4961 tro
355 4885 510 4961 Domine
521 4892 618 4967 mors
632 4891 765 4962 borum
792 4885 981 4961 sanderum
999 4905 1085 4962 tuo·
1131 4881 1212 4953 liri:
1235 4886 1291 4977 qui
1313 4889 1361 4958 est
1380 4886 1576 4957 benedictn:
1601 4889 1638 4956 bt
1654 4879 1797 4954 vivit&
1816 4877 1928 4953 omnia

233 5028 238 5042 μ
279 5005 382 5056 rum:
402 5003 438 5056 te
447 4985 670 5080 deprecamur
681 5006 720 5056 ut
734 4978 1006 5056 hec-holocausta
1018 5006 1083 5055 no-
1129 4979 1267 5072 regitin
1282 4981 1390 5054 secula
1404 4982 1592 5056 seculorum
1610 5027 1621 5049 .
1648 4982 1837 5071 &Amen-

224 5091 254 5164 45
281 5076 702 5176 stnsuscipieminostris
729 5080 925 5152 criminibus
951 5079 1084 5175 veniam
1180 5077 1281 5147 Dicat
1297 5075 1416 5150 aresi.
1430 5082 1598 5153 Dominus
1611 5079 1650 5150 fit
1673 5075 1806 5173 semper
1820 5075 1936 5151 vobis·

280 5172 1086 5274 prienes.Quadmmrapostnlitutiut:
1129 5192 1231 5244 carm·
1261 5187 1311 5268 ξι.
1329 5175 1461 5251 Etcum
1478 5175 1693 5271 spiritutuo·
1832 5199 1835 5205 ·
1964 5192 2048 5243 100¹

260 5271 481 5370 incorrupto
510 5275 688 5368 sequamur
700 5298 745 5346 ex
769 5275 900 5347 corde:
927 5276 962 5344 dt
987 5292 1024 5344 tu
1034 5273 1083 5344 ad
1182 5268 1326 5370 Choras-
1347 5273 1695 5350 Gustatebrvidere.
1744 5312 1747 5319 ·
1809 5318 1812 5323 -

280 5392 339 5444 nos
367 5372 510 5447 veniens
539 5372 628 5466 apud
649 5370 711 5444 nos
745 5372 843 5444 facias
878 5369 1084 5447 mentionem
1642 5408 1647 5413 ·

280 5464 375 5542 Dens
390 5470 505 5546 noller
523 5493 563 5543 ac
578 5469 795 5567 Redemptor
812 5488 972 5541 eternus.
1045 5520 1048 5525 ·
1066 5468 1070 5477 '
1289 5463 1368 5550 Post
1379 5472 1632 5542 communionem
1645 5467 1787 5536 oratio.

227 5570 288 5639 50.
760 5566 761 5571 ’
1072 5587 1073 5591 ’
1651 5575 1655 5584 ’

229 5656 231 5660 ’
493 5662 711 5761 Pnstprr'die.
730 5671 872 5736 Oratio·
1069 5726 1075 5743 „
1225 5659 1346 5736 ¹Ratias
1367 5658 1429 5730 tibi
1449 5663 1584 5759 agimus
1599 5655 1867 5728 DomineDeua
1892 5655 1929 5726 dt
1962 5670 2029 5741 105

332 5810 335 5815 -
373 5760 486 5833 Htiiie
498 5760 588 5833 filius
605 5761 671 5830 Dei
684 5789 693 5829 :
708 5761 763 5854 qui
780 5757 933 5835 elevatus
954 5756 988 5830 in
1004 5778 1081 5831 cru·
1237 5779 1272 5829 te
1285 5758 1397 5828 Deum
1410 5755 1633 5829 benedicimus
1648 5752 1759 5822 dedic
1774 5751 1928 5822 in'diems

385 5881 425 5932 ce
451 5854 649 5951 discipulum
688 5859 788 5936 matri
824 5885 833 5926 s
870 5873 1079 5946 matremque
1127 5854 1184 5944 qui
1204 5877 1267 5929 nos
1280 5854 1315 5924 in
1339 5855 1401 5924 hac
1426 5854 1481 5923 die
1510 5853 1619 5925 sancte
1635 5846 1847 5923 solennitatis
1868 5863 1926 5917 tue

279 5950 444 6054 discipulo
472 5957 714 6033 commendans
745 5983 756 6025 :
785 5951 945 6050 paffiouis
964 5954 1078 6026 nostre
1126 5950 1316 6042 perducere
1340 5949 1498 6044 dignatus
1530 5969 1603 6026 es:
1642 5948 1693 6022 fac
1717 5966 1781 6020 nos
1802 5948 1929 6117 diqpruru

1837 6067 1849 6120 1
1897 6065 1933 6117 m
