4450 7209
573 760 1327 858 PRAEFATIO.
1630 796 1770 866 rrrrrr

141 889 406 1004 'antiquorum
436 885 698 996 testimonio,
731 886 974 973 innotescere
1005 889 1141 1002 potuit
1174 886 1408 974 recentioris
1444 886 1521 976 avi
1551 892 1765 1009 Scriptori·

145 1012 251 1121 buc,
282 1006 445 1099 sanatos
470 1007 731 1115 Leandrum,
763 1006 1028 1094 &Isidorum
1059 1007 1221 1096 Missalis
1256 1009 1587 1125 Gotho-Hispani
1620 1012 1775 1102 Audio·

146 1146 205 1216 res
232 1124 431 1216 extitisse?
463 1136 501 1219 8.
520 1127 689 1215 Isidorus
716 1127 756 1210 in
777 1127 876 1211 libro
902 1125 950 1212 de
977 1127 1072 1213 viris
1102 1127 1310 1214 illustribus
1328 1124 1413 1242 (a),
1440 1158 1465 1210 o
1495 1158 1560 1215 era
1586 1138 1764 1220 S.Lean·

145 1246 204 1334 dri
237 1248 445 1360 recenset,
477 1249 575 1362 quin
603 1243 653 1330 de
670 1246 816 1331 Missali
846 1246 1095 1331 mentionem
1123 1248 1276 1333 saciat.
1308 1254 1358 1333 ln
1376 1159 1668 1369 Eccsistasticir
1694 1248 1767 1366 Of·

137 1356 258 1486 ficiis
285 1398 366 1459 aon
387 1387 528 1485 parvo
558 1359 772 1454 laboravit
789 1358 964 1483 fludio,
1002 1360 1047 1453 in
1073 1387 1162 1454 toto
1195 1362 1302 1454 enim
1328 1361 1568 1480 Psalterio,
1603 1364 1765 1486 duplici

145 1481 358 1599 editione,
388 1483 594 1578 oraciones
613 1479 879 1600 conscripsit,
911 1479 958 1570 in
973 1475 1186 1601 Sacrificio
1211 1513 1368 1600 quoque
1398 1478 1611 1598 laudibus,
1639 1511 1763 1606 atque

142 1602 352 1722 psalmis,
383 1605 513 1697 multa
539 1600 652 1693 dulci
674 1597 777 1717 sono
808 1597 1061 1718 composuit.
1093 1604 1303 1692 Nimirum
1335 1609 1373 1691 S.
1391 1603 1573 1691 Leander
1599 1604 1765 1697 Oratio·

142 1718 238 1813 nale
256 1726 452 1930 ffripfit,
483 1723 590 1838 quod
620 1724 679 1808 bis
711 1720 868 1831 edidit,
899 1722 1048 1807 librum
1080 1752 1241 1836 quoque
1269 1712 1606 1837 Sacrificiorum,
1643 1728 1763 1815 Anti·

142 1845 254 1960 phon
304 1874 374 1931 um
400 1846 572 1953 scilicet,
603 1869 691 1956 qua
720 1843 987 1952 canebantur,
1018 1839 1117 1928 dum
1145 1842 1312 1958 populus
1338 1843 1559 1930 offerebat.
1591 1846 1764 1933 Librum

140 1960 361 2075 Medum,
393 1993 479 2077 qua
517 1960 622 2050 lesio
650 1961 872 2076 Evangelio
901 1960 1174 2072 canebantur,
1214 1966 1253 2049 8<
1286 1955 1541 2073 Psalmorum
1578 1965 1761 2078 librum,

85 2156 89 2185 ι
118 2108 283 2168 -eorum
311 2084 490 2194 scilicet,
521 2085 594 2195 qui
623 2083 663 2167 in
692 2081 812 2166 Missa
842 2083 1084 2167 canebantur
1101 2075 1199 2196 (b),
1230 2080 1482 2194 composuit.
1516 2087 1566 2169 In
1599 2085 1661 2169 his
1690 2115 1758 2171 au·

85 2208 87 2319 f
140 2203 387 2289 temnullus
414 2203 469 2288 est
495 2202 594 2288 liber
611 2201 808 2311 Missalis,
838 2227 960 2310 quem
989 2198 1167 2316 profesio
1198 2208 1236 2290 8.
1253 2199 1422 2285 Isidorus
1441 2229 1520 2287 non
1548 2205 1754 2290 omisisset.
1791 2208 1879 2322 πός’

138 2318 300 2410 Eodem
330 2346 569 2438 argumento
600 2320 809 2405 conficitur
838 2326 877 2409 8.
906 2319 1104 2406 Isidorum
1131 2317 1351 2408 Audiorem
1381 2349 1460 2405 non
1492 2322 1565 2407 esse
1594 2324 1757 2410 Milfalis

138 2440 499 2557 Gotho-Hispani,
526 2432 604 2526 'seu
642 2440 924 2526 Mozarabici.
972 2448 1157 2556 Operum
1196 2440 1280 2552 ejus
1321 2441 1548 2555 catalogum
1582 2455 1755 2530 “terruere

137 2566 173 2651 8.
191 2562 358 2661 Braulio
385 2559 746 2676 Caesaraugustanus
775 2560 990 2675 Episcopus
1018 2554 1109 2672 (c),
1143 2561 1213 2672 qui
1244 2566 1283 2648 8.
1301 2556 1451 2645 Isidoro
1482 2561 1594 2646 annis
1625 2563 1754 2651 ferme

134 2679 276 2769 decern
307 2679 495 2797 superstes
520 2681 656 2791 vixit,
683 2683 722 2765 8(
747 2685 786 2768 8.
796 2678 1048 2765 Hildesonsus
1066 2675 1130 2793 (d)
1159 2678 1374 2794 Episcopus
1392 2682 1645 2789 Toleranus,
1677 2683 1751 2794 qui

132 2802 290 2887 nullum
318 2800 403 2910 eius
433 2823 752 2887 commemorant
780 2799 925 2883 librum
955 2800 1202 2913 liturgicum,
1233 2823 1376 2912 prater
1404 2797 1499 2883 duos
1526 2800 1575 2885 de
1593 2803 1748 2889 Officiis

132 2917 435 3007 Ecclesiasticis.
463 2924 520 3010 Hi
548 2919 672 3034 igitur
696 2947 787 3004 cum
807 2919 962 3004 Missale
987 2948 1011 3002 a
1030 2924 1067 3028 8.
1080 2919 1230 3006 Isidoro
1247 2918 1513 3032 conscriptum
1533 2947 1614 3004 non
1634 2948 1754 3034 agno·

133 3040 305 3148 verint,
336 3038 605 3149 recentiores,
643 3040 712 3151 qui
749 3038 834 3154 post
868 3037 1125 3122 undecimum
1170 3037 1354 3122 saculum
1388 3039 1526 3121 vixere
1566 3036 1753 3122 audiendi

134 3185 213 3244 non
247 3158 372 3267 sunt,
414 3159 575 3272 quando
604 3159 716 3243 nobis
751 3157 983 3272 persuadere
1016 3182 1213 3243 conantur
1241 3155 1396 3242 Missale
1428 3158 1693 3243 Mozarabum
1726 3185 1752 3242 a

134 3274 279 3366 sinuo
306 3274 482 3364 Dodlore
511 3279 777 3392 compositum
814 3277 951 3362 fuisse.
992 3283 1154 3363 Horum
1187 3306 1209 3358 e
1250 3274 1388 3389 primis
1419 3274 1497 3360 suit
1530 3277 1747 3363 Guitmun·
1783 3278 1871 3364 266

132 3392 199 3481 dus
217 3396 445 3483 Aversanus
466 3397 697 3514 Episcopus,
729 3396 857 3508 quiin
884 3425 1028 3511 opere,
1055 3394 1163 3506 quod
1192 3418 1331 3480 contra
1351 3397 1634 3508 Berengarium
1663 3395 1751 3482 scri·

133 3515 222 3630 psit,
242 3510 304 3630 (e)
322 3517 479 3602 Missale
496 3518 765 3604 Mozarabum
783 3517 931 3622 citans,
960 3513 1054 3601 illud
1073 3512 1272 3602 S.ls1doro
1296 3513 1504 3598 attribuit.
1529 3519 1752 3602 Guitmun·

85 3664 88 3677 ·
135 3633 201 3719 dus
229 3656 371 3721 autem
397 3664 501 3721 anno
526 3634 768 3751 oslogesrmo
785 3635 899 3750 supra
917 3635 1173 3720 millefimum
1202 3631 1334 3720 obiisse
1356 3632 1554 3720 traditur.
1584 3643 1644 3722 At
1664 3637 1747 3723 haec
1782 3644 1864 3751 267

134 3742 266 3869 opinio
299 3752 461 3840 videtur
489 3756 530 3841 in
556 3757 750 3871 Hispania
776 3756 912 3840 laculo
939 3752 1150 3840 undecimo
1179 3776 1295 3861 nata,
1327 3757 1366 3839 8<
1400 3754 1441 3837 in
1463 3753 1633 3841 vicinam
1654 3758 1746 3844 Gal·

134 3870 263 3982 bam,
296 3878 335 3960 &
361 3876 486 3960 etiam
515 3876 555 3961 in
575 3877 772 3981 Italiam,
800 3876 850 3958 ab
877 3875 923 3959 iis
950 3898 1192 3990 propagata,
1224 3872 1295 3984 qui
1321 3873 1420 3956 ritus
1440 3878 1747 3988 Mozarabicos,

131 4013 268 4077 contra
287 3997 615 4110 Impugnatores,
646 3992 884 4101 austoritate
914 3999 953 4082 S.
969 3993 1124 4101 Isidori,
1158 3992 1260 4076 tueri
1290 3990 1530 4107 satagebant.
1562 3996 1747 4110 Litutgia

128 4111 234 4195 enim
254 4104 615 4229 &she-Hispana,
647 4144 728 4226 qua
747 4114 983 4199 Mozarabes
1003 4113 1248 4218 utebantur,
1280 4141 1373 4195 cum
1391 4112 1494 4226 apud
1515 4118 1748 4201 Romanum

128 4229 367 4340 Pontificem
391 4236 569 4318 accusata
594 4234 748 4342 suisset,
778 4231 951 4346 *Hispani
970 4234 1012 4316 in
1031 4231 1194 4316 Italiam
1217 4230 1429 4345 Episcopos
1450 4232 1604 4343 aliquot
1632 4235 1745 4319 mise·

126 4374 243 4458 tunt,
271 4352 342 4462 qui
367 4351 523 4437 causam
542 4354 695 4439 rituum
716 4353 1066 4438 Mozarabicorum
1090 4373 1253 4465 agerent
1271 4379 1285 4460 3
1316 4379 1534 4463 eorumque
1553 4382 1740 4442 normam

126 4467 376 4557 consecrandi
396 4472 690 4559 Eucharistiam
722 4473 947 4586 legitimam
977 4470 1051 4554 else
1077 4469 1424 4556 demonstrarent.
1456 4471 1492 4556 Ii
1523 4464 1627 4556 anno
1654 4476 1742 4560 mil·

123 4586 260 4672 lesrmo
292 4587 564 4704 sexagesimo,
594 4594 636 4676 in
654 4592 832 4678 Concilio
859 4598 1117 4698 Mantuano,
1149 4618 1285 4674 coram
1311 4589 1541 4675 Alexandro
1561 4599 1621 4676 ΙΙ.
1640 4600 1741 4679 Pon·

125 4706 266 4817 tilice,
306 4708 577 4825 &Episcopis
616 4710 893 4826 congregatis,
934 4710 1051 4794 libros
1082 4708 1167 4794 suos
1208 4708 1409 4821 liturgicon
1450 4711 1736 4797 examinandos

120 4827 375 4936 exhibuere,
413 4855 658 4940 omnemque
688 4828 844 4913 causam
877 4831 934 4913 ita
966 4853 1164 4942 egerunt,
1196 4851 1242 4910 ut
1273 4854 1297 4910 a
1326 4826 1548 4935 Pontifice,
1582 4835 1621 4916 8<
1655 4833 1739 4916 uni·

118 4946 235 5033 verso
260 4946 442 5032 Concilio
473 4946 656 5062 Litutgia
685 4949 939 5033 Mozarabica
970 4948 1189 5061 approbata
1221 4944 1341 5029 suerit
1368 4941 1472 5059 (f).
1506 4948 1664 5035 Exinde
1692 4954 1738 5038 in

120 5068 247 5154 ltalia
279 5093 439 5181 quoque
471 5068 706 5181 compositio
735 5068 899 5155 Missalis
927 5067 1175 5156 Mozarabici
1205 5069 1244 5155 8.
1263 5062 1413 5150 Isidoro
1445 5066 1566 5153 tribui
1596 5093 1734 5186 coepta

830 5205 834 5212 ’
929 5214 931 5219 ’
1133 5191 1161 5274 k
1654 5191 1740 5278 est.

162 5346 228 5433 (a)
252 5344 393 5428 eaput.
959 5344 1025 5405 hac
1039 5342 1323 5430 habetinquodam
1334 5346 1458 5429 Mlffali
1471 5344 1609 5431 Hispano
1624 5389 1634 5418 ,
1651 5351 1734 5433 quad

158 5436 225 5524 (b)
247 5432 301 5495 De
312 5433 471 5516 Sacrificio
482 5431 547 5497 five
559 5431 747 5524 Offrctort‘ir
758 5430 798 5494 de
810 5435 899 5496 Lau·
931 5430 935 5437 ’
959 5448 985 5495 n
998 5451 1010 5494 r
1021 5446 1043 5494 c
1056 5447 1078 5494 u
1091 5449 1150 5495 ur
1174 5433 1296 5520 lilloffe
1309 5437 1454 5498 Sentium
1471 5435 1638 5518 Istinium,
1665 5455 1736 5515 qua

115 5526 235 5595 libret,
259 5523 290 5587 dt
315 5522 357 5585 de
371 5521 507 5608 Pjitlruit
528 5523 597 5607 egit
624 5521 813 5586 &Isidorus
839 5520 897 5582 oss.
958 5520 1055 5583 verba
1073 5520 1158 5582 dieta
1179 5519 1313 5604 quidem
1332 5519 1405 5586 sunt
1428 5522 1468 5585 de
1485 5522 1603 5583 Missali
1621 5523 1737 5586 Moza-

113 5608 172 5678 ιι.
186 5630 279 5683 c.r4.
300 5613 394 5693 tp&
411 5632 441 5691 5.
958 5608 1091 5683 rabico,
1116 5631 1179 5673 non
1200 5625 1309 5672 tamen
1331 5612 1544 5673 asseveranter
1559 5609 1737 5684 dicuntur,

154 5704 214 5794 (c)
238 5684 277 5764 lri
301 5699 414 5785 elogio
437 5699 593 5785 operibus
616 5705 655 5767 8.
673 5699 790 5765 Isidori
816 5714 898 5784 pra·
958 5694 1013 5760 sed
1038 5712 1192 5782 tanquam
1217 5699 1354 5783 opinio,
1378 5697 1474 5761 nullo
1489 5713 1579 5762 certo
1604 5699 1735 5764 auctore

112 5794 230 5859 millo.
958 5782 1117 5868 vulgata.
1144 5788 1347 5851 reseruntur.

153 5884 216 5973 (d)
238 5880 292 5952 De
307 5877 601 5944 Viris-illustribus
623 5898 729 5966 cap.9.
1002 5879 1071 5962 (f)
1096 5874 1425 5961 Brronius.Annal.
1445 5875 1488 5937 ad
1511 5883 1666 5951 an.ro64.
1691 5877 1732 5943 dc

156 5974 213 6065 (e)
238 5967 473 6032 Guitmundus
496 5965 554 6030 lib.
567 5991 598 6051 3.
625 5975 661 6033 le
683 5971 826 6053 carioris
851 5969 896 6052 (φ
958 5965 1097 6052 Aguirre
1110 5967 1212 6032 Cone.
1227 5960 1321 6054 Hisp.
1334 5967 1433 6048 To.3.
1446 5984 1463 6028 a
1478 5984 1633 6055 pag-174·

108 6058 275 6157 [anguinis
299 6059 417 6147 Cbrlssa‘
441 6059 586 6127 acritate
611 6060 646 6126 in
669 6058 896 6151 eucharistia.
