4450 7209
453 697 509 774 94
758 785 764 791 ι
922 684 1655 769 DOMIN1CAPRIMA
1829 782 1835 789 1

459 784 577 860 iud&
587 780 771 884 profiscitur
777 790 818 884 se
840 795 1009 891 adpetens
1023 792 1147 867 altaris
1155 790 1261 887 fletis
1310 789 1489 867 misterium
1507 796 1687 872 nostrume
1709 788 1768 863 sed
1798 783 1835 860 in·
1848 782 2107 865 omnibusexhi·
2133 815 2166 891 55

452 880 598 983 genibus
613 894 659 963 ti*
670 892 762 963 dicat
774 892 958 988 harpa-eres
971 892 1232 989 quesequuntur
1248 938 1260 961 .
1308 891 1450 971 0000000
1465 890 1693 994 nosmetipsos
1705 890 1791 971 ficut
1806 885 1875 959 Dei
1896 886 2064 961 ministros
2077 887 2106 959 iu

458 982 710 1079 indulgentiam
723 989 928 1086 postulamus
944 1038 956 1063 .
971 990 1106 1069 Christe
1119 990 1257 1066 exaudi.
1309 989 1421 1069 multa
1446 992 1642 1091 patientia.
1675 988 1713 1064 In
1740 983 2018 1071 tribulationibus
2041 1032 2051 1059 .
2073 984 2107 1061 ln

459 1081 600 1161 Plaeare
619 1086 656 1164 &
672 1088 858 1167 miserere.
889 1088 938 1189 00.
952 1088 1029 1173 iesu
1045 1090 1259 1188 unigenito
1308 1092 1595 1165 necessitatibus.
1619 1090 1658 1161 Iu
1673 1082 1836 1185 angustiis
1850 1135 1862 1155 .
1877 1084 1917 1156 In
1933 1080 2107 1159 laboribus.

397 1187 427 1265 Ι
459 1183 528 1263 Dei
541 1181 647 1281 patrie
662 1184 775 1265 filiuss
800 1189 858 1283 qui
872 1214 909 1263 es
924 1186 1082 1267 immense
1096 1188 1264 1267 bonitatis
1312 1188 1353 1259 In
1365 1188 1499 1289 plagis.
1529 1191 1569 1262 in
1583 1188 1803 1265 carceribus.
1830 1182 2107 1258 Inseditionibut.

456 1281 656 1365 Dominus.
682 1296 727 1357 P.
743 1284 908 1368 Placare.
940 1284 989 1378 rb·
1004 1286 1131 1363 Cuncti
1147 1308 1185 1361 te
1198 1312 1262 1385 ge-
1312 1288 1354 1364 Iu
1378 1287 1534 1387 vigiliis.
1558 1290 1600 1362 Iu
1626 1286 1792 1376 jeiuniis.
1816 1283 1855 1355 Iu
1873 1284 2052 1355 castitate.
2073 1281 2107 1355 In
2129 1284 2165 1355 60

457 1380 597 1459 mitibus
628 1406 816 1463 exorantes
847 1387 1040 1487 poscimuse
1081 1385 1263 1481 condique
1312 1385 1482 1463 scientia.
1507 1390 1548 1461 ln
1563 1384 1852 1487 longanimitate.
1876 1383 1916 1455 ln
1932 1380 2107 1455 suavitate.

417 1500 420 1507 ·
453 1480 553 1561 simul
570 1482 797 1578 deprecantes
812 1486 1018 1581 quesumus.
1038 1497 1085 1559 P.
1099 1481 1264 1565 Placare.
1312 1486 1353 1561 In
1368 1486 1499 1582 Spiritu
1512 1488 1664 1564 Sancto.
1689 1485 1728 1556 ln
1743 1482 1912 1562 charitate
1928 1504 1998 1553 non
2010 1476 2107 1555 fibla.

285 1646 295 1663 ,
455 1580 507 1674 qi.
516 1582 591 1656 Tua
603 1584 674 1667 iam
690 1583 873 1663 clementia
886 1584 971 1662 mala
983 1586 1091 1659 nostra
1109 1584 1262 1685 superet:
1312 1586 1355 1662 Iu
1383 1586 1495 1660 verbo
1508 1585 1697 1663 veritatis.
1721 1584 1764 1659 ln
1778 1580 1910 1658 virtute
1923 1580 2021 1653 Dei.
2045 1578 2105 1651 Per

372 1686 428 1757 310
454 1698 522 1773 tuo
536 1678 744 1768 iamseteuo
760 1682 862 1765 vulto
883 1686 918 1767 in
944 1708 1009 1765 nos
1027 1684 1191 1783 respice.
1216 1695 1264 1759 P.
1311 1708 1405 1763 arma
1424 1685 1554 1771 iusticie
1582 1681 1773 1759 adextriss
1804 1677 2018 1757 &unitus-
2045 1679 2107 1751 Per

455 1782 625 1861 Placere·
649 1780 700 1877 pl.
715 1786 875 1859 Remove
897 1782 1071 1882 propicius
1086 1802 1179 1859 tuam
1194 1783 1262 1857 ira·
1312 1781 1461 1883 gloriam
1480 1782 1811 1884 &ignobilitatem
1842 1780 1911 1855 Per
1936 1775 2103 1853 infamiam
2130 1775 2161 1870 65

453 1877 613 1955 cundiam
630 1904 640 1957 t
668 1884 713 1955 da
736 1884 886 1977 peccatis
916 1886 1045 1959 finem:
1071 1884 1115 1961 da
1132 1878 1261 1959 laboris
1310 1886 1346 1958 81
1365 1881 1489 1959 bonam
1505 1884 1655 1959 samam.
1678 1884 1729 1957 Ut
1742 1874 1941 1951 seduslores
1968 1878 2005 1949 80
2019 1898 2108 1947 vera·

454 1976 629 2077 requiem.
657 1990 704 2054 P.
716 1976 880 2063 Placare.
913 1978 960 2075 pb.
977 1980 1263 2077 Tranquilitatem
1310 2004 1392 2062 ces.
1411 1981 1509 2053 Sicut
1524 1982 1584 2076 qui
1601 1977 1742 2079 ignotis
1769 1977 1804 2047 ht
1820 1972 1982 2074 cogniti.
2008 1973 2104 2065 Qali

455 2097 673 2176 temporum:
705 2102 818 2153 rerum
846 2076 1087 2159 abundantiam
1116 2105 1128 2154 0
1166 2080 1260 2176 pacis
1309 2076 1523 2153 morientes:
1552 2082 1588 2151 &
1605 2100 1686 2158 ecce
1703 2073 1884 2153 vivimus.
1913 2079 1963 2147 Ut
1975 2073 2108 2167 castiga·

378 2184 398 2243 u
405 2182 424 2261 5
456 2178 610 2274 quietem
621 2176 637 2249 ε’
663 2180 699 2253 dt
715 2174 828 2257 salutis
843 2178 1006 2272 copiam.
1033 2188 1078 2255 P.
1095 2174 1260 2257 Placare.
1309 2176 1363 2252 ti:
1389 2180 1511 2261 &non
1524 2172 1867 2267 mortificati-Quasi
1880 2173 1993 2249 tristes
2006 2198 2017 2238 a
2032 2170 2108 2241 sem·

454 2274 503 2377 qb.
531 2270 626 2349 Illius
653 2274 834 2357 Pontificis
868 2276 1015 2375 porrige
1046 2275 1258 2373 presidiumr
1308 2293 1499 2377 perantem
1516 2264 2106 2370 gaudentes.Sicutegeotes=mul·
2130 2297 2162 2373 70

453 2392 557 2469 atque
573 2370 740 2453 universo
754 2369 960 2471 supplicanti
974 2370 1121 2471 populo.
1135 2370 1261 2447 mela.
1308 2390 1364 2449 tos
1389 2392 1503 2455 autem
1518 2369 1800 2467 locupletantes.
1825 2369 2004 2464 Tanquam
2030 2364 2104 2477 nihil

454 2496 558 2549 care.
587 2463 634 2566 qi.
652 2467 900 2557 Remisstouem
924 2470 1076 2547 omnium
1093 2490 1259 2565 peccato·
1308 2471 1501 2545 habentese
1517 2471 1553 2543 80
1567 2470 1683 2546 omnia
1697 2468 1934 2561 poshdeutes.
1954 2468 1997 2541 lo
2012 2466 2107 2553 Clut-

455 2594 531 2645 rum
547 2572 748 2663 quesumus:
777 2568 915 2669 indulge
930 2568 1079 2653 clemens
1096 2576 1259 2663 malaque
1309 2569 1361 2654 sto
1373 2570 1451 2647 iesu
1465 2567 1620 2659 Domino
1632 2568 1778 2652 nolito,

380 2679 429 2737 ²0
456 2667 707 2745 commisimus.
737 2668 1050 2749 mutassemus
1080 2668 1173 2739 dicut
1198 2676 1259 2742 Se«

454 2772 567 2841 certos
578 2775 767 2845 orationem
774 2764 933 2861 fitbnrifflt
945 2788 1051 2844 uoce.
1361 2770 1557 2862 lit-Amen.
2130 2787 2160 2868 ῃ

545 2865 654 2943 Xaudi
682 2863 877 2947 orationem
907 2865 1054 2947 nostram
1083 2862 1259 2942 Domines

560 2964 772 3063 gemitusque
787 2966 918 3039 nostros
945 2963 1081 3037 auribus
1095 2962 1260 3059 percipet
1360 2962 1472 3035 metio
1484 2962 1603 3057 stubi
1623 2961 1796 3063 cumgclii
1810 2963 1997 3055 secuudum
2013 2965 2106 3053 Jour-

456 3086 519 3137 nos
535 3066 628 3138 enim
654 3063 852 3157 iniquitates
878 3064 1006 3141 noslras
1023 3061 1261 3161 agnoscimuss
1311 3082 1411 3148 nenr.
1982 3064 2107 3153 castis:

380 3176 426 3255 25
459 3167 495 3238 &
523 3163 648 3243 delicta
676 3167 787 3239 notra
808 3186 924 3243 coram
942 3157 1171 3257 rependimus
1195 3158 1259 3246 tibi
1890 3210 1898 3215 .

457 3264 554 3337 Deus
572 3263 787 3359 peccavimus
803 3258 957 3355 :tibique
971 3260 1185 3343 confitentes
1199 3280 1262 3330 ves
1373 3257 1438 3332 Llo
1454 3256 1688 3357 intempore.
1707 3261 1879 3339 Dominus
1896 3258 2098 3338 nollerielus
2127 3256 2161 3337 io

457 3362 549 3435 niam
578 3356 816 3455 exposcimus.
843 3357 887 3432 Et
916 3356 996 3449 quia
1027 3357 1260 3437 receffimusa
1383 3358 1537 3432 Christus
1565 3356 1887 3455 reliquitiudeamt
1920 3364 1957 3434 &
1985 3358 2106 3451 abiitiu
2175 3423 2176 3432 ,

459 3458 626 3535 mandatis
642 3456 735 3535 tuiss
760 3452 886 3549 &legi
912 3470 970 3527 tue
985 3454 1125 3532 minime
1141 3454 1260 3550 parui.
1310 3451 1502 3529 Galileam.
1524 3458 1731 3553 Oportebat
1746 3480 1864 3553 autem
1886 3482 1965 3532 eum
1978 3457 2106 3533 transire

459 3580 560 3631 mus.
588 3556 816 3628 Convertere
840 3550 991 3633 Domine
1023 3553 1124 3649 super
1138 3552 1261 3627 servos
1309 3576 1375 3647 per
1397 3556 1605 3629 Samariam.
1638 3560 1748 3645 Venit
1763 3584 1854 3655 ergo
1889 3560 1926 3629 in
1940 3558 2107 3632 civitatem

382 3667 432 3747 30
459 3670 538 3727 tuos
554 3670 642 3747 quos
658 3650 829 3729 redemisti
846 3648 1008 3745 sanguine
1027 3668 1091 3727 tuo
1107 3696 1119 3719 .
1148 3648 1262 3743 indul·
1309 3654 1472 3727 Samaries
1488 3679 1555 3751 que
1570 3655 1700 3733 dicitur
1715 3659 1835 3731 sichar
1849 3664 1949 3742 iuxta
1964 3654 2107 3753 predium

460 3774 507 3849 ge
520 3748 698 3848 quesumus
713 3749 812 3832 nobis
828 3772 838 3815 s
852 3750 890 3823 &
902 3746 1051 3841 peccatis
1065 3749 1187 3823 nolitis
1201 3774 1263 3823 ve·
1309 3753 1404 3844 quod
1420 3754 1516 3843 dedit
1540 3750 1648 3833 Jacob
1669 3752 1800 3851 Joseph
1829 3755 1906 3831 filio
1922 3754 1984 3829 suo
2002 3804 2013 3826 .
2037 3750 2107 3828 Erat
2129 3755 2161 3848 85

459 3850 549 3924 niam
574 3846 714 3923 tribuet
742 3868 871 3943 tueque
899 3843 1041 3959 pietatis
1067 3847 1262 3922 misericor.
1311 3868 1425 3937 autem
1441 3853 1489 3924 ibi
1505 3852 1937 3955 fonslacob.sesusergo
1953 3855 2108 3952 fatigatus
2174 3841 2175 3880 l

460 3949 551 4025 diam
570 3948 603 4020 in
619 3944 716 4021 nobis
731 3943 855 4047 largire
873 3946 1017 4041 dignare
1033 3992 1044 4017 .
1060 3960 1108 4039 βε.
1126 3949 1263 4021 Amen.
1310 3972 1364 4023 ex·
1373 3949 1497 4039 itinere
1509 3951 1706 4043 sedebatfic
1718 3953 1820 4049 super
1838 3971 2005 4048 puteuma
2031 3956 2109 4024 hora

459 4045 809 4129 Permisericordiam
835 4063 927 4117 tuam
944 4042 1041 4115 Deus
1068 4044 1183 4119 noster
1202 4048 1262 4139 qui
1310 4068 1388 4125 erat
1414 4050 1504 4144 quasi
1517 4050 1641 4126 sexta.
1671 4053 1777 4125 Venit
1795 4051 1918 4127 mulier
1942 4053 1986 4124 de
2002 4058 2109 4129 Sama·
2173 4059 2174 4140 l

382 4153 428 4235 35
460 4167 496 4215 es
513 4142 712 4217 benedictus
725 4146 760 4215 &
773 4142 863 4217 vivis
877 4144 914 4213 &
928 4140 1145 4236 omniaregis
1160 4141 1193 4214 in
1209 4142 1261 4216 se·
1311 4144 1363 4219 ria
1379 4148 1514 4239 haurire¹
1528 4172 1649 4239 aquam
1667 4197 1677 4220 .
1694 4149 1792 4223 Dicit
1811 4148 1845 4219 ei
1857 4149 1951 4227 iesus
1969 4200 1979 4223 .
1994 4145 2112 4223 Dami-

460 4239 536 4313 cula
565 4236 782 4313 seculorum.
822 4241 997 4334 030.Αοοη
1021 4286 1031 4308 .
1056 4242 1119 4310 Hic
1148 4240 1262 4331 eleuet
1313 4240 1351 4315 hi
1378 4244 1522 4335 bibere.
1550 4245 1717 4344 Discipuli
1734 4258 1847 4319 autem
1863 4254 1939 4333 eius
1959 4248 2109 4326 abierunt
2128 4273 2164 4343 po

462 4338 619 4413 sacerdos
633 4341 678 4417 ei·
693 4338 811 4416 dicut.
833 4332 1012 4414 Silentium
1026 4336 1156 4421 facite.
1316 4339 1570 4421 iacuissem:
1592 4365 1632 4418 ut
1656 4347 1753 4421 cibos
1763 4364 1948 4419 emerent.
1974 4345 2068 4421 Dicit
2081 4342 2111 4413 ci

1315 4440 1438 4520 mulier
1461 4439 1763 4519 illaSamaritana.
1790 4446 1985 4541 Quomodo
2012 4464 2049 4516 tu
2059 4442 2110 4525 Ju·
2172 4471 2173 4492 ¹

908 4621 918 4635 ,
1315 4539 2111 4644 deuscumsrsebibereameposciszquesum

382 4652 433 4733 qo
514 4624 846 4742 Sequentiatepislole
863 4626 970 4715 Pauli
997 4635 1041 4715 ud
1057 4635 1266 4723 corinthios}
1315 4637 1438 4714 mulier
1453 4639 1682 4715 Samaritana·
1713 4644 1799 4715 Non
1824 4644 1914 4715 enim
1927 4660 2108 4716 coutuntur

463 4748 513 4827 st.
527 4734 609 4809 Deo
623 4746 781 4829 gratias.
1110 4741 1155 4815 il·
1171 4739 1265 4823 Cast.
1312 4737 1413 4813 iudei
1439 4736 1689 4821 samaritanis?
1714 4738 1910 4836 Respondit
1933 4738 2057 4834 ἰ100000
2079 4738 2108 4805 bt
2128 4749 2173 4831 99³

938 4836 941 4843 '
1317 4836 1405 4920 dixit
1418 4836 1479 4909 ei.
1503 4838 1539 4911 Si
1555 4837 1657 4913 scires
1671 4838 1797 4913 donum
1812 4838 1905 4911 Dei:
1927 4833 2107 4931 &quises

547 4928 694 5000 Rutres.
721 4927 792 5005 Pro
823 4926 959 5003 Christo
976 4924 1156 5027 legatione
1188 4932 1265 5006 fun.
1313 4935 1371 5027 qui
1386 4934 1472 5011 dicit
1487 4935 1549 5015 tibi
1565 4963 1574 5005 0
1592 4940 1636 5011 da
1650 4934 1732 5011 mihi
1749 4936 1893 5009 bibere=
1918 4954 1958 5031 tu
1975 4937 2109 5010 forsitan

564 5024 678 5121 gimur
722 5044 882 5117 tanquam
909 5027 989 5104 Deo
1018 5030 1264 5107 exhortante)
1312 5033 1451 5138 petiffes
1475 5034 1516 5108 ab
1530 5057 1599 5108 eos
1627 5037 1663 5107 du
1687 5034 1830 5111 dedisset
1842 5035 1907 5128 tibi
1920 5036 2042 5132 aquam
2057 5029 2117 5111 vi‘.

385 5133 433 5211 45
466 5146 530 5216 per
554 5145 643 5194 nos.
671 5121 920 5200 Obsecramuss
950 5148 1014 5219 pro
1039 5128 1177 5202 Chrisio
1205 5153 1263 5201 rc.
1313 5154 1414 5212 vam.
1438 5128 1536 5207 Dicit
1546 5133 1581 5205 ei
1597 5129 1746 5208 mulier.
1775 5133 1930 5218 Domim
1956 5127 2104 5228 nequeiu
2169 5157 2170 5172 ¹

466 5218 695 5296 conciliamini
711 5218 792 5299 Deo
807 5266 817 5288 ·
846 5221 934 5297 Cum
951 5222 1007 5315 qui
1031 5248 1099 5302 000
1119 5248 1262 5311 noverat
1311 5250 1383 5321 quo
1396 5229 1527 5302 haurias
1540 5232 1644 5304 habes
1657 5258 1667 5300 0
1682 5234 1857 5332 &puteus
1872 5232 1964 5324 altus
1978 5235 2036 5305 eth.
2049 5248 2103 5297 uu·
2128 5244 2171 5301 tut

465 5334 644 5416 peccatum
662 5345 672 5387 c
703 5340 768 5413 pro
786 5316 886 5391 uobis
899 5338 1075 5413 peccatum
1089 5324 1196 5404 fecit:
1224 5346 1262 5413 ut
1312 5326 1356 5403 de
1372 5348 1462 5424 ergo
1476 5327 1579 5401 habes
1595 5352 1716 5423 aquam
1730 5330 1870 5422 vivam·
1891 5330 2057 5424 Nunquid
2070 5344 2107 5397 tu

337 5435 436 5493 um.
467 5442 530 5491 nos
546 5415 755 5491 efficeremur
770 5414 899 5500 iusticia
913 5415 982 5487 Dei
1006 5417 1156 5514 inipso.
1187 5426 1262 5496 Ad.
1312 5428 1427 5509 major
1451 5447 1487 5496 es
1517 5445 1614 5523 patre
1642 5430 1761 5508 nostro
1779 5431 1885 5509 Jacob
1904 5454 1916 5501 t
1942 5430 2002 5524 qui
2018 5422 2107 5497 dedit
2125 5470 2137 5485 .

465 5522 623 5604 iuvantes
638 5534 753 5588 autem
771 5514 1053 5599 exhortamurrne
1067 5516 1100 5590 in
1118 5542 1260 5605 vacuum
1312 5522 1412 5595 nobis
1439 5542 1580 5617 puteum
1593 5526 1707 5600 hunc:
1735 5526 1770 5597 80
1787 5526 1859 5623 ipse
1881 5550 1928 5601 ex
1945 5552 1991 5601 eo
2004 5523 2107 5599 bibita

387 5634 435 5709 50
467 5612 610 5712 gratiam
622 5612 690 5687 Dei
708 5610 893 5709 recipiatis.
908 5618 968 5688 Ait
981 5614 1069 5695 enim
1086 5616 1261 5713 .Tempo·
1311 5618 1421 5699 &filii
1438 5624 1512 5709 eius
1540 5625 1576 5696 80
1588 5646 1717 5725 pecora
1730 5629 1828 5709 eius.
1854 5624 2107 5723 Respondisse·
2168 5625 2170 5714 l

464 5736 504 5787 re
527 5730 671 5805 accepto
687 5712 847 5789 exaudivi
866 5733 927 5790 tes
953 5714 988 5785 dl
1014 5713 1047 5785 iu
1072 5716 1130 5791 die
1143 5716 1259 5792 salutis
1310 5720 1592 5797 sus=&dixitei.
1610 5722 1732 5804 Omnis
1748 5723 1806 5816 qui
1820 5722 1947 5797 biberit
1961 5746 2006 5797 es
2020 5743 2102 5812 aqua
2134 5739 2169 5814 101

465 5810 585 5895 adjuvi
600 5828 654 5881 te.
679 5810 766 5881 Ecce
780 5834 870 5887 nunc
886 5830 1018 5906 tempus
1033 5814 1261 5909 acceptabiles
1309 5819 1400 5891 hac:
1428 5819 1521 5897 sitiet
1533 5819 1675 5903 iterum.
1701 5822 1771 5912 Qi
1793 5842 1906 5904 autem
1920 5823 2051 5901 biberit,
2069 5838 2111 5893 eu
2167 5869 2168 5900 2

463 5931 545 5981 ecce
560 5931 647 5980 nunc
659 5908 731 5979 dies
747 5906 859 5987 salutis
877 5956 888 5979 .
910 5912 1047 5983 Nemini
1074 5914 1193 5985 dantes
1209 5911 1262 5988 ul·
1310 5940 1397 6011 aqua
1422 5940 1521 6011 quam
1549 5936 1622 6016 ego
1635 5919 1724 5995 daho
1739 5920 1795 5993 ei:
1822 5945 1891 5995 non
1906 5922 2001 5996 sitiet
2031 5921 2111 5992 ine·

461 5999 532 6081 lam
545 6004 794 6087 offensionem:
826 6026 950 6087 utnon
967 6010 1186 6109 vituperetur
1198 6014 1262 6093 mi·
1309 6035 1472 6093 ternum.
1494 6020 1567 6097 Sed
1575 6042 1660 6115 aqua
1677 6042 1776 6117 quam
1792 6045 1862 6121 ego
1874 6022 1968 6099 daho
1981 6022 2036 6098 eia
2051 6016 2125 6128 fiet·

2081 6132 2122 6189 lh
