4450 7209
453 688 506 783 ps
927 680 1350 767 DOMINIC'A
1397 680 1650 765 PRIMA

374 822 380 833 ·
462 792 680 886 precantibus
695 788 895 867 efficaciams
920 789 977 882 qui
1007 790 1042 861 in
1065 788 1099 861 se
1113 788 1277 884 suscepit¹
1728 874 1733 881 ¹
1833 868 1847 875 η
2125 798 2156 885 55

459 890 693 969 infirmitatem
708 891 880 964 noliram·
909 887 1094 960 Attribuet
1116 886 1264 983 postula·
1511 876 1757 966 Postumius·
1785 875 1931 955 ordio.

462 989 553 1063 tioni
566 987 724 1065 effectum
740 987 797 1080 qui
814 982 910 1057 lassus
925 983 1012 1059 sedit
1036 988 1077 1061 ad
1091 1006 1259 1080 puteum.

460 1088 667 1180 Componct
681 1085 778 1158 nobis
793 1085 827 1157 in
845 1081 1004 1159 oratione
1018 1108 1180 1183 precem:
1201 1084 1260 1178 qui
1408 1082 1521 1157 Hriste
1547 1077 1638 1155 filius
1653 1077 1722 1151 Dei
1736 1073 1835 1151 vivia
1859 1077 1956 1159 cuius
1980 1072 2104 1147 virtute

400 1192 429 1275 35
462 1186 672 1260 samaritane
688 1181 822 1257 mulieri
838 1178 1020 1279 inspiravit
1033 1202 1073 1258 ut
1084 1184 1260 1257 crederet·
1425 1180 1550 1257 mulier
1568 1177 1631 1252 'illa
1648 1173 1859 1253 Samaritana
1873 1172 2101 1267 prenoscere,

459 1281 569 1353 Dabit
598 1284 634 1353 in
651 1296 771 1355 eterna
786 1279 998 1354 beatitudine
1023 1279 1190 1377 premium
1205 1303 1270 1360 ac·,
1311 1281 1464 1357 meruita
1492 1285 1587 1369 cuius
1603 1280 1704 1353 sidem
1718 1274 1811 1348 cauo
1824 1272 1930 1347 corde
1942 1268 2102 1365 concepit
2124 1278 2156 1353 st

457 1376 615 1477 quifitisa
640 1378 701 1471 qui
718 1380 876 1453 misertus
891 1380 940 1454 est
952 1402 1054 1478 quam
1069 1376 1184 1477 voluit
1198 1404 1262 1479 pa·
1312 1379 1473 1475 cuiusque
1488 1399 1616 1458 nomeu
1632 1375 1748 1452 abiens
1782 1368 2010 1445 intinitatem
2023 1368 2105 1442 cele·

457 1474 602 1559 titurls.
631 1490 680 1575 bt·
693 1482 833 1558 Amen·
947 1560 950 1578 .
1088 1472 1092 1478 ’
1313 1479 1377 1552 bre
1392 1478 1581 1554 nunciavit·
1594 1477 1650 1550 Da
1664 1472 1766 1549 nobis
1782 1467 2105 1545 uteaveritateno·

593 1570 600 1579 ’
1313 1600 1395 1652 meu
1412 1580 1559 1653 nollrum
1574 1571 1702 1649 eternis
1717 1569 1901 1644 ascribetur
1915 1576 1950 1639 ln
1965 1567 2103 1663 paginisa

378 1686 431 1751 30
1313 1699 1383 1771 que
1399 1677 1551 1751 veritate
1564 1694 1694 1753 nomen
1709 1668 1822 1767 glorie
1837 1683 1897 1745 tue
1910 1666 1958 1739 ob
1970 1664 2102 1740 miracu·

377 1794 381 1801 '
743 1772 833 1849 Alta
847 1774 979 1851 unctio.
1309 1773 1382 1855 lum
1407 1774 1548 1850 deitatis
1563 1767 1772 1848 ammirabile
1787 1761 1913 1841 fidum
1935 1764 2102 1839 estsina-
2126 1765 2157 1861 65

1308 1874 1362 1948 rie
1390 1873 1426 1945 in
1441 1871 1600 1970 populis·
1626 1868 1740 1946 Pressa
1763 1864 1872 1939 etiam
1888 1858 2003 1936 sansle
2021 1863 2104 1935 Deru
2123 1904 2129 1917 ·

512 1970 576 2047 Esu
599 1972 819 2071 Redemptor
834 1974 950 2047 noster
973 1970 1009 2044 dt
1026 1961 1180 2046 Domine
1200 1968 1258 2066 qui
1308 1990 1347 2047 ut
1363 1994 1483 2047 omnes
1511 1972 1569 2065 qui
1585 1961 1680 2043 fideli
1695 1962 1894 2037 intentione
1911 1963 2106 2035 fatemur&

527 2072 569 2144 ad
597 2070 795 2145 salvandum
809 2094 915 2168 genus
929 2073 1112 2146 humanum
1127 2096 1138 2139 ι
1164 2070 1260 2142 sexta
1308 2070 1479 2148 credimus
1493 2092 1622 2145 nornen
1638 2086 1698 2140 tue
1713 2062 1914 2137 faustissime
1929 2059 2105 2135 trinitatiss

379 2176 429 2253 '15
460 2187 558 2242 etate
570 2167 674 2241 seculi
688 2168 832 2241 venillis
859 2170 900 2244 ab
917 2169 1017 2256 huius
1030 2167 1260 2244 extremitatis
1309 2192 1480 2265 nunquam
1503 2169 1632 2242 eternis
1655 2161 1891 2258 mancipemur
1913 2154 2102 2252 suppliciis.
2178 2235 2179 2242 ἵ

460 2267 576 2341 nolite
593 2266 776 2361 profundo
789 2266 1071 2361 conservantque
1086 2266 1260 2342 sanciisica
1310 2270 1450 2363 Qique
1476 2268 1511 2341 in
1539 2265 1659 2338 eadem
1675 2284 1780 2355 quam
1807 2285 1827 2331 a
1848 2278 1884 2331 te
1897 2256 2102 2352 percepimus
2126 2286 2179 2363 u:

458 2360 634 2439 ecclesiam
646 2367 782 2441 tuamin
793 2365 929 2440 unitate
944 2365 1262 2460 sanflefideirquam
1310 2371 1381 2443 side
1397 2364 1513 2441 vocati
1532 2364 1637 2436 sunta
1662 2358 1763 2433 nullis
1789 2358 2002 2430 flammarum
2028 2357 2103 2426 adu·
2178 2371 2179 2446 ι

458 2458 549 2539 οΙίιιι
565 2462 782 2539 atencbrosa
795 2464 1038 2560 profunditate
1058 2488 1183 2539 eruens
1198 2489 1263 2560 pu·
1308 2466 1472 2543 itionibus
1486 2462 1708 2538 crucientur.
1732 2458 1802 2531 Sed
1816 2457 1970 2532 concede
1986 2453 2055 2525 eisc
2071 2472 2106 2527 ut
2178 2461 2179 2534 l

462 2560 538 2634 teir
563 2560 628 2633 tibi
652 2560 743 2635 illam
759 2561 919 2659 copulare
951 2586 1015 2659 per
1032 2564 1183 2661 gratiam
1194 2587 1260 2637 vo·
1308 2567 1394 2640 sicut
1409 2567 1444 2636 in
1459 2566 1522 2636 hac
1534 2564 1610 2636 vita
1623 2557 1813 2633 inconcusse
1829 2555 1951 2627 ilatum
1974 2577 2055 2629 vere
2066 2554 2104 2626 li·
2178 2555 2179 2638 l

380 2668 434 2730 'to
461 2654 560 2734 luilli·
569 2661 624 2734 Da
635 2660 765 2737 cundlii
779 2663 812 2733 in
826 2686 866 2737 ea
879 2660 1107 2735 manentibus:
1122 2681 1160 2734 ut
1175 2661 1263 2735 sicut
1309 2665 1365 2737 dei
1377 2680 1562 2737 tenuerunt
1583 2691 1593 2729 ι
1613 2658 1660 2733 ita
1675 2652 1765 2729 illius
1780 2655 1856 2727 vite
1871 2650 2004 2749 gaudiis
2018 2672 2099 2727 ettt-
2178 2667 2179 2722 i

382 2794 388 2805 ·
460 2758 505 2834 ad
530 2774 567 2830 te
585 2759 654 2833 tide
672 2778 869 2835 venerunta
899 2759 949 2834 ita
978 2778 1107 2835 eterno
1134 2757 1262 2835 solacio
1305 2756 1739 2858 'nominerepoiiantun
1770 2755 1976 2848 IJsAmeu.
2127 2773 2160 2855 75

459 2856 661 2959 potiantur·
685 2862 854 2954 Utperte
869 2859 1126 2935 introducamur
1149 2858 1193 2931 ad
1205 2882 1262 2931 re·
2178 2871 2179 2938 ι

461 2976 570 3057 gnum
599 2974 722 3030 eterne
735 2958 834 3030 vites
862 2981 927 3053 per
949 2982 1050 3054 quem
1071 2957 1261 3054 accepimus
1514 2959 1578 3031 Ad
1598 2972 1740 3053 pacem.
1763 2952 1905 3028 oratio.

462 3050 1262 3132 fideiinluminationem·Tribuenobisficieii·
2178 3067 2179 3084 ¹

360 3166 432 3245 ¹‘25
464 3156 554 3231 tibus
581 3156 694 3229 eterni
712 3154 822 3230 fontis
853 3154 902 3229 ita
922 3154 1038 3229 bibere
1051 3176 1198 3250 potuma
1224 3172 1264 3229 ut
1380 3154 1663 3237 Alvatormundi
1688 3154 1834 3230 verbum
1848 3146 2103 3223 Patriseternii

381 3302 390 3319 .
463 3276 634 3347 nunquam
649 3253 798 3327 sitiamus
821 3252 1050 3327 inerernum·
1077 3248 1266 3350 Expellea
1395 3257 1454 3354 qui
1467 3258 1545 3354 poll
1557 3274 1736 3350 acceptam
1747 3253 1853 3326 fidem
1867 3245 2104 3321 mulierisaro·
2127 3245 2179 3322 80*

350 3394 353 3413 ·
464 3352 623 3425 cordibus
636 3350 759 3424 nostris
777 3372 913 3423 omnem
927 3352 1198 3446 profunditatem
1211 3368 1266 3424 te·
1290 3411 1294 3418 .
1315 3381 1418 3455 gatus
1445 3354 1695 3428 aSamaritanis
1720 3352 1859 3425 biduum
1883 3339 2048 3442 apudeiis
2065 3348 2107 3417 sa-

463 3450 648 3527 nebrosam
664 3472 845 3523 errorum:
862 3452 1045 3542 nequando
1059 3450 1197 3544 operiat
1209 3449 1265 3522 su·
1315 3456 1388 3527 cisi
1420 3471 1457 3523 ut
1483 3452 1517 3524 in
1533 3449 1673 3527 illorum
1692 3453 1840 3524 duorum
1857 3446 1971 3541 ligura
1985 3446 2107 3518 dierum
2178 3483 2179 3522 ι

462 3570 530 3647 per
558 3570 623 3621 nos
649 3568 774 3641 puteus
799 3545 974 3619 ossuum.
1001 3550 1050 3619 Te
1083 3566 1119 3618 te
1132 3547 1266 3621 Clirisle
1317 3549 1460 3646 mystice
1477 3551 1779 3628 commendaretur
1796 3551 1943 3619 duorum
1960 3562 2108 3622 numerus
2178 3587 2179 3608 ι

384 3654 436 3735 30
465 3645 677 3723 inveniamus
691 3646 732 3717 ad
747 3660 890 3741 puteum
905 3640 1116 3719 relevantem
1129 3646 1187 3739 qui
1200 3670 1266 3719 no-
1316 3668 1592 3749 preceptoruma
1617 3646 1793 3720 charitatis
1815 3639 1983 3718 videlicet
1998 3643 2063 3713 Dei
2075 3660 2110 3712 ac
2178 3693 2179 3704 ,

390 3806 397 3825 .
464 3747 536 3820 siro
562 3764 607 3813 eit
637 3739 728 3815 vicio
742 3764 957 3837 quocumque
983 3740 1063 3841 lapsi
1078 3742 1208 3817 suerint
1229 3744 1266 3817 in
1315 3749 1633 3847 proximiamunda
1647 3766 1711 3817 cor
1724 3744 1876 3817 nostrum
1892 3742 1985 3817 omni
2002 3743 2108 3813 crimi·
2130 3740 2166 3827 ὃς

462 3841 629 3919 criminer
655 3859 696 3912 ut
713 3840 821 3914 toties
837 3839 1033 3917 relevemur
1048 3860 1108 3915 tue
1126 3842 1265 3936 pietatis
1315 3874 1385 3920 nea
1410 3847 1573 3938 omnique
1593 3843 1789 3941 ignorantie
1802 3839 1971 3913 cecitate.
1999 3836 2114 3930 Qiali·
2178 3875 2179 3922 3

463 3946 589 4017 dono:
614 3937 751 4033 quoties
768 3939 874 4013 cecati
890 3936 1033 4016 labimur
1050 3941 1094 4012 'in
1110 3938 1268 4017 delicio.
1316 3966 1371 4020 ter
1399 3944 1642 4019 mundissimam
1663 3940 1727 4013 tibi
1756 3939 1792 4011 in
1815 3937 1981 4014 cordibus
1997 3937 2112 4011 noum

464 4048 607 4117 Amove
632 4038 826 4112 acordibus
855 4040 974 4112 nostris
990 4042 1185 4112 inveterata
1200 4061 1268 4111 vc·
1317 4061 1538 4141 preparantes
1569 4039 1810 4115 mansionema
1853 4035 1984 4109 tribuas
2016 4036 2112 4108 nobis

386 4140 436 4227 '35
469 4142 555 4214 iuste
569 4140 645 4212 vite
663 4134 852 4213 maliciam:
879 4138 937 4230 qui
952 4138 1111 4211 novitate
1126 4134 1266 4230 spiritus
1314 4145 1410 4237 quod
1436 4139 1500 4212 illis
1516 4138 1663 4213 tribuisli
1678 4166 1689 4208 ι
1718 4135 1868 4232 proximi
1896 4133 2118 4206 dilessionem

465 4240 501 4315 in
517 4238 757 4310 Samaritanam
771 4230 860 4305 illam
874 4234 956 4305 fidei
974 4254 1140 4327 operatus
1153 4258 1189 4304 es
1210 4234 1266 4313 in·
1317 4238 1491 4314 veraciter
1518 4239 1691 4310 retinere:
1728 4256 1919 4330 perquam
1954 4234 2116 4326 possimus
2136 4252 2179 4325 90¹

467 4354 640 4411 crementa
654 4377 665 4400 .
691 4330 746 4400 Da
760 4330 940 4423 quesumus
956 4331 1110 4405 omnibus
1126 4331 1159 4402 in
1176 4354 1268 4405 com·
1318 4335 1502 4433 pervenire
1518 4337 1559 4409 ad
1575 4354 1612 4406 te
1626 4362 1636 4402 ι
1658 4338 1694 4407 dc
1706 4350 1798 4405 tuam
1807 4332 2011 4408 omnimodo
2027 4331 2114 4403 nosse

468 4456 573 4520 mune
590 4428 664 4502 lesu
676 4429 793 4501 bones
822 4426 871 4500 ita
884 4428 956 4501 dies
974 4429 1052 4502 illos
1074 4428 1179 4501 sandi
1206 4433 1267 4504 de·
1316 4432 1547 4509 dilectionem
1561 4455 1637 4505 cum
1651 4456 1718 4527 qua
1731 4429 1973 4526 perveniamus
1990 4432 2033 4503 ad
2041 4452 2120 4529 gauf
2178 4413 2179 4446 ¹

467 4530 582 4607 siderii
597 4525 810 4628 plenitudine
827 4526 1001 4620 gratiosos
1017 4527 1145 4601 habere
1159 4556 1169 4599 ι
1182 4528 1267 4603 sicut
1316 4534 1373 4609 dia
1388 4531 1465 4608 vite
1478 4554 1624 4607 eterne.
1649 4545 1698 4626 ur.
1714 4537 1824 4605 Amen
1841 4574 1853 4596 ·

386 4640 439 4718 iso
469 4628 527 4705 illa
543 4625 733 4725 promeruit
760 4624 855 4696 dono
880 4624 989 4699 saeue
1005 4624 1089 4699 fidei
1105 4646 1141 4701 te
1155 4628 1191 4721 in
1204 4651 1267 4699 ve·
1766 4670 1770 4675 -

467 4728 574 4807 ritate
601 4722 844 4821 cognoscere.
870 4724 917 4796 Ut
935 4723 967 4794 iii
984 4724 1107 4799 horum
1122 4724 1268 4798 celebri·
1637 4725 1760 4803 inlatio
1777 4774 1790 4797 .
2142 4721 2180 4817 ps·

469 4844 545 4901 tate
571 4825 703 4897 dierum
727 4822 1015 4893 tecullodienter
1044 4846 1110 4895 non
1130 4822 1268 4895 libidine
1319 4828 1544 5008 Dignuq,
1573 4825 1806 4917 &justumest
1833 4824 1979 4899 mmihi
1993 4825 2121 4921 semper
2178 4827 2179 4832 ,

470 4922 687 5023 polluamura
712 4942 781 4993 non
808 4916 937 4994 malicia
961 4920 1172 4995 sauciemurr
1198 4946 1270 4995 non
1440 4945 1571 5027 gratias
1597 4950 1702 5024 agere
1715 4922 1867 4999 Domine
1881 4921 2000 4999 sande
2016 4928 2122 5001 Pater

462 5019 633 5097 'scandalis
654 5016 903 5090 discindamur.
927 5018 993 5091 Sed
1010 5020 1043 5093 in
1060 5018 1173 5093 sanue
1187 5022 1269 5095 fidei
1318 5045 1443 5099 eterne
1484 5024 1705 5120 omnipotens
1746 5025 1841 5095 Deus
1881 5046 1946 5119 per
1981 5023 2121 5103 iesum:

295 5204 299 5215 Ι
389 5116 440 5204 [45
472 5142 591 5193 omnes
605 5116 738 5189 unitate
753 5111 890 5191 collecti
914 5114 963 5189 ita
977 5115 1115 5213 spiritus
1130 5119 1180 5192 tui
1197 5121 1270 5195 san·
1318 5126 1489 5198 Christum
1503 5123 1610 5197 filium
1624 5142 1721 5199 tuum
1735 5121 1925 5197 Dominum
1943 5125 2118 5199 nostrum·

365 5264 371 5277 ·
474 5216 520 5289 ui
533 5213 732 5289 defenfione
744 5212 907 5307 proiectu
922 5215 958 5284 dc
973 5214 1162 5290 inluminati
1176 5242 1270 5291 mun·
1320 5219 1389 5315 ‘Qui
1398 5218 1673 5296 adsalvationem
1682 5221 1817 5294 humani
1827 5220 1968 5316 generis
1978 5220 2115 5295 veniens
2142 5231 2180 5285 ιο

471 5320 594 5389 demur
620 5338 639 5385 a
664 5308 862 5386 criminibus
878 5310 1022 5385 nostris.
1048 5313 1210 5406 Qaliter
1227 5316 1270 5389 ad
1320 5316 1603 5396 ece10=fiiiens
1629 5340 1734 5414 atquc
1758 5318 1922 5414 fatigatus
1935 5318 2058 5393 sedisse
2082 5314 2123 5389 ad

467 5416 635 5522 siusium·
649 5408 768 5505 pascha
793 5408 1038 5521 pervenientes
1053 5440 1062 5483 ι
1090 5414 1126 5484 &
1146 5416 1269 5487 arden·
1319 5438 1464 5514 puteum
1477 5418 1629 5492 dicitur.
1655 5416 1717 5490 llle
1732 5418 1862 5490 etenim
1876 5416 1911 5489 iri
1925 5439 2000 5510 quo
2012 5415 2122 5491 omnis

473 5532 530 5588 ter
554 5508 768 5604 suscipiamus
786 5508 985 5600 mysterium
1011 5513 1272 5587 nostreredem·
1319 5499 1713 5615 plenitudo'divinitaris
1738 5511 1971 5610 corporaliter
1986 5538 2127 5612 petina·

391 5620 442 5697 50
471 5610 685 5719 piionisadc
711 5610 1076 5701 veraciterreparatos
1103 5632 1166 5686 nos
1194 5634 1270 5713 gra⁴
1323 5614 1450 5688 nebata
1475 5614 1553 5708 quia
1567 5617 1676 5689 nostre
1696 5611 1920 5688 mortalitatis
1933 5636 2065 5708 corpus
2077 5609 2129 5684 as·
2178 5685 2179 5688 ,

472 5706 623 5785 tulemur
637 5726 673 5777 in
685 5706 773 5785 slatu
785 5722 906 5785 eterne
921 5703 1004 5791 lutis
1020 5754 1033 5783 ι
1324 5710 1532 5807 sumpseratt
1548 5713 1736 5789 veritatem
1748 5713 1912 5805 assumpte
1926 5712 2041 5786 carnis
2053 5710 2133 5807 qui·
2155 5729 2180 5792 it

1325 5811 1464 5885 busdam
1501 5811 1808 5911 significationibus
1842 5812 2134 5885 demonstrabat.

521 5906 722 5999 manen.
1325 5912 1518 6009 Fatigatum
1552 5912 1644 5987 enim
1682 5933 1760 5983 eum
1802 5932 1873 5985 non
1900 5907 2012 5982 aliter
2054 5936 2132 5986 cre-

1323 6007 1433 6099 diuitis
1459 6009 1502 6083 ab
1523 6005 1674 6088 itineres
1712 6006 1778 6107 ulfi
1804 6006 2021 6089 infimatum
2054 6012 2131 6083 itu

2031 6132 2140 6187 carne
