<?xml version="1.0" encoding="UTF-8"?>
<!DOCTYPE html PUBLIC "-//W3C//DTD XHTML 1.0 Transitional//EN"
    "http://www.w3.org/TR/xhtml1/DTD/xhtml1-transitional.dtd">
<html xmlns="http://www.w3.org/1999/xhtml" xml:lang="en" lang="en">
 <head>
  <title>
</title>
<meta http-equiv="Content-Type" content="text/html;charset=utf-8" />
  <meta name='ocr-system' content='tesseract 3.04.00' />
  <meta name='ocr-capabilities' content='ocr_page ocr_carea ocr_par ocr_line ocrx_word'/>
</head>
<body>
  <div class='ocr_page' id='page_1' title='image "./missalemixtumse00leslgoog_0328.png"; bbox 0 0 4450 7209; ppageno 0'>
   <div class='ocr_carea' id='block_1_1' title="bbox 209 711 2081 6197">
    <p class='ocr_par' dir='ltr' id='par_1_1' title="bbox 259 711 2052 1700">
     <span class='ocr_line' id='line_1_1' title="bbox 663 711 1990 810; baseline 0 -24"><span class='ocrx_word' id='word_1_1' title='bbox 663 711 802 788; x_wconf 82' lang='lat' dir='ltr'>FERIA</span> <span class='ocrx_word' id='word_1_2' title='bbox 833 715 1020 796; x_wconf 82' lang='lat' dir='ltr'>QUINTA</span> <span class='ocrx_word' id='word_1_3' title='bbox 1047 717 1168 793; x_wconf 86' lang='lat' dir='ltr'>POST</span> <span class='ocrx_word' id='word_1_4' title='bbox 1194 711 1653 795; x_wconf 83' lang='lat' dir='ltr'>RESURRECTIONEM.</span> <span class='ocrx_word' id='word_1_5' title='bbox 1911 726 1990 810; x_wconf 69' lang='lat' dir='ltr'>aopi</span> 
     </span>
     <span class='ocr_line' id='line_1_2' title="bbox 259 805 2047 912; baseline 0.005 -35"><span class='ocrx_word' id='word_1_6' title='bbox 259 805 388 883; x_wconf 54' lang='lat' dir='ltr'>[cius</span> <span class='ocrx_word' id='word_1_7' title='bbox 428 837 439 877; x_wconf 72' lang='lat' dir='ltr'>e</span> <span class='ocrx_word' id='word_1_8' title='bbox 476 827 514 882; x_wconf 86' lang='lat' dir='ltr'>ut</span> <span class='ocrx_word' id='word_1_9' title='bbox 544 809 825 893; x_wconf 76' lang='lat' dir='ltr'>mortificationis</span> <span class='ocrx_word' id='word_1_10' title='bbox 852 815 964 886; x_wconf 89' lang='lat' dir='ltr'>nostre</span> <span class='ocrx_word' id='word_1_11' title='bbox 994 814 1123 891; x_wconf 83' lang='lat' dir='ltr'>sacrifi·</span> <span class='ocrx_word' id='word_1_12' title='bbox 1171 811 1974 910; x_wconf 56' lang='lat' dir='ltr'>Resurrelit&#39;onisffoaexcill.Oratio.Expletia</span> <span class='ocrx_word' id='word_1_13' title='bbox 2002 839 2047 912; x_wconf 88' lang='lat'>55</span> 
     </span>
     <span class='ocr_line' id='line_1_3' title="bbox 317 906 1360 1004; baseline 0.012 -32"><span class='ocrx_word' id='word_1_14' title='bbox 317 907 406 980; x_wconf 85' lang='lat' dir='ltr'>cium</span> <span class='ocrx_word' id='word_1_15' title='bbox 423 906 482 978; x_wconf 90' lang='lat' dir='ltr'>tibi</span> <span class='ocrx_word' id='word_1_16' title='bbox 497 909 730 1004; x_wconf 82' lang='lat' dir='ltr'>principaliter</span> <span class='ocrx_word' id='word_1_17' title='bbox 745 918 947 990; x_wconf 82' lang='lat' dir='ltr'>offeramus·</span> <span class='ocrx_word' id='word_1_18' title='bbox 978 914 1121 991; x_wconf 87' lang='lat' dir='ltr'>Recon·</span> <span class='ocrx_word' id='word_1_19' title='bbox 1175 913 1360 989; x_wconf 85' lang='lat' dir='ltr'>Domine.</span> 
     </span>
     <span class='ocr_line' id='line_1_4' title="bbox 317 999 1973 1114; baseline 0.006 -45"><span class='ocrx_word' id='word_1_20' title='bbox 317 999 380 1074; x_wconf 88' lang='lat' dir='ltr'>liet</span> <span class='ocrx_word' id='word_1_21' title='bbox 398 1024 433 1076; x_wconf 90' lang='lat' dir='ltr'>te</span> <span class='ocrx_word' id='word_1_22' title='bbox 447 1005 625 1094; x_wconf 86' lang='lat' dir='ltr'>quesumus</span> <span class='ocrx_word' id='word_1_23' title='bbox 650 1010 799 1086; x_wconf 85' lang='lat' dir='ltr'>Domine</span> <span class='ocrx_word' id='word_1_24' title='bbox 827 1037 892 1109; x_wconf 90' lang='lat' dir='ltr'>pro</span> <span class='ocrx_word' id='word_1_25' title='bbox 929 1013 1124 1108; x_wconf 87' lang='lat' dir='ltr'>peccatori·</span> <span class='ocrx_word' id='word_1_26' title='bbox 1220 1019 1365 1110; x_wconf 71' lang='lat' dir='ltr'>Require</span> <span class='ocrx_word' id='word_1_27' title='bbox 1381 1015 1415 1084; x_wconf 85' lang='lat' dir='ltr'>in</span> <span class='ocrx_word' id='word_1_28' title='bbox 1425 1016 1477 1087; x_wconf 83' lang='lat' dir='ltr'>die</span> <span class='ocrx_word' id='word_1_29' title='bbox 1487 1011 1973 1114; x_wconf 59' lang='lat' dir='ltr'>lqfiarreslisnisfoaexci&#39;ili.</span> 
     </span>
     <span class='ocr_line' id='line_1_5' title="bbox 318 1098 1124 1197; baseline 0.024 -28"><span class='ocrx_word' id='word_1_30' title='bbox 318 1098 379 1172; x_wconf 88' lang='lat' dir='ltr'>bus</span> <span class='ocrx_word' id='word_1_31' title='bbox 407 1101 539 1197; x_wconf 84' lang='lat' dir='ltr'>sanguis</span> <span class='ocrx_word' id='word_1_32' title='bbox 552 1104 629 1189; x_wconf 84' lang='lat' dir='ltr'>julli</span> <span class='ocrx_word' id='word_1_33' title='bbox 646 1110 866 1187; x_wconf 87' lang='lat' dir='ltr'>&amp;humilitas</span> <span class='ocrx_word' id='word_1_34' title='bbox 894 1111 1038 1185; x_wconf 89' lang='lat' dir='ltr'>Domini</span> <span class='ocrx_word' id='word_1_35' title='bbox 1055 1137 1124 1188; x_wconf 91' lang='lat' dir='ltr'>no·</span> 
     </span>
     <span class='ocr_line' id='line_1_6' title="bbox 265 1197 2029 1308; baseline 0.007 -39"><span class='ocrx_word' id='word_1_36' title='bbox 265 1197 396 1296; x_wconf 57' lang='lat' dir='ltr'>ssiri·</span> <span class='ocrx_word' id='word_1_37' title='bbox 423 1201 498 1271; x_wconf 90' lang='lat' dir='ltr'>Hec</span> <span class='ocrx_word' id='word_1_38' title='bbox 527 1204 574 1274; x_wconf 83' lang='lat' dir='ltr'>esi</span> <span class='ocrx_word' id='word_1_39' title='bbox 598 1205 704 1280; x_wconf 89' lang='lat' dir='ltr'>hoilia</span> <span class='ocrx_word' id='word_1_40' title='bbox 735 1236 803 1308; x_wconf 90' lang='lat' dir='ltr'>que</span> <span class='ocrx_word' id='word_1_41' title='bbox 829 1210 995 1307; x_wconf 86' lang='lat' dir='ltr'>pependit</span> <span class='ocrx_word' id='word_1_42' title='bbox 1023 1207 1122 1284; x_wconf 86' lang='lat' dir='ltr'>inli-</span> <span class='ocrx_word' id='word_1_43' title='bbox 1282 1209 1421 1288; x_wconf 84' lang='lat' dir='ltr'>FERlA</span> <span class='ocrx_word' id='word_1_44' title='bbox 1444 1209 1632 1301; x_wconf 85' lang='lat' dir='ltr'>QUINTA</span> <span class='ocrx_word' id='word_1_45' title='bbox 1656 1209 1866 1286; x_wconf 82' lang='lat' dir='ltr'><strong>PASCHE.</strong></span> <span class='ocrx_word' id='word_1_46' title='bbox 2026 1290 2029 1299; x_wconf 29' lang='lat'><strong>¹</strong></span> 
     </span>
     <span class='ocr_line' id='line_1_7' title="bbox 316 1300 2052 1403; baseline 0.007 -35"><span class='ocrx_word' id='word_1_47' title='bbox 316 1318 413 1393; x_wconf 84' lang='lat' dir='ltr'>gno·</span> <span class='ocrx_word' id='word_1_48' title='bbox 443 1300 518 1373; x_wconf 88' lang='lat' dir='ltr'>Hec</span> <span class='ocrx_word' id='word_1_49' title='bbox 533 1304 578 1373; x_wconf 92' lang='lat' dir='ltr'>ell</span> <span class='ocrx_word' id='word_1_50' title='bbox 592 1325 675 1379; x_wconf 87' lang='lat' dir='ltr'>caro</span> <span class='ocrx_word' id='word_1_51' title='bbox 690 1330 756 1399; x_wconf 91' lang='lat' dir='ltr'>que</span> <span class='ocrx_word' id='word_1_52' title='bbox 770 1310 917 1383; x_wconf 88' lang='lat' dir='ltr'>surrexit</span> <span class='ocrx_word' id='word_1_53' title='bbox 942 1311 987 1383; x_wconf 92' lang='lat' dir='ltr'>de</span> <span class='ocrx_word' id='word_1_54' title='bbox 1007 1307 1122 1403; x_wconf 90' lang='lat' dir='ltr'>sepul·</span> <span class='ocrx_word' id='word_1_55' title='bbox 1188 1346 1190 1351; x_wconf 96' lang='lat'>·</span> <span class='ocrx_word' id='word_1_56' title='bbox 1966 1310 2052 1385; x_wconf 82' lang='lat'>&#39;60</span> 
     </span>
     <span class='ocr_line' id='line_1_8' title="bbox 314 1398 1780 1502; baseline 0.001 -30"><span class='ocrx_word' id='word_1_57' title='bbox 314 1416 405 1468; x_wconf 84' lang='lat' dir='ltr'>cro.</span> <span class='ocrx_word' id='word_1_58' title='bbox 434 1398 539 1486; x_wconf 83' lang='lat' dir='ltr'>Qod</span> <span class='ocrx_word' id='word_1_59' title='bbox 569 1425 636 1493; x_wconf 90' lang='lat' dir='ltr'>pro</span> <span class='ocrx_word' id='word_1_60' title='bbox 665 1408 761 1481; x_wconf 89' lang='lat' dir='ltr'>nobis</span> <span class='ocrx_word' id='word_1_61' title='bbox 789 1405 919 1482; x_wconf 91' lang='lat' dir='ltr'>obtulit</span> <span class='ocrx_word' id='word_1_62' title='bbox 944 1409 1113 1480; x_wconf 75' lang='lat' dir='ltr'>Sacerdos</span> <span class='ocrx_word' id='word_1_63' title='bbox 1384 1412 1447 1480; x_wconf 79' lang='lat' dir='ltr'>Ad</span> <span class='ocrx_word' id='word_1_64' title='bbox 1462 1403 1590 1499; x_wconf 81' lang='lat' dir='ltr'>Miffiam</span> <span class='ocrx_word' id='word_1_65' title='bbox 1606 1404 1780 1502; x_wconf 81' lang='lat' dir='ltr'>officium.</span> 
     </span>
     <span class='ocr_line' id='line_1_9' title="bbox 316 1494 1976 1597; baseline 0.005 -35"><span class='ocrx_word' id='word_1_66' title='bbox 316 1494 428 1565; x_wconf 84' lang='lat' dir='ltr'>noster</span> <span class='ocrx_word' id='word_1_67' title='bbox 457 1522 467 1563; x_wconf 75' lang='lat' dir='ltr'>a</span> <span class='ocrx_word' id='word_1_68' title='bbox 497 1497 531 1568; x_wconf 91' lang='lat' dir='ltr'>in</span> <span class='ocrx_word' id='word_1_69' title='bbox 560 1500 710 1574; x_wconf 89' lang='lat' dir='ltr'>veritate</span> <span class='ocrx_word' id='word_1_70' title='bbox 738 1508 807 1582; x_wconf 89' lang='lat' dir='ltr'>hoc</span> <span class='ocrx_word' id='word_1_71' title='bbox 835 1506 1043 1580; x_wconf 83' lang='lat' dir='ltr'>conferimus</span> <span class='ocrx_word' id='word_1_72' title='bbox 1076 1504 1112 1577; x_wconf 91' lang='lat' dir='ltr'>in</span> <span class='ocrx_word' id='word_1_73' title='bbox 1213 1508 1329 1585; x_wconf 90' lang='lat' dir='ltr'>Dicite</span> <span class='ocrx_word' id='word_1_74' title='bbox 1347 1507 1380 1580; x_wconf 95' lang='lat' dir='ltr'>in</span> <span class='ocrx_word' id='word_1_75' title='bbox 1400 1506 1620 1580; x_wconf 87' lang='lat' dir='ltr'>nationibus.</span> <span class='ocrx_word' id='word_1_76' title='bbox 1648 1509 1793 1597; x_wconf 72' lang='lat' dir='ltr'>Require</span> <span class='ocrx_word' id='word_1_77' title='bbox 1821 1518 1915 1575; x_wconf 82' lang='lat' dir='ltr'>tetro</span> <span class='ocrx_word' id='word_1_78' title='bbox 1938 1495 1976 1570; x_wconf 79' lang='lat' dir='ltr'>in</span> 
     </span>
     <span class='ocr_line' id='line_1_10' title="bbox 317 1592 1974 1700; baseline 0.002 -39"><span class='ocrx_word' id='word_1_79' title='bbox 317 1592 415 1684; x_wconf 90' lang='lat' dir='ltr'>panis</span> <span class='ocrx_word' id='word_1_80' title='bbox 435 1595 468 1666; x_wconf 75' lang='grc' dir='ltr'>δι</span> <span class='ocrx_word' id='word_1_81' title='bbox 487 1594 557 1666; x_wconf 87' lang='lat' dir='ltr'>vini</span> <span class='ocrx_word' id='word_1_82' title='bbox 572 1595 765 1676; x_wconf 85' lang='lat' dir='ltr'>suauitate.</span> <span class='ocrx_word' id='word_1_83' title='bbox 791 1602 974 1700; x_wconf 87' lang='lat' dir='ltr'>Cognosce</span> <span class='ocrx_word' id='word_1_84' title='bbox 990 1625 1114 1697; x_wconf 86' lang='lat' dir='ltr'>preca·</span> <span class='ocrx_word' id='word_1_85' title='bbox 1163 1613 1209 1677; x_wconf 79' lang='grc' dir='ltr'>ΙΙ.</span> <span class='ocrx_word' id='word_1_86' title='bbox 1217 1606 1308 1695; x_wconf 83' lang='lat' dir='ltr'>feria</span> <span class='ocrx_word' id='word_1_87' title='bbox 1320 1606 1469 1697; x_wconf 73' lang='lat' dir='ltr'>Pascite·</span> <span class='ocrx_word' id='word_1_88' title='bbox 1494 1606 1546 1694; x_wconf 83' lang='lat' dir='ltr'>fo·</span> <span class='ocrx_word' id='word_1_89' title='bbox 1561 1608 1726 1674; x_wconf 75' lang='lat' dir='ltr'>cchrtt.</span> <span class='ocrx_word' id='word_1_90' title='bbox 1741 1603 1885 1673; x_wconf 86' lang='lat' dir='ltr'>oratio·</span> <span class='ocrx_word' id='word_1_91' title='bbox 1921 1595 1974 1665; x_wconf 86' lang='lat' dir='ltr'>Te</span> 
     </span>
    </p>

    <p class='ocr_par' dir='ltr' id='par_1_2' title="bbox 242 1692 2060 1799">
     <span class='ocr_line' id='line_1_11' title="bbox 242 1692 2060 1799; baseline 0.004 -39"><span class='ocrx_word' id='word_1_92' title='bbox 242 1706 289 1760; x_wconf 77' lang='grc' dir='ltr'>ιο</span> <span class='ocrx_word' id='word_1_93' title='bbox 317 1711 393 1760; x_wconf 89' lang='lat' dir='ltr'>mur</span> <span class='ocrx_word' id='word_1_94' title='bbox 407 1692 627 1787; x_wconf 87' lang='lat' dir='ltr'>omnipotens</span> <span class='ocrx_word' id='word_1_95' title='bbox 644 1698 737 1773; x_wconf 92' lang='lat' dir='ltr'>Deus</span> <span class='ocrx_word' id='word_1_96' title='bbox 755 1701 928 1776; x_wconf 72' lang='lat' dir='ltr'>vidimam</span> <span class='ocrx_word' id='word_1_97' title='bbox 945 1726 954 1768; x_wconf 83' lang='lat' dir='ltr'>a</span> <span class='ocrx_word' id='word_1_98' title='bbox 969 1724 1034 1796; x_wconf 90' lang='lat' dir='ltr'>qua</span> <span class='ocrx_word' id='word_1_99' title='bbox 1061 1702 1115 1776; x_wconf 72' lang='lat' dir='ltr'>in.</span> <span class='ocrx_word' id='word_1_100' title='bbox 1162 1703 1295 1780; x_wconf 84' lang='lat' dir='ltr'>excelsa</span> <span class='ocrx_word' id='word_1_101' title='bbox 1310 1703 1381 1780; x_wconf 87' lang='lat' dir='ltr'>laus</span> <span class='ocrx_word' id='word_1_102' title='bbox 1395 1750 1405 1773; x_wconf 82' lang='lat'><em>.</em></span> <span class='ocrx_word' id='word_1_103' title='bbox 1419 1705 1565 1799; x_wconf 64' lang='lat' dir='ltr'>rqequire</span> <span class='ocrx_word' id='word_1_104' title='bbox 1578 1717 1669 1777; x_wconf 82' lang='lat' dir='ltr'>retro</span> <span class='ocrx_word' id='word_1_105' title='bbox 1688 1701 1723 1771; x_wconf 86' lang='lat' dir='ltr'>in</span> <span class='ocrx_word' id='word_1_106' title='bbox 1739 1701 1793 1772; x_wconf 84' lang='lat' dir='ltr'>die</span> <span class='ocrx_word' id='word_1_107' title='bbox 1809 1697 1971 1795; x_wconf 67' lang='lat' dir='ltr'>Refitrrc·</span> <span class='ocrx_word' id='word_1_108' title='bbox 2046 1738 2060 1791; x_wconf 48' lang='lat'>‚-</span> 
     </span>
    </p>

    <p class='ocr_par' dir='ltr' id='par_1_3' title="bbox 257 1788 2045 2200">
     <span class='ocr_line' id='line_1_12' title="bbox 317 1788 2045 1895; baseline 0.001 -27.966"><span class='ocrx_word' id='word_1_109' title='bbox 257 1790 522 1870; x_wconf 73' lang='lat' dir='ltr'>.··.tercedente</span> <span class='ocrx_word' id='word_1_110' title='bbox 558 1788 708 1885; x_wconf 85' lang='lat' dir='ltr'>placatus</span> <span class='ocrx_word' id='word_1_111' title='bbox 740 1823 776 1870; x_wconf 93' lang='lat' dir='ltr'>es</span> <span class='ocrx_word' id='word_1_112' title='bbox 803 1826 813 1867; x_wconf 74' lang='grc' dir='ltr'><strong><em>ε</em></strong></span> <span class='ocrx_word' id='word_1_113' title='bbox 843 1802 879 1873; x_wconf 79' lang='lat' dir='ltr'>dl</span> <span class='ocrx_word' id='word_1_114' title='bbox 913 1798 1042 1894; x_wconf 89' lang='lat' dir='ltr'>suscipe</span> <span class='ocrx_word' id='word_1_115' title='bbox 1082 1802 1118 1873; x_wconf 93' lang='lat' dir='ltr'>in</span> <span class='ocrx_word' id='word_1_116' title='bbox 1169 1804 1540 1895; x_wconf 53' lang='lat' dir='ltr'>dioninfacxctrrr.</span> <span class='ocrx_word' id='word_1_117' title='bbox 1997 1799 2045 1889; x_wconf 88' lang='lat'>65</span> 
     </span>
     <span class='ocr_line' id='line_1_13' title="bbox 317 1886 1435 1994; baseline 0.019 -37"><span class='ocrx_word' id='word_1_118' title='bbox 317 1886 543 1979; x_wconf 90' lang='lat' dir='ltr'>adoptionem</span> <span class='ocrx_word' id='word_1_119' title='bbox 570 1900 587 1958; x_wconf 75' lang='lat' dir='ltr'>a·</span> <span class='ocrx_word' id='word_1_120' title='bbox 605 1891 722 1984; x_wconf 89' lang='lat' dir='ltr'>quibus</span> <span class='ocrx_word' id='word_1_121' title='bbox 753 1901 856 1972; x_wconf 86' lang='lat' dir='ltr'>Pater</span> <span class='ocrx_word' id='word_1_122' title='bbox 884 1919 946 1990; x_wconf 88' lang='lat' dir='ltr'>per</span> <span class='ocrx_word' id='word_1_123' title='bbox 974 1898 1117 1994; x_wconf 84' lang='lat' dir='ltr'>gratiam</span> <span class='ocrx_word' id='word_1_124' title='bbox 1432 1951 1435 1958; x_wconf 92' lang='lat'><em>-</em></span> 
     </span>
     <span class='ocr_line' id='line_1_14' title="bbox 317 1985 1798 2101; baseline 0.007 -45"><span class='ocrx_word' id='word_1_125' title='bbox 317 1985 497 2094; x_wconf 71' lang='lat' dir='ltr'>faduses.</span> <span class='ocrx_word' id='word_1_126' title='bbox 525 1986 580 2060; x_wconf 88' lang='lat' dir='ltr'>Sic</span> <span class='ocrx_word' id='word_1_127' title='bbox 610 2011 745 2088; x_wconf 90' lang='lat' dir='ltr'>quoque</span> <span class='ocrx_word' id='word_1_128' title='bbox 771 1995 921 2073; x_wconf 89' lang='lat' dir='ltr'>Domine</span> <span class='ocrx_word' id='word_1_129' title='bbox 934 1993 1121 2071; x_wconf 73' lang='lat' dir='ltr'>sanetifica-</span> <span class='ocrx_word' id='word_1_130' title='bbox 1220 2000 1427 2101; x_wconf 57' lang='lat' dir='ltr'>apocalipsss</span> <span class='ocrx_word' id='word_1_131' title='bbox 1444 1990 1798 2095; x_wconf 60' lang='lat' dir='ltr'>yobmnistdposlola&#39;.</span> 
     </span>
     <span class='ocr_line' id='line_1_15' title="bbox 316 2084 1973 2200; baseline 0.005 -47"><span class='ocrx_word' id='word_1_132' title='bbox 316 2101 368 2153; x_wconf 89' lang='lat' dir='ltr'>tro</span> <span class='ocrx_word' id='word_1_133' title='bbox 398 2084 435 2155; x_wconf 80' lang='lat' dir='ltr'>dc</span> <span class='ocrx_word' id='word_1_134' title='bbox 462 2084 657 2162; x_wconf 70' lang='lat' dir='ltr'>benedidio</span> <span class='ocrx_word' id='word_1_135' title='bbox 691 2111 787 2167; x_wconf 74' lang='lat' dir='ltr'>tuas</span> <span class='ocrx_word' id='word_1_136' title='bbox 822 2092 978 2169; x_wconf 85' lang='lat' dir='ltr'>defensio</span> <span class='ocrx_word' id='word_1_137' title='bbox 1002 2095 1051 2166; x_wconf 84' lang='lat' dir='ltr'>est</span> <span class='ocrx_word' id='word_1_138' title='bbox 1083 2097 1119 2169; x_wconf 88' lang='lat'>&amp;</span> <span class='ocrx_word' id='word_1_139' title='bbox 1171 2103 1318 2196; x_wconf 61' lang='lat' dir='ltr'>aneo</span> <span class='ocrx_word' id='word_1_140' title='bbox 1333 2101 1488 2200; x_wconf 82' lang='lat' dir='ltr'>gratias·</span> <span class='ocrx_word' id='word_1_141' title='bbox 1869 2094 1973 2161; x_wconf 67' lang='lat' dir='ltr'>cadi.</span> 
     </span>
    </p>

    <p class='ocr_par' dir='ltr' id='par_1_4' title="bbox 242 2180 2053 2299">
     <span class='ocr_line' id='line_1_16' title="bbox 242 2180 2053 2299; baseline 0.004 -50"><span class='ocrx_word' id='word_1_142' title='bbox 242 2195 286 2266; x_wconf 86' lang='lat'>15</span> <span class='ocrx_word' id='word_1_143' title='bbox 319 2180 498 2258; x_wconf 88' lang='lat' dir='ltr'>mundatio</span> <span class='ocrx_word' id='word_1_144' title='bbox 515 2186 651 2259; x_wconf 85' lang='lat' dir='ltr'>nostra·</span> <span class='ocrx_word' id='word_1_145' title='bbox 683 2193 728 2263; x_wconf 89' lang='lat' dir='ltr'>Ut</span> <span class='ocrx_word' id='word_1_146' title='bbox 753 2195 789 2266; x_wconf 72' lang='grc' dir='ltr'><strong>ἃ</strong></span> <span class='ocrx_word' id='word_1_147' title='bbox 818 2210 1033 2288; x_wconf 85' lang='lat' dir='ltr'>peccatorum</span> <span class='ocrx_word' id='word_1_148' title='bbox 1051 2215 1118 2266; x_wconf 89' lang='lat' dir='ltr'>uo·</span> <span class='ocrx_word' id='word_1_149' title='bbox 1271 2194 1560 2299; x_wconf 83' lang='lat' dir='ltr'>NgeioTiathire</span> <span class='ocrx_word' id='word_1_150' title='bbox 1575 2189 1722 2267; x_wconf 86' lang='lat' dir='ltr'>Ecclelie</span> <span class='ocrx_word' id='word_1_151' title='bbox 1739 2189 1871 2263; x_wconf 80' lang='lat' dir='ltr'>scribe.</span> <span class='ocrx_word' id='word_1_152' title='bbox 1894 2190 1970 2261; x_wconf 91' lang='lat' dir='ltr'>Hec</span> <span class='ocrx_word' id='word_1_153' title='bbox 2045 2234 2053 2279; x_wconf 92' lang='lat'>.·</span> 
     </span>
    </p>

    <p class='ocr_par' dir='ltr' id='par_1_5' title="bbox 248 2280 2081 2494">
     <span class='ocr_line' id='line_1_17' title="bbox 248 2280 2043 2392; baseline 0.004 -41"><span class='ocrx_word' id='word_1_154' title='bbox 248 2298 257 2309; x_wconf 87' lang='lat'><em>&#39;</em></span> <span class='ocrx_word' id='word_1_155' title='bbox 315 2280 367 2351; x_wconf 91' lang='lat' dir='ltr'>bis</span> <span class='ocrx_word' id='word_1_156' title='bbox 383 2281 518 2354; x_wconf 89' lang='lat' dir='ltr'>veniam</span> <span class='ocrx_word' id='word_1_157' title='bbox 534 2283 683 2356; x_wconf 79' lang='lat' dir='ltr'>tribuas:</span> <span class='ocrx_word' id='word_1_158' title='bbox 713 2293 747 2362; x_wconf 80' lang='lat' dir='ltr'>dt</span> <span class='ocrx_word' id='word_1_159' title='bbox 762 2289 934 2391; x_wconf 88' lang='lat' dir='ltr'>preceptis</span> <span class='ocrx_word' id='word_1_160' title='bbox 948 2290 1014 2362; x_wconf 86' lang='lat' dir='ltr'>tuis</span> <span class='ocrx_word' id='word_1_161' title='bbox 1027 2289 1116 2368; x_wconf 85' lang='lat' dir='ltr'>sem·</span> <span class='ocrx_word' id='word_1_162' title='bbox 1282 2300 1365 2374; x_wconf 91' lang='lat' dir='ltr'>dicit</span> <span class='ocrx_word' id='word_1_163' title='bbox 1379 2298 1481 2391; x_wconf 66' lang='lat' dir='ltr'>,filius</span> <span class='ocrx_word' id='word_1_164' title='bbox 1496 2289 1565 2369; x_wconf 85' lang='lat' dir='ltr'>Dei</span> <span class='ocrx_word' id='word_1_165' title='bbox 1589 2319 1597 2360; x_wconf 79' lang='lat' dir='ltr'>a</span> <span class='ocrx_word' id='word_1_166' title='bbox 1625 2293 1684 2382; x_wconf 89' lang='lat' dir='ltr'>qui</span> <span class='ocrx_word' id='word_1_167' title='bbox 1710 2292 1813 2365; x_wconf 90' lang='lat' dir='ltr'>habet</span> <span class='ocrx_word' id='word_1_168' title='bbox 1843 2284 1967 2359; x_wconf 87' lang='lat' dir='ltr'>oculos</span> <span class='ocrx_word' id='word_1_169' title='bbox 1992 2314 2043 2392; x_wconf 81' lang='lat'>7⁰</span> 
     </span>
     <span class='ocr_line' id='line_1_18' title="bbox 317 2378 2081 2494; baseline 0.008 -48"><span class='ocrx_word' id='word_1_170' title='bbox 317 2400 383 2472; x_wconf 92' lang='lat' dir='ltr'>per</span> <span class='ocrx_word' id='word_1_171' title='bbox 400 2378 600 2452; x_wconf 84' lang='lat' dir='ltr'>obedientes</span> <span class='ocrx_word' id='word_1_172' title='bbox 614 2382 765 2460; x_wconf 85' lang='lat' dir='ltr'>efficias.</span> <span class='ocrx_word' id='word_1_173' title='bbox 1168 2415 1207 2470; x_wconf 87' lang='lat' dir='ltr'>ut</span> <span class='ocrx_word' id='word_1_174' title='bbox 1223 2399 1386 2473; x_wconf 81' lang='lat' dir='ltr'>flammant</span> <span class='ocrx_word' id='word_1_175' title='bbox 1401 2397 1490 2494; x_wconf 85' lang='lat' dir='ltr'>ignis</span> <span class='ocrx_word' id='word_1_176' title='bbox 1519 2391 1593 2462; x_wconf 88' lang='lat'>=·&amp;</span> <span class='ocrx_word' id='word_1_177' title='bbox 1622 2392 1727 2484; x_wconf 90' lang='lat' dir='ltr'>pedes</span> <span class='ocrx_word' id='word_1_178' title='bbox 1755 2390 1830 2472; x_wconf 82' lang='lat' dir='ltr'>ejus</span> <span class='ocrx_word' id='word_1_179' title='bbox 1842 2381 1966 2459; x_wconf 83' lang='lat' dir='ltr'>ssmiles</span> <span class='ocrx_word' id='word_1_180' title='bbox 2077 2426 2081 2448; x_wconf 73' lang='grc' dir='ltr'>ι</span> 
     </span>
    </p>

    <p class='ocr_par' dir='ltr' id='par_1_6' title="bbox 237 2482 2057 3159">
     <span class='ocr_line' id='line_1_19' title="bbox 365 2482 2054 2594; baseline 0.003 -42"><span class='ocrx_word' id='word_1_181' title='bbox 365 2489 415 2568; x_wconf 71' lang='lat'>132·</span> <span class='ocrx_word' id='word_1_182' title='bbox 430 2483 561 2554; x_wconf 84' lang='lat' dir='ltr'>Amen.</span> <span class='ocrx_word' id='word_1_183' title='bbox 1168 2494 1362 2572; x_wconf 62' lang='lat' dir='ltr'>auricalco.</span> <span class='ocrx_word' id='word_1_184' title='bbox 1387 2495 1485 2573; x_wconf 76' lang='lat' dir='ltr'>Novi</span> <span class='ocrx_word' id='word_1_185' title='bbox 1500 2511 1607 2585; x_wconf 86' lang='lat' dir='ltr'>opera</span> <span class='ocrx_word' id='word_1_186' title='bbox 1623 2507 1682 2562; x_wconf 89' lang='lat' dir='ltr'>tua</span> <span class='ocrx_word' id='word_1_187' title='bbox 1705 2489 1741 2562; x_wconf 78' lang='lat' dir='ltr'>dc</span> <span class='ocrx_word' id='word_1_188' title='bbox 1763 2482 1967 2594; x_wconf 71' lang='lat' dir='ltr'>charitatem</span> <span class='ocrx_word' id='word_1_189' title='bbox 2051 2521 2054 2525; x_wconf 95' lang='lat'>·</span> 
     </span>
     <span class='ocr_line' id='line_1_20' title="bbox 1170 2583 1967 2679; baseline -0.004 -24"><span class='ocrx_word' id='word_1_190' title='bbox 1170 2596 1208 2666; x_wconf 86' lang='lat'>&amp;</span> <span class='ocrx_word' id='word_1_191' title='bbox 1231 2596 1334 2668; x_wconf 73' lang='lat' dir='ltr'>fidem</span> <span class='ocrx_word' id='word_1_192' title='bbox 1360 2620 1370 2664; x_wconf 61' lang='grc' dir='ltr'><strong>ς</strong></span> <span class='ocrx_word' id='word_1_193' title='bbox 1395 2595 1431 2666; x_wconf 86' lang='lat'>&amp;</span> <span class='ocrx_word' id='word_1_194' title='bbox 1458 2583 1676 2670; x_wconf 79' lang='lat' dir='ltr'>ministerium</span> <span class='ocrx_word' id='word_1_195' title='bbox 1701 2587 1738 2658; x_wconf 74' lang='grc' dir='ltr'>δι</span> <span class='ocrx_word' id='word_1_196' title='bbox 1762 2598 1967 2679; x_wconf 75' lang='lat' dir='ltr'>patientiam</span> 
     </span>
     <span class='ocr_line' id='line_1_21' title="bbox 237 2678 1966 2791; baseline 0.003 -43"><span class='ocrx_word' id='word_1_197' title='bbox 237 2685 286 2740; x_wconf 81' lang='lat'>²0</span> <span class='ocrx_word' id='word_1_198' title='bbox 462 2678 720 2754; x_wconf 69' lang='lat' dir='ltr'>Adorationem</span> <span class='ocrx_word' id='word_1_199' title='bbox 736 2684 972 2761; x_wconf 79' lang='lat' dir='ltr'>Dominicaml</span> <span class='ocrx_word' id='word_1_200' title='bbox 1171 2708 1263 2768; x_wconf 90' lang='lat' dir='ltr'>tuam</span> <span class='ocrx_word' id='word_1_201' title='bbox 1289 2718 1299 2759; x_wconf 75' lang='lat' dir='ltr'>a</span> <span class='ocrx_word' id='word_1_202' title='bbox 1324 2693 1480 2789; x_wconf 87' lang='lat' dir='ltr'>&amp;opera</span> <span class='ocrx_word' id='word_1_203' title='bbox 1496 2705 1555 2761; x_wconf 90' lang='lat' dir='ltr'>tua</span> <span class='ocrx_word' id='word_1_204' title='bbox 1567 2686 1746 2758; x_wconf 84' lang='lat' dir='ltr'>noviffima</span> <span class='ocrx_word' id='word_1_205' title='bbox 1761 2678 1966 2791; x_wconf 75' lang='lat' dir='ltr'>plurapth·</span> 
     </span>
     <span class='ocr_line' id='line_1_22' title="bbox 422 2770 2045 2890; baseline -0.001 -39"><span class='ocrx_word' id='word_1_206' title='bbox 422 2770 540 2885; x_wconf 66' lang='lat' dir='ltr'>Elpice</span> <span class='ocrx_word' id='word_1_207' title='bbox 553 2774 706 2851; x_wconf 89' lang='lat' dir='ltr'>Domine</span> <span class='ocrx_word' id='word_1_208' title='bbox 717 2783 1117 2861; x_wconf 87' lang='lat' dir='ltr'>tuorumsideliummul-</span> <span class='ocrx_word' id='word_1_209' title='bbox 1164 2790 1259 2864; x_wconf 88' lang='lat' dir='ltr'>ribus</span> <span class='ocrx_word' id='word_1_210' title='bbox 1283 2841 1293 2863; x_wconf 89' lang='lat'><strong><em>.</em></strong></span> <span class='ocrx_word' id='word_1_211' title='bbox 1320 2792 1386 2864; x_wconf 88' lang='lat' dir='ltr'>Sed</span> <span class='ocrx_word' id='word_1_212' title='bbox 1418 2791 1530 2863; x_wconf 90' lang='lat' dir='ltr'>habeo</span> <span class='ocrx_word' id='word_1_213' title='bbox 1557 2782 1740 2857; x_wconf 79' lang='lat' dir='ltr'>adversum</span> <span class='ocrx_word' id='word_1_214' title='bbox 1770 2796 1806 2853; x_wconf 89' lang='lat' dir='ltr'>te</span> <span class='ocrx_word' id='word_1_215' title='bbox 1847 2804 1857 2845; x_wconf 79' lang='lat' dir='ltr'>a</span> <span class='ocrx_word' id='word_1_216' title='bbox 1885 2784 2045 2890; x_wconf 64' lang='lat' dir='ltr'>qu1375‘</span> 
     </span>
     <span class='ocr_line' id='line_1_23' title="bbox 433 2871 1977 2984; baseline 0.005 -41"><span class='ocrx_word' id='word_1_217' title='bbox 433 2871 616 2949; x_wconf 64' lang='lat' dir='ltr'>titudinem</span> <span class='ocrx_word' id='word_1_218' title='bbox 657 2902 666 2945; x_wconf 76' lang='lat' dir='ltr'>a</span> <span class='ocrx_word' id='word_1_219' title='bbox 702 2900 801 2968; x_wconf 89' lang='lat' dir='ltr'>quam</span> <span class='ocrx_word' id='word_1_220' title='bbox 827 2908 891 2978; x_wconf 89' lang='lat' dir='ltr'>per</span> <span class='ocrx_word' id='word_1_221' title='bbox 915 2884 1115 2978; x_wconf 87' lang='lat' dir='ltr'>adoptionis</span> <span class='ocrx_word' id='word_1_222' title='bbox 1162 2889 1340 2984; x_wconf 86' lang='lat' dir='ltr'>permittis</span> <span class='ocrx_word' id='word_1_223' title='bbox 1366 2887 1545 2962; x_wconf 88' lang='lat' dir='ltr'>mulierem</span> <span class='ocrx_word' id='word_1_224' title='bbox 1562 2877 1713 2953; x_wconf 88' lang='lat' dir='ltr'>Gezabel</span> <span class='ocrx_word' id='word_1_225' title='bbox 1745 2904 1756 2948; x_wconf 85' lang='lat' dir='ltr'>t</span> <span class='ocrx_word' id='word_1_226' title='bbox 1784 2872 1977 2969; x_wconf 87' lang='lat' dir='ltr'>quesed1·.</span> 
     </span>
     <span class='ocr_line' id='line_1_24' title="bbox 314 2969 1975 3083; baseline 0.005 -43"><span class='ocrx_word' id='word_1_227' title='bbox 314 2969 460 3063; x_wconf 87' lang='lat' dir='ltr'>gratiam</span> <span class='ocrx_word' id='word_1_228' title='bbox 492 2971 565 3044; x_wconf 89' lang='lat' dir='ltr'>filio</span> <span class='ocrx_word' id='word_1_229' title='bbox 583 2987 645 3045; x_wconf 88' lang='lat' dir='ltr'>tuo</span> <span class='ocrx_word' id='word_1_230' title='bbox 661 2975 775 3049; x_wconf 84' lang='lat' dir='ltr'>facere</span> <span class='ocrx_word' id='word_1_231' title='bbox 797 2982 962 3078; x_wconf 83' lang='lat' dir='ltr'>dignatus</span> <span class='ocrx_word' id='word_1_232' title='bbox 988 3005 1025 3054; x_wconf 91' lang='lat' dir='ltr'>es</span> <span class='ocrx_word' id='word_1_233' title='bbox 1050 3010 1114 3059; x_wconf 86' lang='lat' dir='ltr'>co·</span> <span class='ocrx_word' id='word_1_234' title='bbox 1162 2987 1212 3063; x_wconf 84' lang='lat' dir='ltr'>cit</span> <span class='ocrx_word' id='word_1_235' title='bbox 1228 2988 1436 3083; x_wconf 85' lang='lat' dir='ltr'>prophetam</span> <span class='ocrx_word' id='word_1_236' title='bbox 1453 2990 1583 3059; x_wconf 90' lang='lat' dir='ltr'>docere</span> <span class='ocrx_word' id='word_1_237' title='bbox 1609 3002 1619 3047; x_wconf 84' lang='lat' dir='ltr'>t</span> <span class='ocrx_word' id='word_1_238' title='bbox 1646 2981 1682 3052; x_wconf 76' lang='grc' dir='ltr'>δι</span> <span class='ocrx_word' id='word_1_239' title='bbox 1706 2974 1870 3050; x_wconf 80' lang='lat' dir='ltr'>seducere</span> <span class='ocrx_word' id='word_1_240' title='bbox 1890 2970 1975 3083; x_wconf 30' lang='lat' dir='ltr'>,ser-2</span> 
     </span>
     <span class='ocr_line' id='line_1_25' title="bbox 312 3067 1966 3159; baseline 0.005 -24"><span class='ocrx_word' id='word_1_241' title='bbox 312 3067 502 3138; x_wconf 88' lang='lat' dir='ltr'>heredem.</span> <span class='ocrx_word' id='word_1_242' title='bbox 529 3070 619 3142; x_wconf 87' lang='lat' dir='ltr'>Erue</span> <span class='ocrx_word' id='word_1_243' title='bbox 646 3075 788 3149; x_wconf 75' lang='lat' dir='ltr'>cunctos</span> <span class='ocrx_word' id='word_1_244' title='bbox 816 3079 860 3149; x_wconf 88' lang='lat' dir='ltr'>de</span> <span class='ocrx_word' id='word_1_245' title='bbox 884 3078 1035 3154; x_wconf 88' lang='lat' dir='ltr'>saucibus</span> <span class='ocrx_word' id='word_1_246' title='bbox 1047 3105 1114 3157; x_wconf 86' lang='lat' dir='ltr'>vo·</span> <span class='ocrx_word' id='word_1_247' title='bbox 1162 3110 1227 3156; x_wconf 86' lang='lat' dir='ltr'>vos</span> <span class='ocrx_word' id='word_1_248' title='bbox 1242 3110 1336 3159; x_wconf 82' lang='lat' dir='ltr'>meos</span> <span class='ocrx_word' id='word_1_249' title='bbox 1356 3083 1541 3159; x_wconf 78' lang='lat' dir='ltr'>fornicari:</span> <span class='ocrx_word' id='word_1_250' title='bbox 1558 3082 1595 3152; x_wconf 78' lang='grc' dir='ltr'>δι</span> <span class='ocrx_word' id='word_1_251' title='bbox 1612 3076 1813 3148; x_wconf 87' lang='lat' dir='ltr'>manducare</span> <span class='ocrx_word' id='word_1_252' title='bbox 1829 3071 1873 3144; x_wconf 90' lang='lat' dir='ltr'>de</span> <span class='ocrx_word' id='word_1_253' title='bbox 1887 3069 1966 3144; x_wconf 89' lang='lat' dir='ltr'>tdo·</span> 
     </span>
    </p>

    <p class='ocr_par' dir='ltr' id='par_1_7' title="bbox 236 3165 2053 3670">
     <span class='ocr_line' id='line_1_26' title="bbox 236 3165 2053 3333; baseline 0.008 -97"><span class='ocrx_word' id='word_1_254' title='bbox 236 3179 258 3231; x_wconf 82' lang='lat'>2</span> <span class='ocrx_word' id='word_1_255' title='bbox 263 3181 283 3253; x_wconf 86' lang='lat'>5</span> <span class='ocrx_word' id='word_1_256' title='bbox 314 3166 420 3237; x_wconf 88' lang='lat' dir='ltr'>rantis</span> <span class='ocrx_word' id='word_1_257' title='bbox 438 3167 598 3333; x_wconf 42' lang='lat' dir='ltr'>ffehenne</span> <span class='ocrx_word' id='word_1_258' title='bbox 623 3190 634 3235; x_wconf 85' lang='lat' dir='ltr'>a</span> <span class='ocrx_word' id='word_1_259' title='bbox 662 3195 727 3263; x_wconf 91' lang='lat' dir='ltr'>pro</span> <span class='ocrx_word' id='word_1_260' title='bbox 741 3175 861 3268; x_wconf 86' lang='lat' dir='ltr'>quibus</span> <span class='ocrx_word' id='word_1_261' title='bbox 874 3174 964 3252; x_wconf 91' lang='lat' dir='ltr'>idem</span> <span class='ocrx_word' id='word_1_262' title='bbox 979 3179 1113 3251; x_wconf 86' lang='lat' dir='ltr'>tedem·</span> <span class='ocrx_word' id='word_1_263' title='bbox 1163 3177 1275 3256; x_wconf 89' lang='lat' dir='ltr'>lotitis</span> <span class='ocrx_word' id='word_1_264' title='bbox 1288 3230 1298 3252; x_wconf 86' lang='lat'>.</span> <span class='ocrx_word' id='word_1_265' title='bbox 1312 3184 1353 3257; x_wconf 84' lang='lat' dir='ltr'>Et</span> <span class='ocrx_word' id='word_1_266' title='bbox 1366 3182 1446 3256; x_wconf 90' lang='lat' dir='ltr'>dedi</span> <span class='ocrx_word' id='word_1_267' title='bbox 1461 3179 1508 3252; x_wconf 93' lang='lat' dir='ltr'>illi</span> <span class='ocrx_word' id='word_1_268' title='bbox 1524 3195 1659 3266; x_wconf 82' lang='lat' dir='ltr'>tempus</span> <span class='ocrx_word' id='word_1_269' title='bbox 1678 3192 1715 3247; x_wconf 86' lang='lat' dir='ltr'>ut</span> <span class='ocrx_word' id='word_1_270' title='bbox 1730 3165 1961 3278; x_wconf 74' lang='lat' dir='ltr'>penitentiam</span> <span class='ocrx_word' id='word_1_271' title='bbox 2007 3202 2013 3213; x_wconf 89' lang='lat'><em>·</em></span> <span class='ocrx_word' id='word_1_272' title='bbox 2037 3204 2053 3259; x_wconf 64' lang='grc' dir='ltr'>τ.</span> 
     </span>
     <span class='ocr_line' id='line_1_27' title="bbox 310 3264 2039 3376; baseline 0.002 -44"><span class='ocrx_word' id='word_1_273' title='bbox 310 3281 397 3356; x_wconf 88' lang='lat' dir='ltr'>ptor</span> <span class='ocrx_word' id='word_1_274' title='bbox 424 3264 701 3340; x_wconf 85' lang='lat' dir='ltr'>cementissrmus</span> <span class='ocrx_word' id='word_1_275' title='bbox 730 3272 836 3344; x_wconf 90' lang='lat' dir='ltr'>tribus</span> <span class='ocrx_word' id='word_1_276' title='bbox 864 3271 989 3347; x_wconf 88' lang='lat' dir='ltr'>diebus·</span> <span class='ocrx_word' id='word_1_277' title='bbox 1010 3273 1111 3349; x_wconf 89' lang='lat' dir='ltr'>latuit</span> <span class='ocrx_word' id='word_1_278' title='bbox 1163 3302 1297 3376; x_wconf 78' lang='lat' dir='ltr'>agerett</span> <span class='ocrx_word' id='word_1_279' title='bbox 1311 3283 1346 3352; x_wconf 88' lang='lat'>&amp;</span> <span class='ocrx_word' id='word_1_280' title='bbox 1360 3304 1425 3356; x_wconf 92' lang='lat' dir='ltr'>non</span> <span class='ocrx_word' id='word_1_281' title='bbox 1437 3277 1512 3351; x_wconf 88' lang='lat' dir='ltr'>vult</span> <span class='ocrx_word' id='word_1_282' title='bbox 1527 3273 1686 3369; x_wconf 88' lang='lat' dir='ltr'>penitere</span> <span class='ocrx_word' id='word_1_283' title='bbox 1700 3297 1718 3344; x_wconf 90' lang='lat' dir='ltr'>a</span> <span class='ocrx_word' id='word_1_284' title='bbox 1731 3267 1962 3343; x_wconf 83' lang='lat' dir='ltr'>fornicatrone</span> <span class='ocrx_word' id='word_1_285' title='bbox 1988 3273 2039 3348; x_wconf 88' lang='lat'>80</span> 
     </span>
     <span class='ocr_line' id='line_1_28' title="bbox 313 3360 1963 3458; baseline 0.003 -24"><span class='ocrx_word' id='word_1_286' title='bbox 313 3361 350 3434; x_wconf 88' lang='lat' dir='ltr'>in</span> <span class='ocrx_word' id='word_1_287' title='bbox 364 3360 586 3436; x_wconf 80' lang='lat' dir='ltr'>inferioribus</span> <span class='ocrx_word' id='word_1_288' title='bbox 612 3381 733 3438; x_wconf 91' lang='lat' dir='ltr'>terre.</span> <span class='ocrx_word' id='word_1_289' title='bbox 759 3366 858 3443; x_wconf 82' lang='lat' dir='ltr'>Tolle</span> <span class='ocrx_word' id='word_1_290' title='bbox 885 3398 902 3444; x_wconf 92' lang='lat' dir='ltr'>a</span> <span class='ocrx_word' id='word_1_291' title='bbox 935 3373 1034 3447; x_wconf 85' lang='lat' dir='ltr'>nobis</span> <span class='ocrx_word' id='word_1_292' title='bbox 1047 3374 1112 3448; x_wconf 91' lang='lat' dir='ltr'>du·</span> <span class='ocrx_word' id='word_1_293' title='bbox 1162 3377 1244 3452; x_wconf 88' lang='lat' dir='ltr'>sua.</span> <span class='ocrx_word' id='word_1_294' title='bbox 1269 3383 1353 3454; x_wconf 84' lang='lat' dir='ltr'>Ecce</span> <span class='ocrx_word' id='word_1_295' title='bbox 1383 3380 1484 3452; x_wconf 88' lang='lat' dir='ltr'>mitto</span> <span class='ocrx_word' id='word_1_296' title='bbox 1509 3398 1582 3449; x_wconf 88' lang='lat' dir='ltr'>eam</span> <span class='ocrx_word' id='word_1_297' title='bbox 1600 3371 1631 3442; x_wconf 88' lang='lat' dir='ltr'>in</span> <span class='ocrx_word' id='word_1_298' title='bbox 1650 3366 1775 3442; x_wconf 74' lang='lat' dir='ltr'>lectum</span> <span class='ocrx_word' id='word_1_299' title='bbox 1807 3392 1816 3433; x_wconf 70' lang='grc' dir='ltr'><em>ε</em></span> <span class='ocrx_word' id='word_1_300' title='bbox 1843 3368 1880 3439; x_wconf 89' lang='lat'>&amp;</span> <span class='ocrx_word' id='word_1_301' title='bbox 1905 3361 1963 3458; x_wconf 87' lang='lat' dir='ltr'>qui</span> 
     </span>
     <span class='ocr_line' id='line_1_29' title="bbox 312 3458 1966 3555; baseline 0.004 -27"><span class='ocrx_word' id='word_1_302' title='bbox 312 3481 384 3531; x_wconf 90' lang='lat' dir='ltr'>ram</span> <span class='ocrx_word' id='word_1_303' title='bbox 413 3458 597 3555; x_wconf 86' lang='lat' dir='ltr'>pernitiem</span> <span class='ocrx_word' id='word_1_304' title='bbox 626 3489 635 3530; x_wconf 82' lang='lat' dir='ltr'>a</span> <span class='ocrx_word' id='word_1_305' title='bbox 661 3469 699 3537; x_wconf 71' lang='grc' dir='ltr'>ὅ(</span> <span class='ocrx_word' id='word_1_306' title='bbox 726 3466 824 3542; x_wconf 91' lang='lat' dir='ltr'>beate</span> <span class='ocrx_word' id='word_1_307' title='bbox 851 3468 1111 3547; x_wconf 74' lang='lat' dir='ltr'>resurrectionis</span> <span class='ocrx_word' id='word_1_308' title='bbox 1160 3481 1362 3555; x_wconf 88' lang='lat' dir='ltr'>mechantur</span> <span class='ocrx_word' id='word_1_309' title='bbox 1377 3501 1453 3550; x_wconf 84' lang='lat' dir='ltr'>cum</span> <span class='ocrx_word' id='word_1_310' title='bbox 1475 3501 1515 3550; x_wconf 90' lang='lat' dir='ltr'>ea</span> <span class='ocrx_word' id='word_1_311' title='bbox 1547 3472 1580 3542; x_wconf 91' lang='lat' dir='ltr'>in</span> <span class='ocrx_word' id='word_1_312' title='bbox 1602 3464 1867 3541; x_wconf 88' lang='lat' dir='ltr'>tribulationem</span> <span class='ocrx_word' id='word_1_313' title='bbox 1893 3482 1966 3535; x_wconf 88' lang='lat' dir='ltr'>ma·</span> 
     </span>
     <span class='ocr_line' id='line_1_30' title="bbox 312 3557 1963 3670; baseline 0.005 -45"><span class='ocrx_word' id='word_1_314' title='bbox 312 3579 412 3649; x_wconf 91' lang='lat' dir='ltr'>quarn</span> <span class='ocrx_word' id='word_1_315' title='bbox 445 3557 477 3628; x_wconf 92' lang='lat' dir='ltr'>in</span> <span class='ocrx_word' id='word_1_316' title='bbox 506 3560 575 3632; x_wconf 87' lang='lat' dir='ltr'>fine</span> <span class='ocrx_word' id='word_1_317' title='bbox 593 3558 763 3655; x_wconf 84' lang='lat' dir='ltr'>speramus</span> <span class='ocrx_word' id='word_1_318' title='bbox 779 3568 882 3640; x_wconf 87' lang='lat' dir='ltr'>redde</span> <span class='ocrx_word' id='word_1_319' title='bbox 892 3570 1110 3646; x_wconf 86' lang='lat' dir='ltr'>mercedema</span> <span class='ocrx_word' id='word_1_320' title='bbox 1163 3576 1288 3651; x_wconf 87' lang='lat' dir='ltr'>xirnam</span> <span class='ocrx_word' id='word_1_321' title='bbox 1312 3606 1321 3647; x_wconf 88' lang='lat'><em>=</em></span> <span class='ocrx_word' id='word_1_322' title='bbox 1345 3577 1404 3649; x_wconf 86' lang='lat' dir='ltr'>nist</span> <span class='ocrx_word' id='word_1_323' title='bbox 1422 3566 1649 3668; x_wconf 89' lang='lat' dir='ltr'>penitentiam</span> <span class='ocrx_word' id='word_1_324' title='bbox 1663 3563 1800 3663; x_wconf 87' lang='lat' dir='ltr'>egerint</span> <span class='ocrx_word' id='word_1_325' title='bbox 1816 3560 1857 3634; x_wconf 91' lang='lat' dir='ltr'>ab</span> <span class='ocrx_word' id='word_1_326' title='bbox 1873 3583 1963 3670; x_wconf 78' lang='lat' dir='ltr'>ope·</span> 
     </span>
    </p>

    <p class='ocr_par' dir='ltr' id='par_1_8' title="bbox 235 3657 2048 3860">
     <span class='ocr_line' id='line_1_31' title="bbox 235 3657 2048 3765; baseline 0.014 -42"><span class='ocrx_word' id='word_1_327' title='bbox 235 3672 283 3746; x_wconf 88' lang='lat'>30</span> <span class='ocrx_word' id='word_1_328' title='bbox 313 3677 483 3747; x_wconf 87' lang='lat' dir='ltr'>pereum</span> <span class='ocrx_word' id='word_1_329' title='bbox 514 3657 659 3752; x_wconf 90' lang='lat' dir='ltr'>quinos</span> <span class='ocrx_word' id='word_1_330' title='bbox 685 3663 805 3739; x_wconf 88' lang='lat' dir='ltr'>docuit</span> <span class='ocrx_word' id='word_1_331' title='bbox 830 3671 989 3742; x_wconf 87' lang='lat' dir='ltr'>orare&amp;</span> <span class='ocrx_word' id='word_1_332' title='bbox 1018 3669 1111 3744; x_wconf 88' lang='lat' dir='ltr'>dice·</span> <span class='ocrx_word' id='word_1_333' title='bbox 1162 3672 1253 3746; x_wconf 87' lang='lat' dir='ltr'>ribus</span> <span class='ocrx_word' id='word_1_334' title='bbox 1281 3681 1355 3764; x_wconf 78' lang='lat' dir='ltr'>eius</span> <span class='ocrx_word' id='word_1_335' title='bbox 1384 3702 1393 3744; x_wconf 79' lang='lat' dir='ltr'>a</span> <span class='ocrx_word' id='word_1_336' title='bbox 1423 3669 1576 3746; x_wconf 85' lang='lat' dir='ltr'>&amp;lilios</span> <span class='ocrx_word' id='word_1_337' title='bbox 1601 3668 1675 3748; x_wconf 70' lang='lat' dir='ltr'>elUS</span> <span class='ocrx_word' id='word_1_338' title='bbox 1707 3660 1914 3736; x_wconf 61' lang='lat' dir='ltr'>inteffislim</span> <span class='ocrx_word' id='word_1_339' title='bbox 1929 3680 1966 3727; x_wconf 84' lang='lat'>¹¹¹</span> <span class='ocrx_word' id='word_1_340' title='bbox 2033 3698 2048 3765; x_wconf 74' lang='lat' dir='ltr'>‘z</span> 
     </span>
     <span class='ocr_line' id='line_1_32' title="bbox 312 3755 2034 3860; baseline 0.001 -34"><span class='ocrx_word' id='word_1_341' title='bbox 312 3773 351 3826; x_wconf 92' lang='lat' dir='ltr'>re</span> <span class='ocrx_word' id='word_1_342' title='bbox 367 3799 378 3822; x_wconf 88' lang='lat'><strong>.</strong></span> <span class='ocrx_word' id='word_1_343' title='bbox 405 3755 508 3828; x_wconf 90' lang='lat' dir='ltr'>Patet</span> <span class='ocrx_word' id='word_1_344' title='bbox 524 3757 639 3831; x_wconf 89' lang='lat' dir='ltr'>noller</span> <span class='ocrx_word' id='word_1_345' title='bbox 651 3761 709 3852; x_wconf 93' lang='lat' dir='ltr'>qui</span> <span class='ocrx_word' id='word_1_346' title='bbox 723 3786 758 3834; x_wconf 89' lang='lat' dir='ltr'>es</span> <span class='ocrx_word' id='word_1_347' title='bbox 771 3760 804 3833; x_wconf 93' lang='lat' dir='ltr'>in</span> <span class='ocrx_word' id='word_1_348' title='bbox 820 3762 919 3837; x_wconf 87' lang='lat' dir='ltr'>celis.</span> <span class='ocrx_word' id='word_1_349' title='bbox 1165 3776 1279 3846; x_wconf 87' lang='lat' dir='ltr'>morte</span> <span class='ocrx_word' id='word_1_350' title='bbox 1295 3822 1306 3844; x_wconf 87' lang='lat'><strong>.</strong></span> <span class='ocrx_word' id='word_1_351' title='bbox 1332 3775 1373 3847; x_wconf 82' lang='lat' dir='ltr'>Et</span> <span class='ocrx_word' id='word_1_352' title='bbox 1391 3772 1625 3845; x_wconf 89' lang='lat' dir='ltr'>scientomnes</span> <span class='ocrx_word' id='word_1_353' title='bbox 1640 3758 1785 3835; x_wconf 81' lang='lat' dir='ltr'>Ecclelie</span> <span class='ocrx_word' id='word_1_354' title='bbox 1801 3758 1912 3850; x_wconf 88' lang='lat' dir='ltr'>quiae</span> <span class='ocrx_word' id='word_1_355' title='bbox 1941 3777 1965 3827; x_wconf 95' lang='lat' dir='ltr'>o</span> <span class='ocrx_word' id='word_1_356' title='bbox 1988 3766 2034 3860; x_wconf 83' lang='lat'>85</span> 
     </span>
    </p>

    <p class='ocr_par' dir='ltr' id='par_1_9' title="bbox 306 3781 1964 4164">
     <span class='ocr_line' id='line_1_33' title="bbox 360 3781 1940 3952; baseline 0.004 -31"><span class='ocrx_word' id='word_1_357' title='bbox 360 3853 425 3923; x_wconf 81' lang='lat' dir='ltr'>Hic</span> <span class='ocrx_word' id='word_1_358' title='bbox 441 3853 530 3924; x_wconf 85' lang='lat' dir='ltr'>dicat</span> <span class='ocrx_word' id='word_1_359' title='bbox 544 3853 728 3952; x_wconf 70' lang='lat' dir='ltr'>Presbyter</span> <span class='ocrx_word' id='word_1_360' title='bbox 753 3861 846 3937; x_wconf 89' lang='lat' dir='ltr'>Vicit</span> <span class='ocrx_word' id='word_1_361' title='bbox 876 3865 977 3938; x_wconf 86' lang='lat' dir='ltr'>Leo.</span> <span class='ocrx_word' id='word_1_362' title='bbox 1005 3864 1117 3939; x_wconf 83' lang='lat' dir='ltr'>tribus</span> <span class='ocrx_word' id='word_1_363' title='bbox 1166 3870 1237 3943; x_wconf 89' lang='lat' dir='ltr'>sum</span> <span class='ocrx_word' id='word_1_364' title='bbox 1263 3870 1415 3944; x_wconf 85' lang='lat' dir='ltr'>scrutans</span> <span class='ocrx_word' id='word_1_365' title='bbox 1445 3871 1552 3943; x_wconf 92' lang='lat' dir='ltr'>corda</span> <span class='ocrx_word' id='word_1_366' title='bbox 1579 3864 1615 3936; x_wconf 77' lang='lat' dir='ltr'>dl</span> <span class='ocrx_word' id='word_1_367' title='bbox 1637 3879 1737 3934; x_wconf 86' lang='lat' dir='ltr'>tenes</span> <span class='ocrx_word' id='word_1_368' title='bbox 1768 3884 1778 3928; x_wconf 87' lang='lat' dir='ltr'>t</span> <span class='ocrx_word' id='word_1_369' title='bbox 1807 3859 1844 3928; x_wconf 75' lang='lat' dir='ltr'>dl</span> <span class='ocrx_word' id='word_1_370' title='bbox 1871 3781 1940 3928; x_wconf 73' lang='lat' dir='ltr'>dai</span> 
     </span>
     <span class='ocr_line' id='line_1_34' title="bbox 311 3944 1964 4066; baseline 0.004 -45"><span class='ocrx_word' id='word_1_371' title='bbox 311 3944 447 4021; x_wconf 81' lang='lat' dir='ltr'>vicibus</span> <span class='ocrx_word' id='word_1_372' title='bbox 461 3963 500 4019; x_wconf 82' lang='lat' dir='ltr'>ut</span> <span class='ocrx_word' id='word_1_373' title='bbox 515 3952 639 4026; x_wconf 57' lang='lat' dir='ltr'>disum</span> <span class='ocrx_word' id='word_1_374' title='bbox 662 3952 704 4039; x_wconf 75' lang='lat' dir='ltr'>cll</span> <span class='ocrx_word' id='word_1_375' title='bbox 723 3960 758 4030; x_wconf 86' lang='lat' dir='ltr'>in</span> <span class='ocrx_word' id='word_1_376' title='bbox 769 3962 823 4033; x_wconf 85' lang='lat' dir='ltr'>die</span> <span class='ocrx_word' id='word_1_377' title='bbox 837 3964 1118 4051; x_wconf 66' lang='lat' dir='ltr'>lqefiarrellionis.</span> <span class='ocrx_word' id='word_1_378' title='bbox 1166 3969 1346 4066; x_wconf 86' lang='lat' dir='ltr'>unicuique</span> <span class='ocrx_word' id='word_1_379' title='bbox 1363 3970 1507 4042; x_wconf 84' lang='lat' dir='ltr'>velitum</span> <span class='ocrx_word' id='word_1_380' title='bbox 1520 3959 1700 4036; x_wconf 86' lang='lat' dir='ltr'>secundum</span> <span class='ocrx_word' id='word_1_381' title='bbox 1713 3978 1820 4050; x_wconf 88' lang='lat' dir='ltr'>opera</span> <span class='ocrx_word' id='word_1_382' title='bbox 1833 3952 1964 4065; x_wconf 75' lang='lat' dir='ltr'>vestra·</span> 
     </span>
     <span class='ocr_line' id='line_1_35' title="bbox 306 4044 1964 4164; baseline -0.006 -29"><span class='ocrx_word' id='word_1_383' title='bbox 306 4044 544 4135; x_wconf 59' lang='lat' dir='ltr'>formarent,</span> <span class='ocrx_word' id='word_1_384' title='bbox 575 4050 763 4128; x_wconf 89' lang='lat' dir='ltr'>Humiliate</span> <span class='ocrx_word' id='word_1_385' title='bbox 782 4054 1117 4135; x_wconf 66' lang='lat' dir='ltr'>vosbenedidlioni&#39;.</span> <span class='ocrx_word' id='word_1_386' title='bbox 1167 4067 1273 4140; x_wconf 89' lang='lat' dir='ltr'>Vobis</span> <span class='ocrx_word' id='word_1_387' title='bbox 1290 4086 1402 4142; x_wconf 85' lang='lat' dir='ltr'>autem</span> <span class='ocrx_word' id='word_1_388' title='bbox 1417 4067 1498 4139; x_wconf 90' lang='lat' dir='ltr'>dico</span> <span class='ocrx_word' id='word_1_389' title='bbox 1523 4064 1558 4135; x_wconf 81' lang='lat' dir='ltr'>dc</span> <span class='ocrx_word' id='word_1_390' title='bbox 1582 4055 1709 4133; x_wconf 87' lang='lat' dir='ltr'>ceteris</span> <span class='ocrx_word' id='word_1_391' title='bbox 1736 4049 1964 4164; x_wconf 67' lang='lat' dir='ltr'>quiliatlttre</span> 
     </span>
    </p>

    <p class='ocr_par' dir='ltr' id='par_1_10' title="bbox 237 4143 2044 4259">
     <span class='ocr_line' id='line_1_36' title="bbox 237 4143 2044 4259; baseline 0.003 -42"><span class='ocrx_word' id='word_1_392' title='bbox 237 4159 256 4236; x_wconf 87' lang='lat'><em>3</em></span> <span class='ocrx_word' id='word_1_393' title='bbox 264 4158 282 4235; x_wconf 84' lang='lat'><em>5</em></span> <span class='ocrx_word' id='word_1_394' title='bbox 313 4143 484 4222; x_wconf 88' lang='lat' dir='ltr'>Dominus</span> <span class='ocrx_word' id='word_1_395' title='bbox 498 4144 540 4222; x_wconf 87' lang='lat' dir='ltr'>fit</span> <span class='ocrx_word' id='word_1_396' title='bbox 557 4145 691 4248; x_wconf 87' lang='lat' dir='ltr'>semper</span> <span class='ocrx_word' id='word_1_397' title='bbox 706 4154 896 4234; x_wconf 83' lang='lat' dir='ltr'>vobiscum.</span> <span class='ocrx_word' id='word_1_398' title='bbox 911 4160 1004 4250; x_wconf 63' lang='lat' dir='ltr'>subt</span> <span class='ocrx_word' id='word_1_399' title='bbox 1018 4181 1116 4234; x_wconf 87' lang='lat' dir='ltr'>cum.</span> <span class='ocrx_word' id='word_1_400' title='bbox 1165 4165 1241 4237; x_wconf 87' lang='lat' dir='ltr'>estis</span> <span class='ocrx_word' id='word_1_401' title='bbox 1272 4194 1281 4232; x_wconf 74' lang='grc' dir='ltr'><strong><em>ε</em></strong></span> <span class='ocrx_word' id='word_1_402' title='bbox 1309 4165 1499 4259; x_wconf 86' lang='lat' dir='ltr'>quicunque</span> <span class='ocrx_word' id='word_1_403' title='bbox 1520 4167 1817 4250; x_wconf 85' lang='lat' dir='ltr'>noncognoverrt</span> <span class='ocrx_word' id='word_1_404' title='bbox 1843 4146 1965 4223; x_wconf 76' lang='lat' dir='ltr'>altitu·</span> <span class='ocrx_word' id='word_1_405' title='bbox 2032 4188 2044 4203; x_wconf 63' lang='lat'><strong>⁴</strong></span> 
     </span>
    </p>

    <p class='ocr_par' dir='ltr' id='par_1_11' title="bbox 236 4247 2035 4353">
     <span class='ocr_line' id='line_1_37' title="bbox 236 4247 2035 4353; baseline -0.009 -22"><span class='ocrx_word' id='word_1_406' title='bbox 236 4268 239 4275; x_wconf 90' lang='lat'>&#39;</span> <span class='ocrx_word' id='word_1_407' title='bbox 1164 4261 1278 4336; x_wconf 92' lang='lat' dir='ltr'>dinem</span> <span class='ocrx_word' id='word_1_408' title='bbox 1295 4265 1443 4337; x_wconf 87' lang='lat' dir='ltr'>Sathane</span> <span class='ocrx_word' id='word_1_409' title='bbox 1463 4288 1474 4331; x_wconf 79' lang='lat' dir='ltr'>a</span> <span class='ocrx_word' id='word_1_410' title='bbox 1502 4251 1790 4353; x_wconf 90' lang='lat' dir='ltr'>quemadmodum</span> <span class='ocrx_word' id='word_1_411' title='bbox 1813 4247 1932 4320; x_wconf 90' lang='lat' dir='ltr'>dicunt</span> <span class='ocrx_word' id='word_1_412' title='bbox 1949 4268 1965 4325; x_wconf 72' lang='lat' dir='ltr'>a,</span> <span class='ocrx_word' id='word_1_413' title='bbox 1982 4273 2035 4344; x_wconf 87' lang='lat'>90</span> 
     </span>
    </p>

    <p class='ocr_par' dir='ltr' id='par_1_12' title="bbox 422 4345 1960 4652">
     <span class='ocr_line' id='line_1_38' title="bbox 609 4345 1960 4453; baseline -0.006 -34"><span class='ocrx_word' id='word_1_414' title='bbox 609 4352 821 4426; x_wconf 66' lang='lat' dir='ltr'>benedetto.</span> <span class='ocrx_word' id='word_1_415' title='bbox 1092 4394 1096 4400; x_wconf 97' lang='lat'><em>·</em></span> <span class='ocrx_word' id='word_1_416' title='bbox 1164 4385 1234 4437; x_wconf 92' lang='lat' dir='ltr'>non</span> <span class='ocrx_word' id='word_1_417' title='bbox 1266 4362 1398 4436; x_wconf 90' lang='lat' dir='ltr'>mittam</span> <span class='ocrx_word' id='word_1_418' title='bbox 1436 4360 1536 4453; x_wconf 88' lang='lat' dir='ltr'>super</span> <span class='ocrx_word' id='word_1_419' title='bbox 1572 4376 1637 4426; x_wconf 91' lang='lat' dir='ltr'>vos</span> <span class='ocrx_word' id='word_1_420' title='bbox 1674 4347 1766 4424; x_wconf 89' lang='lat' dir='ltr'>aliud</span> <span class='ocrx_word' id='word_1_421' title='bbox 1796 4345 1960 4441; x_wconf 85' lang='lat' dir='ltr'>pondus.</span> 
     </span>
     <span class='ocr_line' id='line_1_39' title="bbox 422 4439 1958 4553; baseline -0.003 -39"><span class='ocrx_word' id='word_1_422' title='bbox 422 4439 673 4530; x_wconf 81' lang='lat' dir='ltr'>Ominus‘lesus</span> <span class='ocrx_word' id='word_1_423' title='bbox 687 4448 842 4523; x_wconf 86' lang='lat' dir='ltr'>Christus</span> <span class='ocrx_word' id='word_1_424' title='bbox 867 4455 925 4548; x_wconf 86' lang='lat' dir='ltr'>qui</span> <span class='ocrx_word' id='word_1_425' title='bbox 943 4480 1010 4551; x_wconf 88' lang='lat' dir='ltr'>pro</span> <span class='ocrx_word' id='word_1_426' title='bbox 1026 4454 1112 4531; x_wconf 88' lang='lat' dir='ltr'>deli·</span> <span class='ocrx_word' id='word_1_427' title='bbox 1163 4462 1316 4537; x_wconf 86' lang='lat' dir='ltr'>Tandem</span> <span class='ocrx_word' id='word_1_428' title='bbox 1341 4460 1373 4530; x_wconf 92' lang='lat' dir='ltr'>id</span> <span class='ocrx_word' id='word_1_429' title='bbox 1390 4458 1482 4553; x_wconf 91' lang='lat' dir='ltr'>quod</span> <span class='ocrx_word' id='word_1_430' title='bbox 1506 4449 1639 4528; x_wconf 89' lang='lat' dir='ltr'>habetis</span> <span class='ocrx_word' id='word_1_431' title='bbox 1663 4466 1783 4522; x_wconf 85' lang='lat' dir='ltr'>tenete</span> <span class='ocrx_word' id='word_1_432' title='bbox 1811 4445 1958 4550; x_wconf 75' lang='lat' dir='ltr'>:douec</span> 
     </span>
     <span class='ocr_line' id='line_1_40' title="bbox 434 4537 1960 4652; baseline -0.001 -42"><span class='ocrx_word' id='word_1_433' title='bbox 434 4537 496 4611; x_wconf 78' lang='lat' dir='ltr'>ctis</span> <span class='ocrx_word' id='word_1_434' title='bbox 511 4546 632 4617; x_wconf 88' lang='lat' dir='ltr'>nollris</span> <span class='ocrx_word' id='word_1_435' title='bbox 656 4572 666 4614; x_wconf 79' lang='lat' dir='ltr'>a</span> <span class='ocrx_word' id='word_1_436' title='bbox 693 4548 729 4619; x_wconf 79' lang='grc' dir='ltr'>δι</span> <span class='ocrx_word' id='word_1_437' title='bbox 744 4570 877 4624; x_wconf 86' lang='lat' dir='ltr'>crucem</span> <span class='ocrx_word' id='word_1_438' title='bbox 908 4548 1049 4647; x_wconf 91' lang='lat' dir='ltr'>pertulit</span> <span class='ocrx_word' id='word_1_439' title='bbox 1073 4557 1109 4628; x_wconf 88' lang='lat'>&amp;</span> <span class='ocrx_word' id='word_1_440' title='bbox 1158 4560 1292 4633; x_wconf 86' lang='lat' dir='ltr'>veniam</span> <span class='ocrx_word' id='word_1_441' title='bbox 1308 4605 1318 4627; x_wconf 85' lang='lat'><strong><em>.</em></strong></span> <span class='ocrx_word' id='word_1_442' title='bbox 1346 4560 1387 4630; x_wconf 81' lang='lat' dir='ltr'>Et</span> <span class='ocrx_word' id='word_1_443' title='bbox 1403 4556 1460 4648; x_wconf 93' lang='lat' dir='ltr'>qui</span> <span class='ocrx_word' id='word_1_444' title='bbox 1474 4550 1618 4625; x_wconf 87' lang='lat' dir='ltr'>vicerit:</span> <span class='ocrx_word' id='word_1_445' title='bbox 1635 4549 1670 4620; x_wconf 76' lang='grc' dir='ltr'>δι</span> <span class='ocrx_word' id='word_1_446' title='bbox 1684 4543 1741 4638; x_wconf 90' lang='lat' dir='ltr'>qui</span> <span class='ocrx_word' id='word_1_447' title='bbox 1756 4540 1960 4652; x_wconf 64' lang='lat' dir='ltr'>custodierit</span> 
     </span>
    </p>

    <p class='ocr_par' dir='ltr' id='par_1_13' title="bbox 230 4630 2042 5141">
     <span class='ocr_line' id='line_1_41' title="bbox 230 4630 2042 4750; baseline -0.003 -41"><span class='ocrx_word' id='word_1_448' title='bbox 230 4655 282 4732; x_wconf 72' lang='lat'>40</span> <span class='ocrx_word' id='word_1_449' title='bbox 313 4630 535 4728; x_wconf 79' lang='lat' dir='ltr'>sepulcruma</span> <span class='ocrx_word' id='word_1_450' title='bbox 561 4642 764 4740; x_wconf 91' lang='lat' dir='ltr'>incorrupte</span> <span class='ocrx_word' id='word_1_451' title='bbox 780 4671 846 4720; x_wconf 88' lang='lat' dir='ltr'>vos</span> <span class='ocrx_word' id='word_1_452' title='bbox 875 4650 975 4725; x_wconf 88' lang='lat' dir='ltr'>faciat</span> <span class='ocrx_word' id='word_1_453' title='bbox 989 4652 1108 4725; x_wconf 87' lang='lat' dir='ltr'>obser·</span> <span class='ocrx_word' id='word_1_454' title='bbox 1159 4655 1263 4748; x_wconf 87' lang='lat' dir='ltr'>usque</span> <span class='ocrx_word' id='word_1_455' title='bbox 1291 4655 1323 4729; x_wconf 90' lang='lat' dir='ltr'>in</span> <span class='ocrx_word' id='word_1_456' title='bbox 1345 4657 1562 4744; x_wconf 79' lang='lat' dir='ltr'>sinemopera</span> <span class='ocrx_word' id='word_1_457' title='bbox 1578 4668 1651 4717; x_wconf 86' lang='lat' dir='ltr'>ntea</span> <span class='ocrx_word' id='word_1_458' title='bbox 1680 4669 1690 4708; x_wconf 73' lang='grc' dir='ltr'><em>τ</em></span> <span class='ocrx_word' id='word_1_459' title='bbox 1712 4640 1802 4714; x_wconf 89' lang='lat' dir='ltr'>dabo</span> <span class='ocrx_word' id='word_1_460' title='bbox 1819 4635 1867 4750; x_wconf 83' lang='lat' dir='ltr'>tllr</span> <span class='ocrx_word' id='word_1_461' title='bbox 1881 4656 1958 4749; x_wconf 80' lang='lat' dir='ltr'>po·</span> <span class='ocrx_word' id='word_1_462' title='bbox 2039 4706 2042 4715; x_wconf 77' lang='grc'><em>,</em></span> 
     </span>
     <span class='ocr_line' id='line_1_42' title="bbox 310 4732 2028 4849; baseline 0 -45"><span class='ocrx_word' id='word_1_463' title='bbox 310 4755 396 4805; x_wconf 88' lang='lat' dir='ltr'>vare</span> <span class='ocrx_word' id='word_1_464' title='bbox 436 4737 685 4834; x_wconf 86' lang='lat' dir='ltr'>redemptionis</span> <span class='ocrx_word' id='word_1_465' title='bbox 724 4743 836 4816; x_wconf 87' lang='lat' dir='ltr'>vellre</span> <span class='ocrx_word' id='word_1_466' title='bbox 875 4747 1109 4842; x_wconf 87' lang='lat' dir='ltr'>mysterium.</span> <span class='ocrx_word' id='word_1_467' title='bbox 1159 4756 1313 4827; x_wconf 83' lang='lat' dir='ltr'>testatem</span> <span class='ocrx_word' id='word_1_468' title='bbox 1338 4751 1438 4846; x_wconf 88' lang='lat' dir='ltr'>supet</span> <span class='ocrx_word' id='word_1_469' title='bbox 1462 4765 1586 4842; x_wconf 86' lang='lat' dir='ltr'>gentes</span> <span class='ocrx_word' id='word_1_470' title='bbox 1614 4767 1624 4805; x_wconf 74' lang='lat' dir='ltr'>a</span> <span class='ocrx_word' id='word_1_471' title='bbox 1651 4741 1687 4812; x_wconf 81' lang='lat' dir='ltr'>dt</span> <span class='ocrx_word' id='word_1_472' title='bbox 1715 4732 1954 4849; x_wconf 55' lang='lat' dir='ltr'>regetpllassn</span> <span class='ocrx_word' id='word_1_473' title='bbox 1978 4758 2028 4834; x_wconf 85' lang='lat'>95</span> 
     </span>
     <span class='ocr_line' id='line_1_43' title="bbox 308 4832 1963 4949; baseline -0.001 -45"><span class='ocrx_word' id='word_1_474' title='bbox 308 4840 363 4926; x_wconf 70' lang='lat' dir='ltr'>lje·</span> <span class='ocrx_word' id='word_1_475' title='bbox 378 4835 516 4910; x_wconf 83' lang='lat' dir='ltr'>Amen.</span> <span class='ocrx_word' id='word_1_476' title='bbox 543 4840 587 4911; x_wconf 88' lang='lat' dir='ltr'>Et</span> <span class='ocrx_word' id='word_1_477' title='bbox 602 4839 659 4933; x_wconf 90' lang='lat' dir='ltr'>qui</span> <span class='ocrx_word' id='word_1_478' title='bbox 676 4861 742 4934; x_wconf 91' lang='lat' dir='ltr'>pro</span> <span class='ocrx_word' id='word_1_479' title='bbox 755 4840 858 4916; x_wconf 86' lang='lat' dir='ltr'>vobis</span> <span class='ocrx_word' id='word_1_480' title='bbox 871 4847 1022 4920; x_wconf 89' lang='lat' dir='ltr'>moriens</span> <span class='ocrx_word' id='word_1_481' title='bbox 1037 4846 1110 4921; x_wconf 88' lang='lat' dir='ltr'>sur·</span> <span class='ocrx_word' id='word_1_482' title='bbox 1159 4852 1261 4949; x_wconf 86' lang='lat' dir='ltr'>virga</span> <span class='ocrx_word' id='word_1_483' title='bbox 1288 4854 1422 4925; x_wconf 85' lang='lat' dir='ltr'>ferrea.</span> <span class='ocrx_word' id='word_1_484' title='bbox 1449 4845 1624 4937; x_wconf 83' lang='lat' dir='ltr'>Tanquam</span> <span class='ocrx_word' id='word_1_485' title='bbox 1652 4861 1713 4910; x_wconf 81' lang='lat' dir='ltr'>vas</span> <span class='ocrx_word' id='word_1_486' title='bbox 1742 4832 1838 4931; x_wconf 74' lang='lat' dir='ltr'>figuli</span> <span class='ocrx_word' id='word_1_487' title='bbox 1865 4855 1963 4906; x_wconf 90' lang='lat' dir='ltr'>con-.</span> 
     </span>
     <span class='ocr_line' id='line_1_44' title="bbox 308 4928 1962 5047; baseline 0 -43"><span class='ocrx_word' id='word_1_488' title='bbox 308 4928 402 5004; x_wconf 88' lang='lat' dir='ltr'>rexit</span> <span class='ocrx_word' id='word_1_489' title='bbox 432 4931 489 5004; x_wconf 92' lang='lat' dir='ltr'>die</span> <span class='ocrx_word' id='word_1_490' title='bbox 520 4936 631 5009; x_wconf 86' lang='lat' dir='ltr'>tertio</span> <span class='ocrx_word' id='word_1_491' title='bbox 655 4941 698 5008; x_wconf 88' lang='lat' dir='ltr'>de</span> <span class='ocrx_word' id='word_1_492' title='bbox 719 4938 875 5030; x_wconf 86' lang='lat' dir='ltr'>sepulcro</span> <span class='ocrx_word' id='word_1_493' title='bbox 904 4948 923 5012; x_wconf 67' lang='grc' dir='ltr'>ι’</span> <span class='ocrx_word' id='word_1_494' title='bbox 940 4943 1107 5042; x_wconf 83' lang='lat' dir='ltr'>sanguine</span> <span class='ocrx_word' id='word_1_495' title='bbox 1156 4947 1453 5047; x_wconf 81' lang='lat' dir='ltr'>fringenturasrcut</span> <span class='ocrx_word' id='word_1_496' title='bbox 1467 4943 1501 5014; x_wconf 75' lang='lat' dir='ltr'>dl</span> <span class='ocrx_word' id='word_1_497' title='bbox 1517 4961 1585 5036; x_wconf 87' lang='lat' dir='ltr'>ego</span> <span class='ocrx_word' id='word_1_498' title='bbox 1598 4934 1848 5030; x_wconf 87' lang='lat' dir='ltr'>accepial’atre</span> <span class='ocrx_word' id='word_1_499' title='bbox 1865 4952 1962 5004; x_wconf 76' lang='lat' dir='ltr'>meos</span> 
     </span>
     <span class='ocr_line' id='line_1_45' title="bbox 308 5026 1960 5141; baseline 0.001 -44"><span class='ocrx_word' id='word_1_500' title='bbox 308 5026 370 5098; x_wconf 88' lang='lat' dir='ltr'>suo</span> <span class='ocrx_word' id='word_1_501' title='bbox 383 5051 446 5102; x_wconf 90' lang='lat' dir='ltr'>vos</span> <span class='ocrx_word' id='word_1_502' title='bbox 461 5035 621 5128; x_wconf 87' lang='lat' dir='ltr'>purificet</span> <span class='ocrx_word' id='word_1_503' title='bbox 638 5030 799 5110; x_wconf 74' lang='lat' dir='ltr'>adelida</span> <span class='ocrx_word' id='word_1_504' title='bbox 814 5085 824 5108; x_wconf 84' lang='lat'>.</span> <span class='ocrx_word' id='word_1_505' title='bbox 844 5051 894 5135; x_wconf 76' lang='lat'>132·</span> <span class='ocrx_word' id='word_1_506' title='bbox 907 5045 1019 5116; x_wconf 84' lang='lat' dir='ltr'>Amen</span> <span class='ocrx_word' id='word_1_507' title='bbox 1034 5090 1045 5113; x_wconf 86' lang='lat'><strong>.</strong></span> <span class='ocrx_word' id='word_1_508' title='bbox 1060 5046 1108 5116; x_wconf 90' lang='lat' dir='ltr'>Ut</span> <span class='ocrx_word' id='word_1_509' title='bbox 1156 5047 1248 5123; x_wconf 92' lang='lat' dir='ltr'>dabo</span> <span class='ocrx_word' id='word_1_510' title='bbox 1263 5043 1313 5118; x_wconf 91' lang='lat' dir='ltr'>illi</span> <span class='ocrx_word' id='word_1_511' title='bbox 1330 5041 1453 5117; x_wconf 88' lang='lat' dir='ltr'>llellam</span> <span class='ocrx_word' id='word_1_512' title='bbox 1465 5036 1664 5111; x_wconf 88' lang='lat' dir='ltr'>matutinam</span> <span class='ocrx_word' id='word_1_513' title='bbox 1677 5080 1687 5102; x_wconf 88' lang='lat'><strong>.</strong></span> <span class='ocrx_word' id='word_1_514' title='bbox 1702 5030 1882 5121; x_wconf 81' lang='lat' dir='ltr'>Qihabet</span> <span class='ocrx_word' id='word_1_515' title='bbox 1897 5051 1960 5141; x_wconf 83' lang='lat' dir='ltr'>au·</span> 
     </span>
    </p>

    <p class='ocr_par' dir='ltr' id='par_1_14' title="bbox 227 5123 1956 5630">
     <span class='ocr_line' id='line_1_46' title="bbox 227 5123 1956 5234; baseline 0.001 -36"><span class='ocrx_word' id='word_1_516' title='bbox 227 5136 276 5220; x_wconf 71' lang='lat'>45</span> <span class='ocrx_word' id='word_1_517' title='bbox 306 5126 395 5199; x_wconf 74' lang='lat' dir='ltr'>sicut</span> <span class='ocrx_word' id='word_1_518' title='bbox 416 5128 449 5200; x_wconf 90' lang='lat' dir='ltr'>ei</span> <span class='ocrx_word' id='word_1_519' title='bbox 478 5130 670 5227; x_wconf 88' lang='lat' dir='ltr'>consepulti</span> <span class='ocrx_word' id='word_1_520' title='bbox 696 5132 773 5207; x_wconf 85' lang='lat' dir='ltr'>estis</span> <span class='ocrx_word' id='word_1_521' title='bbox 788 5134 992 5232; x_wconf 90' lang='lat' dir='ltr'>baptismate</span> <span class='ocrx_word' id='word_1_522' title='bbox 1020 5169 1030 5209; x_wconf 80' lang='lat' dir='ltr'>a</span> <span class='ocrx_word' id='word_1_523' title='bbox 1058 5140 1109 5213; x_wconf 89' lang='lat' dir='ltr'>ita</span> <span class='ocrx_word' id='word_1_524' title='bbox 1159 5169 1235 5218; x_wconf 82' lang='lat' dir='ltr'>tem</span> <span class='ocrx_word' id='word_1_525' title='bbox 1251 5142 1365 5220; x_wconf 90' lang='lat' dir='ltr'>audiat</span> <span class='ocrx_word' id='word_1_526' title='bbox 1390 5171 1399 5211; x_wconf 79' lang='lat' dir='ltr'>a</span> <span class='ocrx_word' id='word_1_527' title='bbox 1425 5140 1506 5234; x_wconf 91' lang='lat' dir='ltr'>quid</span> <span class='ocrx_word' id='word_1_528' title='bbox 1520 5134 1657 5231; x_wconf 89' lang='lat' dir='ltr'>spiritus</span> <span class='ocrx_word' id='word_1_529' title='bbox 1674 5123 1956 5208; x_wconf 82' lang='lat' dir='ltr'>dicatEcclefirs.</span> 
     </span>
     <span class='ocr_line' id='line_1_47' title="bbox 306 5223 1815 5338; baseline 0.012 -45"><span class='ocrx_word' id='word_1_530' title='bbox 306 5223 410 5298; x_wconf 88' lang='lat' dir='ltr'>vobis</span> <span class='ocrx_word' id='word_1_531' title='bbox 430 5230 545 5306; x_wconf 90' lang='lat' dir='ltr'>omnia</span> <span class='ocrx_word' id='word_1_532' title='bbox 562 5232 751 5309; x_wconf 86' lang='lat' dir='ltr'>donantem</span> <span class='ocrx_word' id='word_1_533' title='bbox 777 5261 787 5301; x_wconf 87' lang='lat'><em>=</em></span> <span class='ocrx_word' id='word_1_534' title='bbox 813 5257 949 5330; x_wconf 88' lang='lat' dir='ltr'>partem</span> <span class='ocrx_word' id='word_1_535' title='bbox 977 5263 1110 5314; x_wconf 87' lang='lat' dir='ltr'>merea·</span> <span class='ocrx_word' id='word_1_536' title='bbox 1209 5258 1257 5338; x_wconf 74' lang='lat'>132.</span> <span class='ocrx_word' id='word_1_537' title='bbox 1273 5249 1414 5317; x_wconf 83' lang='lat' dir='ltr'>Arnen.</span> <span class='ocrx_word' id='word_1_538' title='bbox 1807 5265 1815 5281; x_wconf 84' lang='lat'><strong>·</strong></span> 
     </span>
     <span class='ocr_line' id='line_1_48' title="bbox 305 5321 1956 5432; baseline 0.01 -38"><span class='ocrx_word' id='word_1_539' title='bbox 305 5321 389 5394; x_wconf 88' lang='lat' dir='ltr'>mini</span> <span class='ocrx_word' id='word_1_540' title='bbox 431 5323 466 5397; x_wconf 94' lang='lat' dir='ltr'>in</span> <span class='ocrx_word' id='word_1_541' title='bbox 492 5330 604 5427; x_wconf 88' lang='lat' dir='ltr'>prima</span> <span class='ocrx_word' id='word_1_542' title='bbox 643 5331 895 5409; x_wconf 74' lang='lat' dir='ltr'>resurrectione</span> <span class='ocrx_word' id='word_1_543' title='bbox 938 5337 1065 5411; x_wconf 86' lang='lat' dir='ltr'>habete</span> <span class='ocrx_word' id='word_1_544' title='bbox 1095 5381 1108 5409; x_wconf 79' lang='lat'><strong>·</strong></span> <span class='ocrx_word' id='word_1_545' title='bbox 1208 5347 1310 5415; x_wconf 82' lang='lat' dir='ltr'>Dicat</span> <span class='ocrx_word' id='word_1_546' title='bbox 1324 5333 1527 5432; x_wconf 78' lang='lat' dir='ltr'>Presbyter·</span> <span class='ocrx_word' id='word_1_547' title='bbox 1556 5331 1727 5409; x_wconf 84' lang='lat' dir='ltr'>Dominus</span> <span class='ocrx_word' id='word_1_548' title='bbox 1753 5325 1795 5397; x_wconf 83' lang='lat' dir='ltr'>fit</span> <span class='ocrx_word' id='word_1_549' title='bbox 1821 5323 1956 5421; x_wconf 57' lang='lat' dir='ltr'>sember</span> 
     </span>
     <span class='ocr_line' id='line_1_49' title="bbox 306 5421 1603 5531; baseline 0.007 -39"><span class='ocrx_word' id='word_1_550' title='bbox 306 5433 358 5515; x_wconf 69' lang='lat'>132·</span> <span class='ocrx_word' id='word_1_551' title='bbox 372 5421 507 5498; x_wconf 82' lang='lat' dir='ltr'>Amen.</span> <span class='ocrx_word' id='word_1_552' title='bbox 535 5432 603 5506; x_wconf 87' lang='lat' dir='ltr'>Per</span> <span class='ocrx_word' id='word_1_553' title='bbox 627 5430 895 5507; x_wconf 88' lang='lat' dir='ltr'>misericordiam</span> <span class='ocrx_word' id='word_1_554' title='bbox 924 5433 1026 5530; x_wconf 86' lang='lat' dir='ltr'>ipsius</span> <span class='ocrx_word' id='word_1_555' title='bbox 1037 5434 1107 5507; x_wconf 91' lang='lat' dir='ltr'>Dei</span> <span class='ocrx_word' id='word_1_556' title='bbox 1158 5440 1336 5517; x_wconf 78' lang='lat' dir='ltr'>vobiscum</span> <span class='ocrx_word' id='word_1_557' title='bbox 1351 5495 1362 5513; x_wconf 85' lang='lat'><strong>.</strong></span> <span class='ocrx_word' id='word_1_558' title='bbox 1378 5449 1425 5531; x_wconf 67' lang='lat'>132·</span> <span class='ocrx_word' id='word_1_559' title='bbox 1442 5435 1485 5504; x_wconf 81' lang='lat' dir='ltr'>Et</span> <span class='ocrx_word' id='word_1_560' title='bbox 1502 5455 1603 5505; x_wconf 88' lang='lat' dir='ltr'>cum.</span> 
     </span>
     <span class='ocr_line' id='line_1_50' title="bbox 307 5515 1956 5630; baseline 0.008 -42"><span class='ocrx_word' id='word_1_561' title='bbox 307 5517 413 5591; x_wconf 91' lang='lat' dir='ltr'>noslri</span> <span class='ocrx_word' id='word_1_562' title='bbox 427 5523 488 5615; x_wconf 91' lang='lat' dir='ltr'>qui</span> <span class='ocrx_word' id='word_1_563' title='bbox 500 5525 760 5605; x_wconf 75' lang='lat' dir='ltr'>estbenedistus</span> <span class='ocrx_word' id='word_1_564' title='bbox 775 5533 830 5603; x_wconf 76' lang='lat' dir='ltr'>a&amp;</span> <span class='ocrx_word' id='word_1_565' title='bbox 844 5531 934 5607; x_wconf 88' lang='lat' dir='ltr'>vivit</span> <span class='ocrx_word' id='word_1_566' title='bbox 948 5534 1106 5610; x_wconf 81' lang='lat' dir='ltr'>&amp;omnia</span> <span class='ocrx_word' id='word_1_567' title='bbox 1206 5539 1385 5630; x_wconf 75' lang='lat' dir='ltr'>Pfhllendo</span> <span class='ocrx_word' id='word_1_568' title='bbox 1402 5583 1412 5602; x_wconf 93' lang='lat'><strong>.</strong></span> <span class='ocrx_word' id='word_1_569' title='bbox 1440 5529 1609 5604; x_wconf 89' lang='lat' dir='ltr'>Dominus</span> <span class='ocrx_word' id='word_1_570' title='bbox 1634 5528 1802 5602; x_wconf 87' lang='lat' dir='ltr'>virtutem</span> <span class='ocrx_word' id='word_1_571' title='bbox 1819 5515 1956 5619; x_wconf 82' lang='lat' dir='ltr'>populo</span> 
     </span>
    </p>

    <p class='ocr_par' dir='ltr' id='par_1_15' title="bbox 227 5617 2033 5726">
     <span class='ocr_line' id='line_1_51' title="bbox 227 5617 2033 5726; baseline 0.002 -34"><span class='ocrx_word' id='word_1_572' title='bbox 227 5636 276 5711; x_wconf 78' lang='lat'>50</span> <span class='ocrx_word' id='word_1_573' title='bbox 309 5617 445 5714; x_wconf 81' lang='lat' dir='ltr'>regitis</span> <span class='ocrx_word' id='word_1_574' title='bbox 460 5619 571 5697; x_wconf 91' lang='lat' dir='ltr'>secula</span> <span class='ocrx_word' id='word_1_575' title='bbox 585 5624 794 5705; x_wconf 82' lang='lat' dir='ltr'>seculorum.</span> <span class='ocrx_word' id='word_1_576' title='bbox 811 5645 861 5726; x_wconf 75' lang='lat'>132.</span> <span class='ocrx_word' id='word_1_577' title='bbox 876 5636 1107 5707; x_wconf 86' lang='lat' dir='ltr'>Amen.D0·</span> <span class='ocrx_word' id='word_1_578' title='bbox 1157 5630 1220 5712; x_wconf 85' lang='lat' dir='ltr'>suo</span> <span class='ocrx_word' id='word_1_579' title='bbox 1246 5639 1338 5712; x_wconf 90' lang='lat' dir='ltr'>dabit</span> <span class='ocrx_word' id='word_1_580' title='bbox 1367 5660 1378 5702; x_wconf 80' lang='lat' dir='ltr'>a</span> <span class='ocrx_word' id='word_1_581' title='bbox 1407 5629 1576 5702; x_wconf 88' lang='lat' dir='ltr'>Dominus</span> <span class='ocrx_word' id='word_1_582' title='bbox 1604 5626 1788 5701; x_wconf 90' lang='lat' dir='ltr'>benedicet</span> <span class='ocrx_word' id='word_1_583' title='bbox 1817 5622 1954 5717; x_wconf 89' lang='lat' dir='ltr'>plebem</span> <span class='ocrx_word' id='word_1_584' title='bbox 2026 5658 2033 5719; x_wconf 65' lang='lat' dir='ltr'>j</span> 
     </span>
    </p>

    <p class='ocr_par' dir='ltr' id='par_1_16' title="bbox 209 5717 2055 6197">
     <span class='ocr_line' id='line_1_52' title="bbox 209 5717 2055 5831; baseline 0.007 -43"><span class='ocrx_word' id='word_1_585' title='bbox 209 5727 217 5765; x_wconf 83' lang='grc'>-“</span> <span class='ocrx_word' id='word_1_586' title='bbox 306 5717 417 5789; x_wconf 86' lang='lat' dir='ltr'>minus</span> <span class='ocrx_word' id='word_1_587' title='bbox 433 5717 475 5791; x_wconf 91' lang='lat' dir='ltr'>sit</span> <span class='ocrx_word' id='word_1_588' title='bbox 491 5721 626 5818; x_wconf 88' lang='lat' dir='ltr'>semper</span> <span class='ocrx_word' id='word_1_589' title='bbox 640 5724 885 5823; x_wconf 72' lang='lat' dir='ltr'>vobiscum-na</span> <span class='ocrx_word' id='word_1_590' title='bbox 902 5730 1047 5804; x_wconf 71' lang='lat' dir='ltr'>chorus.</span> <span class='ocrx_word' id='word_1_591' title='bbox 1063 5734 1105 5809; x_wconf 80' lang='lat' dir='ltr'>Et</span> <span class='ocrx_word' id='word_1_592' title='bbox 1157 5735 1247 5811; x_wconf 87' lang='lat' dir='ltr'>suam</span> <span class='ocrx_word' id='word_1_593' title='bbox 1264 5738 1295 5807; x_wconf 89' lang='lat' dir='ltr'>in</span> <span class='ocrx_word' id='word_1_594' title='bbox 1307 5755 1388 5831; x_wconf 84' lang='lat' dir='ltr'>pace</span> <span class='ocrx_word' id='word_1_595' title='bbox 1403 5779 1413 5800; x_wconf 86' lang='lat'><strong>.</strong></span> <span class='ocrx_word' id='word_1_596' title='bbox 1428 5727 1558 5819; x_wconf 53' lang='lat' dir='ltr'>sivos</span> <span class='ocrx_word' id='word_1_597' title='bbox 1572 5724 1712 5795; x_wconf 87' lang='lat' dir='ltr'>Domini</span> <span class='ocrx_word' id='word_1_598' title='bbox 1722 5724 1822 5818; x_wconf 88' lang='lat' dir='ltr'>super</span> <span class='ocrx_word' id='word_1_599' title='bbox 1836 5744 1951 5814; x_wconf 77' lang='lat' dir='ltr'>aquasr</span> <span class='ocrx_word' id='word_1_600' title='bbox 1981 5739 2055 5820; x_wconf 82' lang='lat'>105·</span> 
     </span>
     <span class='ocr_line' id='line_1_53' title="bbox 301 5815 1951 5920; baseline 0.002 -32"><span class='ocrx_word' id='word_1_601' title='bbox 301 5839 377 5888; x_wconf 91' lang='lat' dir='ltr'>curu</span> <span class='ocrx_word' id='word_1_602' title='bbox 393 5815 514 5909; x_wconf 91' lang='lat' dir='ltr'>spiritu</span> <span class='ocrx_word' id='word_1_603' title='bbox 529 5841 612 5896; x_wconf 84' lang='lat' dir='ltr'>tuo·</span> <span class='ocrx_word' id='word_1_604' title='bbox 628 5827 691 5896; x_wconf 69' lang='lat' dir='ltr'>Ad</span> <span class='ocrx_word' id='word_1_605' title='bbox 703 5829 915 5899; x_wconf 81' lang='lat' dir='ltr'>accedentes.</span> <span class='ocrx_word' id='word_1_606' title='bbox 942 5826 1102 5907; x_wconf 88' lang='lat' dir='ltr'>Gaudete</span> <span class='ocrx_word' id='word_1_607' title='bbox 1155 5836 1251 5908; x_wconf 88' lang='lat' dir='ltr'>Deus</span> <span class='ocrx_word' id='word_1_608' title='bbox 1267 5829 1449 5920; x_wconf 83' lang='lat' dir='ltr'>majestatis</span> <span class='ocrx_word' id='word_1_609' title='bbox 1465 5823 1614 5898; x_wconf 87' lang='lat' dir='ltr'>intonuit</span> <span class='ocrx_word' id='word_1_610' title='bbox 1630 5851 1638 5892; x_wconf 75' lang='grc' dir='ltr'><strong><em>ε</em></strong></span> <span class='ocrx_word' id='word_1_611' title='bbox 1657 5824 1830 5894; x_wconf 88' lang='lat' dir='ltr'>Dominus</span> <span class='ocrx_word' id='word_1_612' title='bbox 1848 5820 1951 5917; x_wconf 76' lang='lat' dir='ltr'>saper</span> 
     </span>
     <span class='ocr_line' id='line_1_54' title="bbox 298 5912 1875 6031; baseline 0.005 -44"><span class='ocrx_word' id='word_1_613' title='bbox 298 5912 421 6008; x_wconf 89' lang='lat' dir='ltr'>populi</span> <span class='ocrx_word' id='word_1_614' title='bbox 456 5918 493 5989; x_wconf 71' lang='grc' dir='ltr'>δι</span> <span class='ocrx_word' id='word_1_615' title='bbox 522 5917 701 5996; x_wconf 83' lang='lat' dir='ltr'>letamini·</span> <span class='ocrx_word' id='word_1_616' title='bbox 728 5928 939 6001; x_wconf 76' lang='lat' dir='ltr'>communio.</span> <span class='ocrx_word' id='word_1_617' title='bbox 964 5929 1099 6006; x_wconf 70' lang='lat' dir='ltr'>Referri</span> <span class='ocrx_word' id='word_1_618' title='bbox 1150 5957 1250 6031; x_wconf 89' lang='lat' dir='ltr'>aquas</span> <span class='ocrx_word' id='word_1_619' title='bbox 1264 5921 1794 6004; x_wconf 80' lang='lat' dir='ltr'>multas.P.Deusbenedicet.</span> <span class='ocrx_word' id='word_1_620' title='bbox 1872 5970 1875 5977; x_wconf 91' lang='lat'><em>-</em></span> 
     </span>
     <span class='ocr_line' id='line_1_55' title="bbox 297 6012 1944 6197; baseline 0.004 -109"><span class='ocrx_word' id='word_1_621' title='bbox 297 6012 591 6118; x_wconf 83' lang='lat' dir='ltr'>Christicorpore</span> <span class='ocrx_word' id='word_1_622' title='bbox 606 6064 615 6092; x_wconf 84' lang='lat'><strong>.</strong></span> <span class='ocrx_word' id='word_1_623' title='bbox 631 6025 778 6120; x_wconf 65' lang='lat' dir='ltr'>mqutrc</span> <span class='ocrx_word' id='word_1_624' title='bbox 804 6039 897 6105; x_wconf 78' lang='lat' dir='ltr'>retro</span> <span class='ocrx_word' id='word_1_625' title='bbox 924 6025 1101 6130; x_wconf 72' lang='lat' dir='ltr'>irvr&#39;gila&#39;a</span> <span class='ocrx_word' id='word_1_626' title='bbox 1196 6033 1299 6108; x_wconf 64' lang='lat' dir='ltr'>Dicae</span> <span class='ocrx_word' id='word_1_627' title='bbox 1309 6015 1710 6127; x_wconf 68' lang='lat' dir='ltr'>Presbytea.8ileutium</span> <span class='ocrx_word' id='word_1_628' title='bbox 1726 6020 1944 6197; x_wconf 34' lang='lat' dir='ltr'>utitem,</span> 
     </span>
     <span class='ocr_line' id='line_1_56' title="bbox 1920 6138 1954 6193; baseline 0.118 -4"><span class='ocrx_word' id='word_1_629' title='bbox 1920 6138 1954 6193; x_wconf 83' lang='lat' dir='ltr'>to</span> 
     </span>
    </p>
   </div>
   <div class='ocr_carea' id='block_1_2' title="bbox 1985 5246 2056 5308">
    <p class='ocr_par' dir='ltr' id='par_1_17' title="bbox 1985 5246 2056 5308">
     <span class='ocr_line' id='line_1_57' title="bbox 1985 5246 2056 5308; baseline 0.014 -1"><span class='ocrx_word' id='word_1_630' title='bbox 1985 5246 2056 5308; x_wconf 72' lang='lat' dir='ltr'>teo</span> 
     </span>
    </p>
   </div>
   <div class='ocr_carea' id='block_1_3' title="bbox 0 0 2230 7207">
    <p class='ocr_par' dir='ltr' id='par_1_18' title="bbox 0 0 2230 7207">
     <span class='ocr_line' id='line_1_58' title="bbox 0 0 2230 7207; baseline 0 0"><span class='ocrx_word' id='word_1_631' title='bbox 0 0 2230 7207; x_wconf 95' lang='lat' dir='ltr'> </span> 
     </span>
    </p>
   </div>
  </div>
 </body>
</html>
