4450 7209
339 698 389 765 60
491 760 507 787 ,
841 688 913 762 lN
974 688 1538 769 APPARITIO‘NE
1843 708 1853 719 “

340 786 490 971 SUrge
516 776 702 857 illuminare
717 780 954 862 Hierusalem:
979 788 1056 884 'quia
1071 812 1134 862 ve·
1261 794 1409 867 Ratres.
1433 779 1716 881 Quicumqu'e'in'
1728 782 1870 862 chrisio
1885 779 1994 879 bapti-¹
2038 800 2081 883 55

253 936 277 976 ·.
423 877 725 975 nitlumentuuma
755 882 1064 981 &gloria.Domini
1080 885 1138 959 su·
1288 888 1357 961 zati
1383 888 1484 961 eslius
1509 886 1681 957 Christum
1707 885 1883 957 induistis.
1917 880 2001 955 Non

342 1007 406 1079 per
420 999 455 1053 te
469 979 616 1053 ortaesl.
629 976 718 1065 Quia
733 1000 814 1069 ecce
826 986 968 1057 tenebre
985 985 1147 1081 operient
1196 988 1244 1057 est
1265 982 1412 1067 Judeusa
1445 1004 1556 1073 neque
1581 982 1737 1054 Grecusa
1764 1006 1834 1055 non
1861 978 1909 1051 esi
1934 976 1999 1050 ser·

344 1096 496 1153 terrama
523 1072 874 1171 &caligopopulom
903 1089 1011 1177 Super
1032 1099 1068 1155 te
1085 1102 1147 1153 au·
1197 1104 1290 1155 vusa
1328 1104 1442 1175 neque
1481 1077 1605 1151 liber.
1643 1080 1724 1149 Non
1758 1081 1805 1151 est
1838 1068 2000 1152 masculus

295 1188 416 1263 5tern
428 1172 559 1263 orietur
574 1171 764 1244 Dominus:
791 1174 953 1273 &gloria
967 1182 1040 1263 eius
1054 1176 1088 1251 in
1104 1195 1141 1249 te
1192 1204 1303 1273 neque
1333 1180 1479 1253 femina.
1508 1176 1642 1248 Omnes
1680 1175 1771 1247 enim
1799 1196 1865 1252 vos
1897 1194 1999 1245 unum

252 1334 256 1342 ,
301 1344 302 1349 ,
347 1270 539 1347 videbitur·
567 1268 609 1339 Et
625 1264 839 1345 ambulabunt
853 1293 974 1371 gentes
990 1275 1024 1345 in
1039 1270 1142 1345 lumi·
1191 1268 1998 1354 estisinChrisloJesu.SiautemvosClrrisii:
2042 1273 2092 1345 60

343 1395 389 1442 ne
416 1386 495 1449 tuoe
523 1368 558 1436 δι
574 1387 672 1477 reges
700 1364 734 1437 in
751 1364 930 1461 splendore
953 1388 1050 1445 ortus
1066 1369 1141 1440 tui.
1191 1396 1282 1469 ergo
1295 1374 1434 1446 Abrahe
1448 1370 1562 1444 semen
1578 1368 1677 1439 eslis:
1701 1368 1885 1442 secundum
1913 1389 2000 1457 pro·

343 1470 437 1544 Leva
460 1463 494 1534 in
519 1462 665 1537 circuttu
689 1462 810 1537 oculos
835 1485 915 1540 tuos
941 1492 951 1533 ε
979 1471 1014 1541 &
1041 1465 1142 1539 vide·
1192 1470 1380 1544 missionem
1409 1469 1580 1540 heredes·
1610 1465 1703 1540 Dico
1720 1486 1860 1540 autem.
1889 1464 2006 1551 Qan-

345 1568 479 1639 Omnes
496 1558 548 1631 isli
561 1561 764 1655 congregati
789 1560 887 1633 sunta
917 1582 1086 1637 venerunt
1102 1560 1148 1635 ti·
1196 1584 1237 1638 to
1272 1584 1429 1661 tempore
1473 1561 1572 1634 heres
1618 1560 1778 1654 parvulus
1814 1562 1893 1633 est:
1926 1556 2008 1633 nibil

274 1672 320 1731 so
346 1661 405 1734 bi.
430 1654 506 1733 Filii
524 1656 576 1729 tui
591 1658 633 1726 de
648 1654 755 1751 longe
771 1661 983 1733 veniente&
1002 1658 1146 1733 filietue
1196 1660 1345 1755 differta
1361 1658 1487 1735 ser'v'oa
1503 1680 1580 1731 cum
1596 1658 1638 1729 stt
1649 1660 1823 1733 Dominus
1839 1654 2007 1731 omniuma

346 1786 366 1834 a
381 1754 491 1830 latere
511 1751 651 1847 surgent
667 1800 678 1822 .
700 1754 796 1829 Tunc
808 1758 939 1829 videbis
954 1757 990 1827 lle
1006 1754 1120 1829 afflues
1137 1779 1147 1821 ε
1198 1758 1256 1829 sed
1270 1759 1328 1829 sub
1344 1757 1517 1830 tutoribus
1531 1838 1535 1842 ,
1548 1755 1584 1825 &
1615 1755 1786 1830 actoribus
1804 1788 1812 1827 a
1841 1753 1946 1847 usque
1968 1754 2010 1826 ad
2046 1758 2096 1851 ές,

347 1858 383 1927 dt
411 1850 589 1925 mirabitur
625 1850 660 1919 δι
705 1849 903 1927 dilatabitur
932 1875 997 1926 cor
1028 1873 1150 1925 tuum.
1200 1854 1400 1953 prefinitum
1416 1872 1580 1947 tempusa
1589 1853 1911 1944 patre.lta&uos
1927 1871 2008 1922 cnm

347 1951 499 2044 Quando
519 1932 683 2041 conversa
711 1950 813 2023 fuerit
838 1950 880 2025 ad
905 1966 940 2021 te
965 1946 1152 2025 multitudo
1196 1948 1338 2027 ,essemus
1355 1947 1511 2045 parvulis
1535 1946 1596 2017 sub
1609 1946 2015 2032 elementis'hujusmun·

347 2048 449 2127 muris
477 2073 486 2115 a
514 2042 689 2118 fortitudo
717 2046 868 2142 gentium
896 2046 1031 2119 venerit
1055 2043 1153 2117 tibi.
1201 2049 1238 2119 di
1265 2071 1395 2122 eramus
1436 2042 1652 2119 servientes.
1672 2042 1908 2119 Atubivenit
1937 2043 2012 2137 ple·

277 2141 533 2229 ³511nundatio
560 2139 769 2214 camelorum
806 2142 943 2239 operiet
971 2162 1041 2216 tea
1071 2142 1156 2215 dto·
1204 2143 1530 2239 nitudotemporis=
1559 2139 1647 2215 misit
1661 2145 1756 2214 Deus
1781 2138 1887 2215 filium
1915 2138 2010 2217 suum

350 2236 818 2332 medarii'Madian&Epha.
840 2243 971 2313 Omnes
985 2244 1028 2313 de
1045 2239 1156 2311 Sabba
1205 2261 1319 2317 natum
1342 2265 1387 2311 ex
1416 2236 1583 2313 muliere=
1608 2237 1733 2313 factum
1764 2235 2012 2332 sublegerat
2054 2263 2105 2334 7⁰

349 2340 517 2416 veniente
549 2353 666 2406 aurum
696 2338 731 2407 dt
760 2335 838 2407 thus
868 2338 1090 2409 deserentes:
1115 2338 1151 2407 δι
1204 2364 1266 2412 eos
1283 2338 1340 2432 qui
1354 2338 1413 2408 sub
1431 2333 1617 2431 legeerant
1633 2334 1838 2408 redimereta
1859 2351 1898 2405 ut
1921 2332 2011 2409 ado·

352 2434 488 2511 laudem
501 2430 658 2504 Domino
673 2432 913 2505 annunciantes
930 2480 940 2500 ·
963 2436 1154 2527 Argentum
1205 2436 1358 2533 ptionem
1388 2430 1539 2524 filiorum
1558 2433 1808 2527 reciperemus.
1829 2431 2009 2515 Qoniam

352 2538 388 2607 &
406 2552 525 2605 aurum
539 2549 660 2603 eorum
675 2530 830 2603 cumeis:
860 2528 991 2604 nomini
1007 2526 1153 2602 Domini
1204 2554 1316 2609 autem
1346 2528 1422 2601 eslis
1442 2526 1503 2601 filii
1517 2526 1608 2598 Dei:
1635 2530 1723 2601 mifit
1739 2528 1834 2600 Deus
1849 2524 2007 2620 spiritum

278 2643 328 2696 ²0
354 2631 421 2704 Dei
435 2628 485 2701 tui
501 2654 520 2701 a
540 2629 575 2698 δι
596 2620 711 2698 saneto
739 2622 841 2699 lsrael
858 2626 915 2720 qui
941 2623 1153 2723 glorificavit
1203 2628 1267 2703 filii
1294 2626 1343 2699 sui
1372 2626 1406 2696 in
1421 2625 1525 2702 corda
1539 2623 1674 2699 vestrae
1700 2623 1901 2699 clamantem
1921 2621 2008 2693 abba

353 2746 414 2801 te.
438 2726 481 2797 Et
498 2720 702 2795 edificabunt
725 2720 786 2796 filli
801 2722 1064 2821 peregrinorum
1081 2745 1156 2796 mu·
1230 2720 1332 2800 ater.
1358 2724 1560 2815 Itaqueiam
1577 2742 1646 2794 non
1659 2724 1706 2795 esl
1721 2721 1863 2796 servus:
1891 2716 1950 2790 sed
1963 2718 2009 2789 fi·
2061 2740 2110 2827 75

347 2846 410 2901 ros
438 2842 542 2895 tuost
576 2824 612 2892 &
640 2842 741 2915 reges
770 2842 889 2893 eorum
919 2820 1155 2901 ministrabunt
1204 2751 1288 2895 iius.
1315 2815 1587 2909 Qodfifiliusa
1610 2821 1768 2897 &heres
1793 2840 1858 2915 per
1869 2815 2013 2915 Deum.

356 2921 448 2999 nbi.
474 2920 512 2989 ln
527 2917 763 3013 indignatione
776 2936 889 2989 autem
913 2940 987 2989 mea
1016 2918 1159 3011 percussi

355 3038 391 3091 te
405 3044 415 3086 a
431 3019 465 3087 de
479 3016 513 3087 in
527 3008 808 3087 reconciliatione
824 3038 896 3087 mea
913 3014 1069 3087 misertus
1084 3014 1159 3086 sum
1258 3032 1308 3115 ξι.
1321 3016 1431 3092 Amen
1447 3062 1458 3086 .

279 3122 324 3195 ²5
343 3113 434 3211 tui.
459 3111 712 3207 Et'aperientur
727 3128 833 3279 porte
846 3131 906 3184 tue
919 3110 1074 3209 jugiter=
1101 3111 1159 3183 die
2193 3169 2195 3172 .

357 3216 393 3289 δι
410 3210 514 3293 nobie
528 3237 543 3286 a,
570 3212 605 3281 bt
622 3209 923 3285 noncaudentur.
950 3212 997 3281 Ut
1025 3210 1159 3282 aufera-
1255 3209 1497 3300 sentosarum
1521 3208 1889 3309 evangesiisetundum
1919 3210 2015 3277 Mat·
2061 3221 2109 3303 84·

315 3368 317 3375 ,
359 3329 449 3385 tura
475 3327 512 3381 te
537 3305 709 3381 fortitudo
726 3306 905 3401 gentium:
934 3306 970 3376 dt
985 3327 1161 3401 regeseo-
1211 3308 1348 3383 theam.
1891 3308 2024 3401 capas.

355 3432 435 3484 aum
463 3406 704 3477 adducantur.
728 3402 821 3473 Gens
848 3402 938 3477 enim
954 3402 989 3474 &
1016 3425 1160 3498 regnum

356 3506 453 3601 quod
469 3526 538 3575 non
554 3497 713 3572 servierit
730 3500 792 3573 tibi
809 3499 962 3596 peribit·
985 3498 1020 3569 δι
1037 3519 1160 3594 gentes
1260 3503 1323 3579 Llo
1335 3497 1369 3572 i'n
1398 3519 1577 3599 tempore.
1601 3502 1691 3576 Cum
1704 3517 1804 3575 natus
1818 3499 1903 3571 edet
1916 3496 2021 3573 lesus

283 3609 329 3685 30
356 3599 542 3687 solitudine
564 3595 809 3671 vastabuntur.
831 3592 952 3668 Gloria
979 3594 1095 3686 Libani
1119 3596 1160 3668 ad
1212 3509 1259 3686 Ι
1283 3601 1316 3674 in
1330 3597 1507 3678 Bethleem
1519 3598 1630 3678 ludes
1657 3603 1692 3669 in
1718 3598 1836 3669 diebus
1859 3592 2019 3670 Herodis

358 3720 394 3775 te
408 3696 526 3772 veniet
549 3721 559 3761 a
588 3692 680 3765 abies
697 3692 730 3761 bt
747 3690 854 3763 buxus
877 3694 913 3764 ἃ
930 3690 1024 3786 pinus
1038 3690 1157 3767 simul:
1207 3697 1342 3795 Regias
1362 3718 1441 3767 ecce
1471 3696 1569 3793 Magi
1592 3698 1633 3769 ab
1666 3695 1814 3769 Oriente
1840 3709 2019 3766 venerunt
2063 3712 2112 3805 εξ

339 3795 400 3871 ad
419 3788 608 3869 ornandum
634 3786 747 3862 locum
764 3786 1042 3865 sanctificationis
1058 3813 1159 3861 meea
1207 3790 1484 3885 Hierosolymam
1495 3793 1673 3867 dieentes.
1699 3790 1765 3863 Ubi
1779 3790 1830 3861 'esi
1843 3791 1901 3883 qui
1914 3806 2019 3861 natus

360 3897 397 3967 δι
413 3890 542 3965 locum·
549 3886 673 3981 pedum
692 3908 847 3963 meorum
873 3884 1079 3983 glorificabo
1092 3933 1103 3957 .
1117 3888 1162 3959 Et
1207 3893 1256 3963 est
1268 3893 1346 3963 Rex
1356 3892 1542 3966 iudeorum
1561 3894 1575 3959 Ρ
1601 3888 1756 3960 Vidimus
1780 3885 1870 3960 enim
1883 3881 2015 3960 stellam

356 3988 502 4064 venient
518 3987 560 4060 ad
577 4003 613 4057 te
625 3982 723 4055 curvi
741 3982 801 4057 filii
815 4006 930 4057 eorum
947 4014 956 4053 a
981 3983 1037 4077 qui
1052 3984 1162 4058 humi·
1207 3994 1281 4074 ejus
1295 3989 1329 4059 in
1343 3988 1490 4059 Oriente
1505 4014 1516 4056 a
1543 3988 1579 4058 bt
1592 3987 1749 4061 venimus
1763 3985 1905 4058 adorare
1920 4005 2018 4059 eum·

283 4088 330 4168 35
361 4083 532 4167 liaverunt¹
547 4082 861 4161 tea&adorabunt
875 4080 1017 4176 vestigia
1032 4082 1158 4175 pedum
1205 4085 1361 4158 Audiens
1390 4102 1504 4157 autern
1537 4081 1696 4159 Herodes
1733 4084 1829 4155 Rexa
1856 4081 2018 4151 turbatus

361 4200 526 4257 tuorum.
549 4178 633 4252 Non
661 4178 819 4252 audietur
844 4174 936 4249 ultra
951 4176 1109 4269 iniquitas
1123 4179 1157 4251 in
1205 4184 1280 4253 ella
1301 4185 1338 4254 δι
1355 4180 1465 4254 omnis
1491 4177 1737 4273 Hierosolyma
1754 4201 1830 4250 cum
1856 4174 1944 4248 illo.
1969 4175 2019 4249 Et
2063 4210 2117 4287 Ν

362 4299 455 4352 terra
474 4297 530 4350 tua
544 4303 564 4359 a,
580 4272 713 4361 vastitas
727 4291 785 4347 aut
803 4270 973 4346 contritio
987 4272 1023 4344 in
1040 4275 1158 4348 termi-
1207 4299 1426 4373 congregans
1451 4300 1572 4352 omnes
1597 4276 1769 4371 principes
1791 4274 2020 4349 sacerdotum

363 4374 418 4451 nis
433 4374 525 4446 tuis.
547 4370 614 4443 Sed
625 4368 806 4466 occupabit
819 4366 902 4445 salus
924 4390 1039 4443 muros
1053 4388 1157 4445 tuost
1208 4372 1387 4448 &Scribas
1411 4370 1532 4473 populi
1557 4372 1791 4447 sciscitabatur
1819 4370 1861 4443 ab
1875 4370 1924 4442 eis
1953 4367 2020 4441 ubi

363 4472 616 4567 &portastuas
632 4462 802 4540 laudatio.
830 4464 913 4539 Non
938 4464 1005 4537 erit
1021 4467 1086 4542 tibi
1099 4466 1158 4546 Sol
1209 4471 1361 4544 Christus
1379 4471 1595 4547 nasceretur.
1617 4465 1729 4544 Atilii
1757 4466 1942 4540 dixerunt.
1973 4463 2022 4535 In

284 4566 336 4647 ‚40
365 4564 509 4663 amplius
527 4568 569 4639 ad
583 4563 762 4637 lucendum
776 4585 839 4659 per
850 4562 958 4639 diema
976 4582 1038 4633 nec
1051 4562 1162 4657 splen·
1212 4564 1393 4646 Bethleem
1402 4569 1511 4647 lude.
1540 4568 1597 4641 Sic
1611 4566 1702 4639 euim
1717 4563 1877 4659 seriptum
1892 4563 1938 4635 est
1950 4583 2024 4656 per

363 4666 431 4741 dor
446 4658 757 4759 Luneilluminabit
768 4678 827 4734 te·
854 4658 998 4730 sederit
1012 4657 1078 4733 tibi
1091 4664 1167 4737 Do-
1214 4664 1449 4758 Prophetam.
1479 4667 1521 4736 Et
1547 4682 1586 4737 tu
1601 4660 1781 4737 Bethleem
1806 4658 2022 4738 terraludaa
2065 4689 2120 4771 93

363 4761 473 4839 minus
502 4760 536 4833 in
563 4753 941 4853 lucemsstmpiternam
967 4779 978 4821 =
1006 4755 1043 4829 &
1069 4760 1164 4834 Deus
1215 4768 1421 4856 nequaquam
1441 4760 1574 4837 minima
1589 4786 1626 4834 es
1642 4760 1676 4833 in
1689 4755 1896 4855 principibus
1905 4756 2023 4834 luda.
2154 4772 2159 4825 t

365 4880 443 4937 tuus
459 4858 493 4929 in
504 4855 650 4953 giorum
667 4866 783 4949 tuam,
1111 4852 1115 4859 ’
1135 4854 1141 4865 '
1215 4859 1268 4933 Ex
1286 4876 1323 4929 te
1337 4859 1429 4931 enim
1454 4857 1550 4932 exiet
1567 4860 1636 4932 dux
1659 4857 1716 4950 qui
1735 4872 1835 4949 regat
1852 4850 2027 4953 populum
2146 4858 2157 4865 ’

325 5012 327 5017 -
470 4948 491 4967 ”’
1217 4977 1327 5028 meum
1340 4951 1440 5031 Israel
1457 5003 1467 5026 .
1485 4956 1592 5033 ¹'sunc
1604 4954 1767 5026 Herodes
1780 4946 1866 5030 clam
1879 4946 2022 5023 vocatis

261 5049 335 5169 j}
415 5049 613 5144 nanneni
1215 5051 1357 5215 Mapisc
1378 5052 1564 5148 diligenter
1593 5050 1713 5124 didicit
1741 5047 1781 5120 ab
1805 5054 1853 5123 eis
1879 5066 2027 5213 tempus

1074 5236 1077 5243 ¹
1215 5144 1328 5221 lielea
1348 5172 1415 5239 que
1437 5148 1595 5242 appatuit
1619 5148 1668 5221 eis
1689 5192 1700 5215 .
1720 5146 1763 5217 Et
1785 5142 2027 5221 mittensalos
2076 5164 2145 5239 1'00'

190 5312 194 5321 ,
414 5240 618 5335 Pfiallmda.
642 5234 762 5313 Omnis
787 5234 881 5315 terra'
899 5238 1037 5317 ‘adoret
1069 5250 1104 5316 te
1129 5246 1167 5319 &
1217 5248 1253 5316 iu
1269 5242 1444 5322 Bethleem
1460 5245 1574 5316 dixit.
1601 5244 1937 5338 teeutnterrogate
1964 5235 2024 5310 di·

218 5384 221 5391 ·
369 5339 490 5437 psallat
505 5333 580 5412 tibi.
591 5330 820 5433 pi·,Psalmum
836 5337 947 5409 dicant
959 5338 1168 5415 nominituo
1220 5340 1367 5437 ligenter
1385 5341 1427 5415 de
1450 5362 1562 5434 puero
1587 5366 1598 5407 ε
1622 5343 1657 5412 &
1687 5362 1765 5413 cum
1792 5334 2028 5413 inveneritise

370 5436 526 5515 altissime
551 5432 652 5530 super
678 5428 769 5505 filios
806 5432 1022 5519 hominum.¹
1060 5446 1106 5507 P·
1126 5438 1171 5513 Et
1218 5436 1518 5515 renunciatemihia
1535 5442 1706 5533 ut&ego
1719 5430 1862 5510 veniens
1879 5435 2027 5512 adorem
2155 5431 2192 5495 ν’

290 5536 341 5616 -50
371 5534 517 5633 psallat.
1225 5558 1329 5606 eum.
1353 5537 1421 5626 Qi
1446 5558 1521 5612 cum
1554 5531 1718 5610 audissent
1744 5531 1905 5633 Regema
1933 5533 2036 5609 abie-
2081 5594 2092 5608 ,
2191 5557 2192 5628 3

341 5668 345 5679 v
1228 5650 1326 5706 runt·
1357 5633 1399 5703 Et
1420 5654 1498 5707 ecce
1524 5630 1614 5703 stella
1639 5653 1738 5722 quam
1762 5626 1922 5705 viderant
1949 5632 2035 5705 in..2
2077 5648 2153 5738 καὶ
2191 5641 2193 5654 '

422 5726 602 5827 sequemur
627 5724 877 5823 epistules’auli
900 5724 1034 5827 apostoli
1049 5731 1178 5805 adca·
1228 5726 1404 5801 Orientea
1429 5728 1653 5801 antecedebat
1686 5752 1779 5800 eos:
1817 5730 1922 5822 usque
1948 5731 2035 5802 dum

376 5826 568 5926 satas-1325
583 5824 666 5901 Deo
682 5824 839 5925 gratias·
1096 5832 1179 5924 Issi.
1227 5825 1370 5899 veniens
1393 5825 1495 5898 slatet
1529 5820 1625 5917 supra
1656 5826 1713 5897 ubi
1741 5844 1817 5900 erat
1839 5852 1948 5921 puer.
1968 5824 2039 5897 Vi-

522 5942 526 5950 ’
694 5963 731 5993 ·.
769 5970 772 5976 -
1130 5972 1142 5987 „⁴
1228 5925 1350 6015 dentes
1370 5940 1485 6003 autem
1509 5920 1668 5998 stellam:
1698 5922 1806 6023 garis
1840 5922 1917 6002 suut
1945 5951 2037 6025 gau·

1969 6029 2043 6103 dio
