4450 7209
298 736 355 816 54
755 702 831 779 IN
893 696 1567 783 CIRCchlsloNll

375 812 491 883 Lauda
515 854 528 879 .
555 806 706 895 Alleluia
729 856 740 877 .
769 802 816 895 i·
843 802 986 911 Omnes·
1012 818 1136 899 gentes
1186 824 1379 898 purgasset
1404 819 1507 895 atque
1529 818 1679 894 utroque
1694 796 1792 876 serui
1819 800 2007 894 putant
2033 830 2078 901 55

332 908 466 983 laudite
491 908 676 979 manibus:
709 901 853 993 jubilate
869 900 953 975 Deo
978 920 1017 971 tn
1047 914 1138 997 voce
1187 897 1404 975 cueuucmo
1423 898 1633 993 spiritualier
1657 918 1738 971 eum
1759 898 2008 995 ervirginirt·

303 942 448 1087 liticie·
476 1015 525 1076 P·
538 1002 695 1093 Alleluia
710 1052 722 1077 .
1191 1016 1231 1071 tt
1242 998 1427 1093 genitricis
1441 995 1515 1091 ipse
1525 1016 1687 1089 tanquam
1701 994 1856 1090 Sponsus
1882 1021 2010 1091 proce·

1192 1096 1315 1169 derest
1326 1098 1366 1171 dt
1379 1112 1559 1187 utmmque
1571 1093 1689 1165 serum
1704 1093 1741 1165 iu
1762 1092 2008 1172 sacamentum

243 1243 268 1319 5
617 1196 848 1285 sacristiam.
1192 1192 1443 1269 iucarnationis
1462 1189 1713 1288 amplefletess
1740 1190 1929 1287 suscipiens
1943 1195 2009 1267 sti·

378 1292 576 1391 llsctpimus
592 1296 692 1370 Deus
713 1289 983 1368 misericordiam
997 1302 1091 1362 tuam
1107 1286 1144 1361 itt
1191 1287 1279 1365 lieet
1294 1288 1408 1367 virum
1436 1309 1558 1363 natum
1581 1312 1628 1361 ex
1653 1288 1809 1363 semina.
1827 1292 1926 1362 Unde
1943 1314 2009 1364 re·
2036 1297 2086 1369 60

305 1302 521 1487 Smedio
548 1390 672 1488 templi
691 1393 767 1465 tuis
794 1389 978 1461 secundum
1006 1408 1137 1461 nomen
1188 1383 1922 1485 netandaittasenefiusinsiueuueatque
1937 1394 2010 1464 Au·
2082 1387 2087 1393 ’

303 1512 413 1575 tuum
426 1488 552 1561 Deuss
587 1488 639 1563 ita
654 1492 690 1561 81
715 1484 784 1561 laur
802 1504 860 1559 tua
875 1484 910 1557 in
926 1479 1051 1557 finibus
1065 1502 1140 1555 tet·
1188 1508 1234 1561 na
1248 1505 1399 1584 purgata
1419 1491 1578 1572 iametas
1591 1488 1628 1557 dt
1648 1483 1835 1563 defecatar
1862 1488 2011 1565 sinara-

302 1618 350 1674 η
384 1582 521 1669 alleluja
538 1582 708 1673 alleluia.
735 1600 784 1677 Bt·
800 1583 933 1661 iuslitia
965 1575 1065 1675 plena
1090 1580 1139 1655 est
1184 1607 1255 1677 que
1278 1587 1385 1659 etiam
1410 1582 1445 1657 iu
1469 1584 1551 1657 viro
1575 1582 1772 1679 seminaque
1796 1584 1946 1659 ean‘rcita
1967 1606 2008 1661 te

216 1744 270 1801 ιο
304 1696 461 1769 dextera
478 1702 567 1757 tuas
599 1682 729 1759 letetur
749 1705 846 1758 mons
862 1683 964 1773 Syon
979 1678 1015 1748 &
1040 1674 1139 1751 exul·
1182 1680 1382 1778 suscipiensa
1393 1702 1463 1753 aon
1476 1680 1607 1755 destitit
1620 1678 1895 1755 conlaudate-Te
1913 1704 2007 1777 que·
2193 1707 2195 1746 τ

308 1800 401 1869 tent
417 1780 589 1861 filieiude
616 1771 1070 1877 atleluJa,r.1ufinibu.
1191 1776 1305 1855 sumus
1333 1797 1375 1854 ut
1402 1776 1535 1855 fimum
1562 1778 1830 1854 circumcisionis
1841 1778 2006 1858 diemso-
2035 1788 2087 1879 65'
2193 1807 2195 1848 :

1194 1872 1501 1955 lenuitatevotiva
1520 1878 1622 1951 uobis
1637 1876 2009 1972 prosequentibusao·
2081 1869 2087 1882 ⁴
2193 1903 2195 1908 ·

681 1974 801 2071 Missa.
1190 1976 1352 2049 rationes
1366 1973 1557 2069 supplicum
1577 1974 1736 2071 placatus
1759 1976 1947 2050 exaudime
1971 1980 2010 2058 ἃ

420 2076 486 2147 lius
500 2074 560 2169 qui
577 2076 676 2151 nobis
693 2078 727 2151 id
743 2072 907 2169 prespicit
922 2068 1145 2149 convenires
1194 2072 1415 2150 offerentium
1437 2073 1603 2147 sacrificia
1629 2069 1873 2146 saufflfiuuda
1905 2072 2010 2146 susei-

445 2192 484 2242 ut
501 2194 583 2247 eum
596 2174 777 2255 debeamus
792 2172 923 2269 jugiter
943 2166 1133 2245 conlauda·
1189 2170 1292 2267 piass
1317 2188 1420 2263 atque
1445 2168 1585 2263 spiritns
1596 2168 1843 2263 ‹prieseeutium
1857 2194 2010 2264 quorum

309 2304 392 2370 12³
424 2287 501 2342 tota
544 2274 723 2365 poseamus
766 2268 971 2345 dileuiffini
1012 2268 1138 2341 fratres
1191 2269 1239 2339 est
1263 2268 1350 2341 sadla
1378 2272 1664 2360 commemoratio
1687 2268 1919 2345 nominum-iu
1942 2294 2010 2344 re·
2042 2276 2095 2370 76

313 2368 448 2465 mentis
464 2364 692 2443 intentione·
713 2384 753 2443 ut
774 2368 944 2447 concedat
953 2364 1058 2439 nobis
1073 2366 1142 2439 lio-
1185 2364 1307 2461 quiem
1319 2362 1513 2440 elesiotum
1535 2366 1734 2461 perducas.
1756 2373 1954 2457 uma.
2083 2359 2096 2369 ’

314 2479 446 2559 dierna
461 2462 518 2533 die
547 2464 849 2563 redemptionis&
867 2464 1010 2537 Domini
1036 2458 1143 2536 nostri

312 2572 401 2662 Jesu
434 2558 562 2637 Chrisli
587 2564 652 2638 filii
683 2564 728 2635 sui
750 2562 924 2659 preconiis
948 2556 1143 2637 solennibus
1407 2567 1624 2664 apaten.
1649 2572 1795 2643 oratio.

239 2720 289 2774 ,ο
320 2661 511 2751 exultare:
545 2680 582 2734 ut
598 2661 797 2758 mysterium
812 2656 1055 2737 incarnationis
1070 2660 1145 2742 eim
1286 2660 1398 2735 Hrilie
1415 2665 1492 2737 linis
1505 2667 1546 2737 ad
1559 2664 1724 2755 justiciam
1737 2665 1836 2740 omni
1848 2663 2011 2742 medenti

320 2792 402 2875 pro
437 2756 553 2832 nostre
581 2758 701 2835 salutis
726 2760 965 2853 redemptione
991 2750 1145 2831 celebra·
1309 2764 1346 2834 dt
1361 2764 1531 2835 bonorum
1551 2766 1702 2837 omnium
1720 2758 1843 2838 limes:
1871 2765 1930 2858 qui
1958 2788 2007 2835 ex
2045 2787 2103 2867 75

326 2885 432 2949 tuma
462 2878 588 2953 augeat
607 2860 640 2931 in
655 2857 754 2935 nobis
768 2856 895 2955 gaudia
907 2874 1076 2947 nunquam
1092 2850 1145 2962 ul·
1193 2858 1454 2932 circumcisione
1479 2865 1712 2959 preputioque
1722 2862 1944 2935 venientibus
1956 2858 2013 2932 la·
2097 2856 2104 2866 ’

323 2965 439 3049 terius
452 2950 602 3031 finienda
616 2984 627 3027 s
657 2960 693 3031 &
710 2975 795 3029 vota
808 2951 1013 3049 multiplicet
1042 2945 1145 3021 indis·
1194 2955 1249 3047 pia
1266 2955 1411 3029 effedus
1422 2956 1591 3055 angularis
1606 2988 1618 3029 a
1633 2956 1724 3033 olim
1734 2959 1900 3054 mysterio
1915 2960 2011 3053 sgu-

327 3076 458 3161 fuptut
484 3072 522 3125 ut
537 3054 617 3131 dun
632 3054 753 3130 officiis
768 3052 949 3149 impensius
973 3047 1146 3141 mancipa-
1193 3072 1317 3126 rantea
1343 3053 1529 3137 cumlatob
1538 3058 1647 3151 capiti
1656 3056 1778 3129 undius
1790 3059 1840 3130 esl
1854 3055 2013 3151 supposit

249 3202 294 3275 ,ς
324 3182 411 3241 mur
438 3178 448 3221 s
478 3148 649 3226 celestium
675 3154 967 3227 sacramentorum
997 3144 1142 3243 partiei-
1191 3167 1249 3221 tus
1264 3148 1701 3248 lapis.cum&Abraham
1715 3159 1748 3226 in
1762 3155 1796 3227 se
1810 3154 2012 3228 unoosten-
2104 3200 2112 3211 -

326 3266 427 3365 pium
440 3248 829 3346 consequimerean.
848 3252 1048 3343 §admen-
1191 3248 1275 3319 dits
1307 3249 1832 3327 eumaliosexeircumcitionee
1857 3250 2012 3324 alioset
2048 3262 2100 3332 80
2193 3305 2196 3344 Ξ

1150 3384 1155 3390 ·
1194 3346 1266 3419 fide
1296 3348 1353 3421 sua
1378 3346 1499 3421 venire
1527 3350 1734 3440 portenditt
1764 3369 1934 3447 quatenus
1962 3368 2015 3418 ex

626 3448 714 3525 mlta
731 3448 874 3522 oratio.
1195 3463 1338 3539 utraque
1353 3466 1458 3541 gente
1470 3468 1572 3520 unam
1588 3446 1670 3517 init
1686 3445 1816 3520 iaceret
1841 3443 1978 3539 plebem
1998 3492 2014 3515 .

411 3543 548 3619 Etftslu
558 3545 704 3647 ingeniti
721 3541 1007 3641 sapiential‘atris
1023 3538 1149 3619 menti·
1199 3543 1250 3613 Te
1259 3543 1470 3636 quesumus:
1495 3562 1533 3614 te
1551 3566 1712 3643 rogamur
1725 3574 1736 3615 t
1748 3566 1787 3617 ut
1805 3568 1870 3640 pro
1883 3543 2015 3639 quibus

253 3688 304 3763 30
421 3641 605 3719 buscelesli
620 3668 758 3719 munere
772 3640 922 3717 inlabere
935 3642 1151 3718 rtoslristcon·
1199 3657 1365 3735 precepta
1379 3640 1468 3735 legis
1483 3640 1626 3737 implesti
1641 3642 2016 3734 otabsolveresspre·

332 3743 526 3827 temnendo
552 3748 646 3836 quod
673 3743 874 3819 offendimus
891 3742 926 3813 &
950 3741 1149 3811 condonan-
1197 3756 1377 3832 ceptorum
1394 3758 1534 3813 tuorum
1551 3739 1675 3813 efficias
1690 3740 1895 3815 effesioresa
1916 3759 1957 3810 ut
1973 3737 2011 3807 iu
2054 3750 2106 3840 ες

337 3851 389 3923 do
406 3862 443 3917 te
466 3838 653 3937 inspirante
677 3841 772 3935 quod
786 3843 977 3933 quernuus.
995 3835 1146 3910 Abscide
1197 3856 1280 3929 pace
1299 3855 1357 3906 tua
1371 3834 1549 3928 acquisstiz
1573 3860 1658 3933 pace
1675 3834 2017 3935 potiamurmaiesta-

335 3938 515 4043 quesumus
539 3940 700 4013 cordium
728 3938 918 4011 nostrorum
946 3935 1146 4027 auriumque
1195 3933 1224 4004 ti
1237 3952 1294 4006 tue
1308 3930 1492 4027 placabili.
1512 3947 1564 4028 lit.
1580 3943 1725 4008 Amen.

334 4036 595 4141 prepuciatqui
609 4036 789 4135 pronubis
805 4034 968 4131 dignatus
981 4056 1021 4103 ea
1035 4032 1146 4105 infan-
1526 4032 1677 4104 solatio.

258 4168 306 4245 35
339 4140 389 4219 tie
454 4135 536 4206 liare
549 4134 760 4230 crepundia.
782 4134 827 4203 Ut
840 4132 935 4224 quod
948 4128 982 4201 in
998 4146 1058 4201 tua
1070 4152 1147 4201 ear·
1194 4124 1411 4301 Dlgnum
1423 4130 1460 4201 dt
1472 4130 1679 4211 iuliumelit
1698 4148 1735 4205 te
1753 4126 1932 4204 ineffabilis
1947 4129 2017 4204 im-
2193 4199 2197 4230 Σ

334 4260 379 4311 nt
407 4233 575 4308 ecundum
600 4231 688 4328 legis
702 4228 851 4303 litteram
879 4226 953 4299 fieri
966 4224 1147 4299 circunci-
1315 4228 1496 4320 menseque
1539 4226 1703 4321 sapientie
1736 4233 1848 4303 &um
1875 4228 2010 4302 debitis
2050 4260 2097 4326 9⁰
2193 4289 2197 4327 1

335 4335 433 4413 sione
462 4328 824 4443 uoluistioeorporeas
850 4325 882 4395 id
909 4323 1021 4435 nolite
1048 4319 1147 4397 saluti
1194 4326 1403 4433 conlaudate
1432 4325 1629 4419 preconiiss
1655 4348 1732 4401 cum
1761 4324 1923 4423 precipue
1937 4326 2014 4402 hoc
2090 4324 2096 4333 ’

336 4420 1149 4627 1111115111111111111111
1194 4420 2017 4595 11111ξῖ111311111111Γέῑ

260 4659 311 4734 40
338 4624 453 4703 cordia
468 4672 479 4695 ·
493 4626 564 4702 tae
593 4644 690 4703 tuum
720 4618 849 4695 nutriat
876 4613 1061 4711 paruulost
1088 4637 1147 4708 (put
1196 4613 1281 4687 sicut
1295 4617 1438 4711 dignum
1452 4616 1648 4693 elilaudare
1666 4621 1831 4694 virtutem
1848 4638 1906 4691 tut
1929 4640 2014 4691 om-

337 4724 413 4803 fieri
435 4722 650 4818 dignatuses
679 4741 742 4817 pro
767 4716 880 4790 nollra
907 4713 1149 4810 redemptione
1198 4710 1398 4807 nipoteutie
1414 4736 1485 4785 non
1502 4714 1680 4789 valemus.
1711 4718 1794 4790 Non
1810 4716 1900 4790 enim
1919 4716 1953 4785 in
1967 4735 2011 4786 te
2046 4723 2094 4816 95'

338 4818 503 4923 pusillus.
524 4824 568 4895 Ut
595 4822 680 4894 licut
699 4820 734 4889 in
748 4834 783 4887 te
800 4836 876 4885 cum
898 4808 958 4883 isis
982 4813 1150 4907 prestares
1196 4806 1348 4885 Domine
1362 4807 1489 4904 aliquid
1505 4811 1710 4907 superfluum
1724 4814 1757 4885 in
1771 4811 1927 4911 suscepto
1942 4814 2012 4885 luo-
2193 4803 2197 4821 '

337 4918 471 4995 nullum
484 4919 583 4991 sensit
599 4912 853 5011 omnipotentia
879 4909 1148 4983 detrimentum
1198 4910 1290 4981 mine
1304 4907 1374 5004 ipse
1388 4931 1595 4981 creaveras:
1624 4915 1719 5003 quod
1745 4910 2016 4985 necessarioeir·

338 5019 386 5093 ita
399 5022 435 5091 &
454 5018 538 5090 fides
555 5018 668 5088 nollra
684 5033 748 5085 tuo
762 5030 900 5081 munere
920 5009 1146 5083 confortatae
1193 5008 1330 5078 euncrdi
1357 5006 1484 5079 debere
1510 5010 1713 5082 mandares.
1734 5010 1801 5082 Sed
1825 5030 1865 5082 ut
1878 5030 1916 5081 te
1929 5007 2013 5080 Do·

259 5144 308 5221 45
340 5113 468 5189 nullutn
489 5113 638 5211 patiatur
664 5106 847 5202 aliquando
869 5104 1064 5181 defelilumz
1088 5102 1146 5177 sed
1194 5103 1326 5175 minuat
1341 5099 1429 5200 legis
1454 5126 1571 5179 uatum
1597 5107 1690 5180 fniss'e
1718 5105 1778 5176 sub
1810 5104 1918 5205 leges
1944 5128 2011 5179 nac
2194 5177 2197 5197 ¹

340 5216 382 5289 ad
400 5209 544 5289 solidum
559 5205 671 5308 gratie
684 5226 744 5277 tue
759 5202 939 5299 perueniat
955 5205 1147 5278 firmamtn·
1193 5198 2007 5298 legemdelirurilieprobares.Universatnim
2048 5227 2109 5287 too
2195 5262 2197 5265 Α

467 5312 713 5481 tuen
1195 5298 2010 5475 titulistultissimus:

442 5502 568 5583 Omine
591 5498 671 5579 iesu
693 5494 826 5567 Christe
853 5494 909 5589 qui
923 5494 1148 5573 mortalitatis
1195 5495 1344 5567 cundum
1366 5492 1519 5567 litteram
1540 5494 1616 5571 sieri
1631 5497 1846 5602 permissi.
1866 5425 1937 5587 litu
1954 5517 2012 5572 ta·

264 5622 310 5699 50
464 5594 691 5675 hominemsic
704 5592 917 5687 assumpsistis
944 5616 981 5670 ut
998 5616 1148 5671 mortem
1198 5591 1328 5667 meni-n
1349 5594 1447 5664 nobis
1472 5616 1535 5686 per
1556 5592 1793 5693 euangelicam
1819 5596 2010 5671 ueritatem

342 5704 490 5777 nostram
519 5694 759 5772 consumeres·
788 5690 833 5763 lic
855 5698 973 5789 jugum
1004 5690 1090 5791 legis
1113 5691 1149 5762 in
1197 5709 1397 5783 etatemque
1415 5690 2010 5788 persedamlucramentisdigniori·
2045 5716 2115 5789 105

342 5816 398 5877 tua
414 5820 516 5873 carne
533 5788 701 5887 suscepisti
716 5814 725 5857 ε
741 5804 779 5859 ut
795 5814 813 5861 a
828 5791 937 5863 nollra
951 5815 1053 5865 earne
1068 5811 1147 5860 eum
1198 5790 1260 5860 bus
1276 5790 1444 5881 perietitli
1455 5836 1466 5857 .
1479 5793 1568 5860 Cum
1582 5788 1795 5863 circumciso
1808 5792 1915 5864 nollri
1927 5816 2012 5865 cor·

340 5896 527 5975 discutorrt
544 5924 554 5965 r
568 5884 841 5964 &circumcisus
858 5888 1004 5961 incarne
1020 5910 1152 5981 eorpo-
1199 5885 1251 5957 dis
1264 5910 1334 5957 non
1348 5886 1382 5957 in
1398 5885 1516 5961 cultro
1526 5887 1745 5982 imprimiturt
1758 5887 1815 5958 sed
1827 5889 1925 5963 votis
1939 5888 2022 5983 spi·-

339 5992 389 6069 ris
404 6020 458 6071 tsr
485 6010 524 6069 ut
538 6013 601 6067 nos
619 5988 690 6063 sine
708 5981 850 6063 vulnere
866 5988 973 6063 tarnis
989 5986 1023 6063 in
1039 5986 1150 6085 corde
1200 5982 1383 6059 riuulilum
1393 5984 1611 6061 celebratur.
1636 5984 1706 6059 lllis
1726 6008 1940 6155 uus-eruensl
1957 5988 2012 6057 vi-

1404 6114 1414 6134 =
1881 6083 2014 6157 deicet

95 2162 274 2305 ,ις
