4450 7209
279 755 330 833 80
747 731 1453 838 DOMINIC'A'SEXT'A

276 846 416 928 Amen}
437 846 477 921 ln
502 842 603 923 bonis
629 834 756 916 :dibus
770 836 944 912 unanimes
970 861 1070 935 atque
1207 844 1342 916 Ratrts.
1354 841 1465 915 Nobis
1478 836 1650 915 revelavit
1664 840 1760 916 Deus
1774 846 1839 938 per
1853 829 1936 930 Spi-
1959 849 1976 921 5

277 949 470 1020 concordes
482 943 562 1016 litis:
578 957 618 1013 ut
632 966 651 1011 a
666 933 835 1032 preceptis
850 933 987 1010 Domini
1001 937 1075 1009 nol·
1224 940 1328 1012 ritum
1357 936 1452 1012 suum
1477 938 1647 1012 sanetum.
1672 940 1823 1032 spiritus
1838 933 1935 1003 enim

281 1039 413 1114 latenus
429 1038 599 1115 devietis·
617 1039 798 1127 132·Amen.
811 1031 849 1100 In
863 1029 987 1105 timore
1001 1033 1079 1107 Do·
1129 1035 1241 1106 omnia
1256 1033 1424 1106 scrutatur
1438 1033 1539 1106 etiam
1552 1033 1723 1127 profunda
1735 1037 1803 1106 Dei
1820 1025 1933 1119 ·Qi⁸

283 1139 363 1211 mini
377 1158 469 1209 mens
484 1135 594 1207 vestra
610 1133 706 1203 firma
724 1145 939 1222 permaneat:
958 1130 992 1200 δι
1005 1133 1078 1214 eius
1127 1131 1218 1203 enim
1234 1129 1294 1201 scit
1311 1131 1483 1202 hominum
1500 1153 1563 1222 que
1581 1126 1656 1201 sunt
1673 1133 1841 1207 hominist
1872 1121 1933 1194 nili

225 1251 250 1329 ἐ
284 1256 349 1308 vos
365 1229 591 1304 misericordia
607 1228 801 1317 perenniter
817 1241 938 1321 regat·
962 1238 1011 1317 lja.
1028 1230 1083 1298 A·
1128 1226 1265 1319 spiritus
1282 1226 1450 1297 hominis:
1478 1223 1533 1317 qui
1561 1224 1596 1294 in
1620 1225 1696 1319 ipso
1712 1230 1781 1298 est.
1816 1226 1870 1295 lta
1896 1218 1932 1286 δι

286 1352 383 1402 men.
408 1329 475 1399 Per
488 1321 749 1399 misericordiam
764 1320 864 1414 ipsius
890 1320 957 1390 Dei
977 1321 1079 1393 nostri
1128 1323 1186 1415 qui
1201 1323 1267 1395 Dei
1279 1321 1381 1395 sunt:
1406 1343 1506 1394 nemo
1522 1323 1759 1415 cognovit'nifi
1773 1319 1929 1414 spiritum
1954 1311 1979 1384 6:

285 1423 345 1516 qui
367 1422 414 1521 eli
426 1418 621 1493 benedictus
639 1422 675 1491 δι
690 1416 780 1488 vivit
801 1418 836 1488 &
851 1414 967 1488 omnia
989 1417 1079 1512 regit
1128 1420 1221 1491 Dei.
1246 1418 1321 1490 Nos
1347 1437 1461 1490 autern
1488 1417 1643 1511 spiritum
1659 1420 1772 1493 mundi
1788 1439 1859 1488 non
1876 1430 1932 1482 ac·

288 1523 324 1594 in
339 1516 449 1605 secula
461 1514 670 1590 seculorum.
700 1513 884 1604 untimen.
909 1512 1078 1587 Dominus
1128 1517 1275 1609 cepimus
1292 1540 1302 1581 :
1332 1513 1389 1584 sed
1403 1509 1558 1607 spiritum
1571 1518 1626 1605 qui
1640 1537 1684 1584 ex
1697 1518 1777 1589 Deo
1793 1511 1867 1584 esi:
1894 1523 1931 1578 ut

288 1613 332 1686 sit
351 1611 481 1710 semper
492 1611 683 1684 vobiscum·
709 1623 758 1695 At.
772 1608 921 1682 Etcum·
1131 1612 1268 1684 sciamus
1281 1635 1347 1705 que
1360 1635 1379 1682 a
1391 1613 1470 1681 Deo
1484 1609 1613 1682 donata
1625 1610 1698 1682 sunt
1712 1610 1811 1683 nobis
1830 1635 1839 1676 :
1866 1622 1931 1695 qne

206 1726 257 1789 '10
336 1711 399 1782 Hic
411 1711 502 1783 dicat
515 1705 852 1779 cheraneustate&
868 1700 1083 1789 sideream
1132 1706 1452 1799 &loqu'munNon
1466 1705 1620 1779 indoctis
1639 1705 1781 1779 humane
1797 1701 1930 1795 sapien·

288 1803 552 1877 communionis:
569 1805 694 1873 oratio.
709 1801 851 1893 Require
863 1816 953 1872 retro
968 1803 1001 1870 in
1015 1813 1081 1871 Do-
1129 1805 1179 1876 tie
1195 1804 1309 1876 verbis
1326 1831 1335 1872 :
1359 1802 1416 1873 sed
1441 1803 1477 1873 in
1504 1800 1660 1876 doslrina
1675 1803 1810 1896 spiritus
1828 1792 1930 1888 spiri·
1952 1792 1979 1877 62

287 1901 407 1974 minito
421 1901 537 2009 quinto
549 1896 752 1993 Epiphania·
840 1894 1080 1985 fol-LXXVII·
1132 1897 1252 1974 talibus
1273 1895 1435 1992 spiritalia
1458 1918 1724 1991 comparantes.
1763 1887 1927 1966 Animalia

1133 2015 1244 2071 autem
1259 1998 1368 2068 homo
1382 2017 1451 2067 non
1467 1993 1613 2086 percipit
1629 2017 1670 2065 ea
1685 2014 1749 2084 que
1766 1992 1843 2061 sunt
1854 1984 1931 2078 Spi-¹

312 2090 367 2163 lN
413 2089 616 2169 SEPTIMO
655 2084 905 2160 DOMINICO
941 2089 1060 2169 POST
1133 2092 1219 2166 ritus
1233 2090 1324 2163 Dei.
1349 2087 1502 2164 Stultitia
1523 2090 1571 2160 esi
1590 2090 1681 2161 enim
1697 2086 1770 2159 illi:
1796 2087 1831 2156 dt
1862 2102 1933 2153 nors

207 2203 257 2282 '15
338 2187 562 2264 OCTAVAS
575 2180 1035 2261 EPlPHANlEDOMlNI.
1133 2191 1248 2284 potest
1259 2184 1456 2296 intelligere
1473 2232 1483 2255 .
1509 2185 1599 2279 Qia
1612 2183 1834 2280 spiritualiter
1849 2200 1932 2287 cra·
1957 2240 1961 2263 ;

1130 2286 1299 2357 minatur·
1324 2278 1516 2377 spiritualis
1531 2299 1644 2353 autem
1655 2282 1783 2358 iudicat
1798 2295 1931 2349 omma:
1957 2287 1979 2360 p

290 2376 354 2471 W
369 2373 647 2470 Missaansfficium
676 2379 844 2453 &oratio
864 2393 905 2450 ut
927 2381 962 2450 in
978 2378 1087 2473 primo
1137 2377 1639 2474 &ipseanemineiudicatur.
1664 2374 1932 2470 Qisenimco·

339 2477 534 2547 Dominico.
949 2482 1087 2549 LXHH.
1137 2477 1263 2572 gnovit
1278 2474 1404 2548 sensum
1421 2473 1584 2544 Domini:
1614 2494 1671 2545 aut
1698 2472 1774 2564 quis
1796 2467 1947 2541 instruat

339 2572 449 2646 Letiio
464 2566 911 2667 libriHitrtmitpropbete.
945 2583 994 2661 Ar.
1005 2570 1086 2642 Deo
1135 2596 1237 2644 eum.
1262 2572 1337 2643 Nos
1351 2589 1462 2643 autem
1475 2567 1602 2641 sensum
1618 2568 1742 2640 Christi
1756 2567 1935 2637 habemus.

205 2678 257 2740 bo
293 2665 444 2763 gratias.
847 2754 852 2763 ἢ
930 2673 1087 2761 Cap-VH.
1134 2670 1179 2741 Et
1193 2690 1261 2764 ego
1279 2668 1399 2740 fratres
1422 2688 1490 2738 nou
1504 2666 1603 2761 potui
1621 2666 1719 2737 vobis
1733 2661 1829 2754 loqui
1843 2658 1979 2750 quafis

388 2762 508 2836 Erbum
520 2762 613 2856 quod
628 2761 748 2837 fadum
760 2762 808 2833 est
826 2764 868 2834 ad
884 2761 1087 2835 Hieremiam
1137 2763 1375 2859 spiritualibus:
1390 2762 1445 2833 sed
1459 2764 1546 2855 quasr
1565 2759 1761 2833 carnalibus:
1775 2776 1935 2847 tanquam
1962 2777 1979 2850 7

410 2884 428 2932 a
446 2857 603 2931 Domino
614 2860 752 2930 dicens:
777 2862 837 2931 Sta
860 2860 893 2929 in
909 2875 1013 2951 porta
1024 2857 1086 2929 do·
1138 2859 1285 2954 parvulis
1313 2858 1346 2928 in
1359 2860 1493 2929 Christo
1519 2855 1570 2929 lac
1582 2858 1680 2928 vobis
1693 2877 1820 2950 potum
1834 2853 1936 2924 dedi:

185 3012 188 3017 -
290 2977 364 3029 mus
378 2953 518 3029 Domini
545 2954 729 3049 &predica
752 2954 799 3026 ibi
816 2954 956 3026 verbum
979 2954 1087 3025 istud:
1136 2980 1204 3028 non
1220 2955 1351 3028 escam·
1380 2956 1542 3028 Nondum
1553 2955 1641 3023 enim
1657 2951 1848 3046 poteratis:
1874 2949 1936 3020 sed

291 3055 327 3125 dt
343 3049 397 3121 dic
410 3098 422 3121 .
448 3050 577 3121 Audite
591 3049 733 3120 verbum
746 3049 888 3124 Domini
902 3051 1020 3123 domus
1031 3055 1049 3126 J
1053 3076 1088 3121 u·
1136 3073 1199 3121 nec
1212 3075 1298 3122 nune
1311 3049 1446 3144 quidem
1457 3049 1593 3143 potestis
1610 3053 1740 3120 :adhuc
1755 3046 1845 3117 e'nim
1857 3046 1934 3118 eslis

211 3162 258 3239 ῃ
291 3149 346 3221 da:
360 3145 418 3241 qui
432 3144 650 3241 ingredimini
666 3168 729 3239 per
740 3164 858 3239 portas
874 3147 943 3218 has:
958 3165 994 3217 ut
1005 3147 1089 3218 ado·
1137 3143 1288 3219 carnales
1303 3167 1313 3213 ·.
1339 3148 1428 3217 Cum
1442 3146 1533 3216 enim
1548 3147 1590 3216 fit
1605 3146 1775 3217 intervos
1791 3140 1884 3212 zelus
1898 3142 1935 3210 δι

290 3242 376 3318 retis
391 3242 576 3314 Dominum
590 3286 600 3310 .
624 3242 700 3312 Hoc
715 3241 798 3313 dicit
812 3241 1088 3315 Dominusexer·
1135 3243 1334 3314 contentio:
1359 3265 1473 3314 nonne
1488 3238 1635 3311 carnales
1648 3241 1746 3310 eliis:
1766 3240 1801 3310 &
1814 3242 1935 3307 secun·
1963 3238 1979 3307 8

291 3338 428 3412 situum:
444 3338 565 3411 domus
582 3334 694 3408 Israel:
709 3337 814 3408 bonas
829 3338 926 3409 facite
941 3337 1086 3408 viasve·
1134 3339 1214 3412 dum
1240 3340 1408 3411 hominem
1435 3332 1630 3410 ambulatis:
1656 3360 1732 3408 curn
1752 3336 1845 3407 enim
1859 3330 1934 3423 quis

290 3436 371 3506 uns
384 3437 419 3505 δι
431 3433 534 3509 studia
545 3433 675 3512 vellra:
687 3432 722 3502 &
737 3431 897 3505 habitabo
911 3431 1084 3506 vobiscum
1133 3433 1240 3505 dicit:
1254 3457 1324 3528 ego
1337 3428 1472 3527 quidem
1491 3430 1561 3501 sum
1578 3428 1691 3503 Pauli:
1707 3429 1791 3503 alius
1808 3447 1935 3504 autema

291 3529 327 3601 in
352 3525 434 3604 loco
445 3528 533 3601 isto.
562 3523 685 3600 Nolite
709 3529 887 3600 confidere
913 3527 951 3600 in
966 3527 1081 3600 verbis
1131 3554 1202 3626 ego
1216 3529 1359 3625 Apollo:
1371 3551 1483 3599 nonne
1497 3527 1646 3598 homines
1660 3528 1750 3598 eliis?
1763 3525 1857 3616 Qid
1872 3526 1937 3620 igi·

215 3637 264 3716 '30
292 3623 456 3696 mendacii
489 3623 677 3693 dicentes.
728 3620 905 3717 Templum
940 3623 1082 3696 Domini
1134 3626 1248 3698 turest
1269 3623 1436 3720 Apollo?
1463 3621 1806 3716 quidvcroPaulus?
1829 3621 1936 3693 Mini-

295 3716 460 3814 templum
484 3715 650 3788 Domini:
676 3715 839 3813 templum
854 3718 996 3794 Domini
1014 3721 1085 3791 est.
1138 3719 1194 3792 tiri
1210 3728 1281 3805 ejus
1297 3725 1350 3794 cui
1366 3721 1572 3797 credidistis:
1599 3719 1825 3810 &unicuique
1852 3719 1935 3790 licut
1962 3719 1979 3789 8

294 3813 463 3904 Quoniam
487 3815 513 3886 fi
541 3812 780 3885 benedixeritis
812 3812 884 3888 vias
912 3817 1086 3890 vestras&
1136 3816 1305 3888 Dominus
1319 3817 1439 3891 dedit.
1464 3818 1538 3915 Ego
1556 3811 1728 3907 plantavi:
1744 3806 1879 3904 Apollo
1895 3813 1938 3887 ri·

293 3911 397 3984 liudis
413 3910 545 3983 vestra·
569 3909 604 3982 Si
631 3909 783 3983 feceritis
803 3909 967 3998 iudicium
998 3912 1090 3985 inter
1139 3914 1264 4010 gavit:
1290 3914 1504 3991 &Dominus
1519 3910 1768 3983 incrementum
1783 3907 1901 3981 dedit.

294 4007 407 4083 virum
423 4008 457 4078 &
473 4004 662 4101 proximum
678 4010 770 4089 cius:
785 4010 917 4080 advene
933 4010 967 4080 dt
978 4005 1088 4103 pupil-
1187 4023 1236 4104 uc.
1252 4012 1389 4082 Amen.

84 4089 87 4095 ’
215 4119 260 4202 '35
295 4102 334 4178 lo
352 4107 386 4177 &
403 4101 505 4178 vidue
518 4124 587 4174 noo
604 4101 758 4175 feceritis
772 4098 998 4175 calumniam:
1029 4127 1092 4181 nec

294 4198 489 4294 sanguinem
516 4198 727 4270 innocentem
743 4198 931 4271 effiaderitis
960 4194 1090 4273 inloto
1200 4203 1313 4273 Lediio
1333 4201 1443 4290 fiendis·
1470 4199 1637 4302 evangelii
1657 4201 1837 4293 licendum
1869 4203 1978 4292 Lis-'9

293 4297 361 4365 hoc
383 4290 612 4386 &portuens
629 4288 755 4364 alienos
776 4290 1093 4369 nonambulaveri·
1141 4317 1235 4366 cam.
1789 4296 1936 4393 cap.llV·

175 4476 178 4481 ,
298 4388 344 4465 tis
367 4388 402 4460 in
418 4386 539 4459 malunt
557 4384 824 4477 vobismetipfis:
850 4386 1012 4460 habitabo
1024 4412 1091 4460 vo·
1197 4393 1232 4460 N
1254 4393 1370 4464 diebus
1397 4390 1483 4467 illis.
1509 4396 1677 4472 Dominus
1707 4393 1820 4465 noller
1844 4389 1936 4468 lesus

294 4484 419 4558 biscnn
440 4484 473 4555 in
490 4481 567 4558 loto
583 4476 840 4556 istoaseculo&
857 4483 959 4575 usque
991 4483 1091 4555 inse·
1211 4487 1362 4561 Christus
1390 4486 1588 4583 loquebatur
1616 4486 1787 4583 discipulis
1817 4485 1935 4558 suisio
1974 4492 1978 4499 '

195 4603 264 4678 ‘40
296 4578 425 4658 tulum·
450 4583 643 4675 132.Amen.
1140 4583 1307 4689 parabolis
1332 4586 1471 4659 dicens.
1511 4591 1628 4665 Homo
1651 4586 1788 4681 quidam
1819 4580 1935 4655 habuit
1965 4649 1967 4653 .

344 4683 444 4752 Dicat
455 4675 574 4752 Preti..
593 4673 757 4756 Dominus
778 4673 820 4759 iit
833 4673 1093 4785 sempermobis·
1140 4682 1230 4754 duos
1245 4679 1359 4754 filios:
1388 4684 1528 4758 &dixit
1545 4681 1856 4759 adolescentiorex
1873 4674 1933 4749 illis
1958 4697 1976 4767 9

296 4798 397 4850 cum.
422 4788 470 4868 132.
481 4776 523 4846 Et
535 4821 549 4852 ⁸.
1140 4773 1252 4871 patri.
1268 4779 1369 4850 Pater
1382 4780 1424 4850 da
1441 4782 1523 4852 mihi
1539 4783 1737 4877 portionem
1755 4774 1935 4847 substantie

343 4871 547 4960 Psallendo·
570 4870 666 4941 Deus
692 4868 860 4945 virtutum
888 4885 1092 4943 convertere
1141 4893 1206 4965 que
1221 4873 1302 4948 mihi
1317 4876 1490 4973 contingit
1506 4923 1517 4946 .
1542 4880 1584 4950 Et
1601 4876 1713 4949 divisit
1726 4869 1776 4946 illi
1794 4870 1937 4944 substan-

293 4990 382 5046 nnnc
409 4965 548 5058 respice·
565 4966 607 5034 de
621 4961 697 5038 delo
725 4964 856 5041 divide
879 4971 914 5042 ὅτ
929 4965 1028 5042 vifis:
1040 4967 1092 5039 vi·
1143 4967 1227 5042 tiam
1243 4970 1332 5042 suam
1350 5018 1362 5041 .
1387 4972 1429 5040 Et
1446 4998 1516 5046 non
1529 4977 1602 5069 post
1617 4968 1740 5045 multos
1765 4967 1839 5040 dics
1855 4989 1937 5039 con·

213 5083 262 5158 45
295 5062 522 5134 neamissam.
562 5050 810 5148 &Extendisti
838 5063 993 5159 palmites
1013 5068 1090 5149 eius
1141 5066 1292 5163 gregatis
1305 5065 1484 5138 omnibus:
1509 5067 1762 5144 adolescentior
1776 5063 1938 5156 iiliuspe·

294 5154 449 5250 usquead
461 5153 716 5243 mare&usque
732 5160 772 5227 ad
788 5162 910 5232 flumen
926 5159 1089 5256 propagi·
1140 5185 1241 5254 tegre
1266 5163 1438 5256 professus
1457 5167 1503 5239 est
1530 5169 1563 5239 in
1590 5165 1769 5261 regionem
1796 5159 1859 5235 lon
1887 5159 1937 5229 in·
1964 5176 1979 5230 t

293 5277 353 5325 nes
368 5256 466 5339 eius.
486 5252 600 5339 Qare
614 5248 764 5359 Domine
787 5255 973 5325 destruxisti
987 5277 1094 5326 macc·
1142 5275 1241 5346 quam
1260 5285 1268 5324 :
1290 5260 1329 5329 ἃ
1356 5260 1402 5330 ibi
1425 5262 1596 5356 dissipavit
1615 5257 1827 5333 substantiam
1850 5185 1937 5327 gam

292 5350 379 5424 riam
397 5347 498 5421 vinee
515 5368 595 5418 tue:
623 5348 659 5418 δε
672 5346 880 5418 vindemiant
891 5371 961 5422 eam
973 5369 1090 5419 omnes
1142 5348 1295 5423 vivendo
1312 5351 1511 5431 luxuriose.
1535 5359 1577 5429 Et
1594 5361 1765 5453 postquam
1781 5351 1939 5429 omnia-2

293 5441 504 5527 transeunts&
533 5442 621 5516 vlam
636 5472 646 5511 ³
660 5440 845 5513 devastavit
861 5464 932 5515 eam
946 5463 1029 5533 aper
1049 5444 1093 5533 de
1143 5447 1498 5525 consummatissima
1512 5456 1671 5527 estisne:
1687 5449 1799 5525 valida
1825 5451 1864 5521 in
1885 5469 1940 5518 re·

213 5553 265 5636 '50
292 5540 378 5617 silva
404 5546 440 5615 δι
466 5536 642 5634 singularis
660 5535 749 5610 serus
764 5536 915 5632 depallus
931 5539 978 5618 est
991 5560 1091 5625 eam.
1140 5541 1247 5638 gione
1261 5542 1329 5618 rlla:
1346 5550 1380 5619 δι
1403 5546 1474 5640 ipse
1489 5552 1696 5644 cepiregere
1710 5595 1720 5616 .
1733 5548 1776 5617 Et
1792 5545 1880 5618 abiit
1903 5545 1940 5615 ἅ

295 5637 529 5733 muespice.
744 5670 747 5675 ·
1144 5641 1274 5713 adhefit
1287 5640 1344 5710 uni
1359 5642 1482 5722 civium
1498 5648 1649 5741 regionis
1664 5644 1773 5717 illius:
1799 5640 1979 5715 &militi

343 5735 445 5804 Dicat
457 5729 576 5804 presb.
590 5728 766 5805 Silentium
780 5731 905 5804 facite.
1143 5732 1236 5810 illum
1262 5746 1296 5808 in
1322 5732 1438 5809 villam
1453 5738 1541 5812 suam
1561 5764 1597 5814 ut
1612 5743 1763 5836 pasceret
1782 5762 1939 5835 porcos..

345 5835 521 5922 Sequentia
551 5825 854 5924 epmoleaautsaa
868 5828 1094 5904 chorinthios.
1142 5830 1187 5903 Et
1226 5832 1384 5925 cupiebat
1421 5831 1561 5928 implere
1594 5859 1751 5912 ventrem
1791 5838 1836 5908 de
1872 5833 1943 5912 iili·

345 5935 394 6021 ῃ
409 5925 489 5999 Deo
506 5924 655 6022 gratias,
921 5924 1095 6041 scapus.
1140 5924 1216 6024 quis
1242 5951 1322 6027 quas
1351 5929 1448 6022 porci
1469 5935 1737 6011 manducabant:
1775 5932 1944 6111 &memmei
