4450 7209
293 768 342 846 74
725 732 1577 836 DOMINICA'QUARTA'
1679 767 1689 787 ⁸

296 858 439 917 munera
452 836 636 936 dignanter
652 838 792 912 intende
808 887 818 907 .
845 844 890 912 Ut
907 844 942 912 de
957 841 1009 913 his
1021 841 1096 915 san·
1144 862 1236 916 tuam
1254 840 1370 918 licebit
1388 843 1533 940 gloriam
1547 841 1732 918 contueri.
1761 839 1831 914 Ubi
1847 860 1955 915 nemo
1985 861 1992 929 ς

297 938 513 1013 &illectionis
531 938 687 1032 gratidm:
701 941 736 1008 &
752 935 922 1008 defuntus
940 937 1096 1011 fidelibus
1145 940 1256 1012 cibum
1271 941 1422 1033 requiret
1437 969 1448 1012 t
1472 938 1671 1034 quianullus
1688 937 1820 1010 esuriet
1838 983 1850 1006 .
1881 937 1957 1008 Ne-

299 1036 427 1112 ttibuas
443 1035 592 1124 requiem
609 1033 871 1128 sempiternam·
895 1045 943 1125 ¹3²·
959 1041 1096 1108 Amen.
1144 1059 1202 1110 mo
1218 1039 1435 1132 peregrinum
1451 1035 1607 1131 suscipiet
1622 1065 1631 1105 e
1645 1035 1721 1128 quia
1733 1056 1857 1103 omnes
1876 1033 1958 1105 iu:

530 1131 714 1222 Adparent
728 1134 841 1200 oratio
858 1176 869 1196 .
1147 1133 1256 1225 patria
1284 1132 1341 1207 sua
1370 1134 1491 1206 vivent
1509 1182 1520 1203 .
1550 1134 1659 1202 Nemo
1676 1128 1828 1201 visstabit
1843 1151 1954 1221 egro·

245 1251 264 1321 5
297 1227 390 1404 D
405 1228 466 1296 lius
481 1225 572 1317 pacis
587 1226 750 1298 conditor
771 1230 805 1296 de
819 1226 993 1299 charitatis
1009 1226 1095 1299 iodi-
1143 1247 1238 1303 tum:
1267 1227 1323 1298 ubi
1338 1249 1459 1302 eterne
1477 1227 1590 1301 salutis
1612 1224 1834 1320 permanebit
1852 1225 1953 1294 here·

418 1322 522 1394 vidue
540 1319 751 1393 attributor:
781 1323 887 1415 presla
916 1323 1095 1417 quesumus
1142 1326 1262 1397 ditas·
1285 1324 1398 1396 Nemo
1423 1326 1558 1420 operiet
1579 1325 1708 1394 nudum
1737 1319 1817 1413 quia
1833 1324 1992 1392 omarus

296 1421 518 1510 omnipotens
528 1414 643 1485 fideles
655 1415 791 1488 vinculo
801 1419 972 1491 charitatis
983 1419 1099 1493 alirin·
1147 1417 1219 1492 luce
1233 1442 1396 1516 perpetua
1411 1420 1616 1492 vestientur.
1643 1421 1758 1489 Nemo
1773 1435 1949 1487 mortuum

295 1516 331 1609 gi
348 1543 358 1582 r
379 1536 419 1586 ut
450 1511 581 1606 pacifici
613 1512 702 1603 pacis
733 1511 1098 1607 perseverantiam-te·
1145 1517 1314 1610 sepeliet:
1341 1517 1397 1589 ubi
1414 1541 1534 1591 omnes
1550 1515 1618 1585 line
1633 1512 1783 1587 termino
1800 1510 1953 1595 vivent.

297 1630 420 1683 neant:
445 1613 479 1680 dt
494 1605 665 1678 discordes
683 1609 779 1682 dono
794 1608 1097 1684 misericordie'rue
1147 1616 1214 1684 Sed
1240 1634 1278 1686 tu
1291 1615 1438 1689 Domine
1458 1617 1512 1684 hic
1540 1611 1597 1682 ista
1619 1633 1686 1700 que
1713 1636 1731 1680 a
1757 1605 1859 1679 nobis
1877 1604 1949 1675 sunt

223 1731 267 1783 ιο
300 1707 341 1776 ad
359 1707 557 1778 charitatem
572 1702 638 1772 sese
654 1723 880 1776 convertant.
898 1721 946 1802 lje.
962 1712 1070 1783 Amen
1082 1756 1096 1780 .
1146 1711 1362 1804 percipienda
1378 1709 1549 1782 sandifica
1564 1735 1574 1774 t
1590 1721 1626 1778 ut
1640 1706 1705 1776 hec
1722 1703 1896 1774 sumentes
1910 1701 1948 1772 ad

298 1802 388 1891 Quia
403 1821 488 1873 tues
503 1821 585 1872 vera
594 1823 661 1896 pax
674 1802 809 1875 nollra·
1146 1808 1273 1896 premia
1289 1806 1474 1900 pervenire
1492 1822 1680 1877 mereamur
1693 1822 1815 1874 eterna
1829 1806 1863 1866 d
1970 1801 1991 1885 63

623 1896 743 1966 [relatio
759 1945 772 1965 .
1195 1917 1244 1995 132·
1262 1909 1392 1976 Amen.
1822 1893 1837 1920 ⁹

295 1993 520 2166 Dignum
546 1993 581 2062 δι
606 1993 784 2075 iuliumell
807 2019 869 2066 nos
885 1996 946 2068 tibi
964 1996 1096 2092 semper
1193 2003 1294 2069 Dicat
1307 1997 1427 2070 ansb.
1440 1997 1491 2067 Te
1514 1994 1679 2088 preliante
1695 1990 1809 2063 strete
1824 1989 1947 2063 Domi·

417 2091 541 2186 gratias
570 2109 673 2180 agere
698 2088 848 2161 Domine
871 2091 980 2163 sancte
998 2114 1096 2185 pater
1144 2117 1208 2163 ner
1228 2118 1402 2188 perquem
1417 2113 1453 2166 tu
1469 2094 1531 2161 hec
1547 2091 1661 2163 omnia
1678 2087 1776 2162 nobis
1795 2085 1945 2183 indignit

215 2207 262 2280 ¹15
295 2205 418 2257 eterne
437 2185 653 2276 omnipotens
678 2186 771 2256 Deus
790 2212 850 2279 per
862 2187 972 2269 Jesum
990 2189 1094 2260 Chri·
1142 2188 1248 2264 servis
1264 2193 1330 2262 tuis
1347 2190 1447 2262 valde
1464 2188 1554 2261 bona
1567 2206 1685 2257 creas.

296 2282 378 2353 slum
392 2276 499 2351 filium
515 2299 608 2351 tuum
619 2280 803 2354 Dominum
818 2286 959 2372 positum
974 2285 1095 2377 quite·
1300 2291 1362 2358 „cd
1373 2288 1553 2357 orationem
1567 2284 1784 2352 Dominicatn.
1971 2293 1990 2365 τ’

297 2399 375 2446 cum
401 2377 434 2444 in
448 2375 585 2470 origine
599 2378 713 2447 mundi
740 2380 775 2449 δι
787 2401 864 2453 cum
880 2380 1005 2474 spiritu
1018 2381 1094 2452 san·
1220 2382 1403 2456 letateDei
1420 2380 1524 2473 patris
1539 2377 1714 2472 poscamus
1729 2377 1856 2448 fratres
1869 2371 1947 2447 eita-

297 2470 355 2545 Clo
368 2471 494 2543 mundo
512 2469 646 2562 prebuit
664 2469 772 2544 lucem
784 2521 794 2543 .
807 2477 970 2548 Extendit
984 2475 1093 2551 celum
1244 2480 1357 2552 rilsrmi
1373 2504 1382 2546 t
1400 2497 1438 2548 ut
1453 2476 1578 2570 prestet
1591 2473 1690 2545 nobis
1706 2470 1861 2566 indignis
1878 2469 1944 2541 ser·

295 2566 441 2639 virtuter
458 2566 617 2639 fundavit
633 2569 1093 2665 aridamsapientia=divisrt
1144 2580 1198 2644 vis
1230 2575 1296 2646 suis
1323 2594 1448 2666 corpus
1475 2573 1543 2642 hoc
1569 2566 1710 2643 Domini
1739 2566 1843 2639 nostri
1873 2562 1948 2646 lesu

98 2672 103 2681 '
215 2682 267 2734 ao
297 2685 397 2756 aquas
412 2661 609 2734 intelleslut
632 2663 792 2761 simulque
817 2669 849 2738 in
877 2671 926 2740 eis
939 2670 1094 2742 universa
1144 2671 1267 2742 Christi
1284 2667 1344 2745 filii
1368 2669 1417 2741 sui
1433 2668 1474 2739 ad
1488 2664 1676 2738 remedium
1703 2662 1815 2734 anime
1831 2662 1947 2733 nostre

294 2758 818 2834 creavtr.fixtrenroh6nrinem
831 2767 872 2836 ad
889 2767 1095 2861 imaginis&
1144 2769 1323 2861 percipere
1357 2768 1447 2836 hunc
1476 2759 1722 2835 sacrosanslum
1750 2756 1947 2853 sanguinem
1974 2773 1991 2846 7

296 2852 525 2927 similitudinis
549 2852 604 2924 sue
622 2856 763 2929 formam
776 2862 999 2933 conllituensr
1026 2862 1096 2957 spi·
1143 2869 1217 2945 ejus
1241 2866 1311 2937 fine
1343 2860 1411 2932 ullo
1428 2857 1637 2933 conscientie
1653 2873 1749 2927 reatu
1766 2855 1948 2926 biberes.

295 2950 415 3022 raculo
439 2951 512 3021 vite
529 2951 702 3023 rationalis
719 2955 907 3030 animavit·
937 2959 979 3030 Et
1006 2983 1095 3031 nunc
1143 2962 1319 3048 Quatenus
1333 2954 1563 3052 requiescente
1591 2953 1624 3024 in
1639 2950 1804 3023 cordibus
1827 2949 1948 3022 nostris

296 3047 449 3134 Domine
465 3063 554 3116 tues
571 3048 704 3122 humani
720 3052 858 3143 generis
882 3057 1045 3130 eonditor
1058 3059 1095 3128 ὅτ
1144 3055 1200 3128 sue
1221 3056 1359 3149 pietutis
1391 3049 1598 3126 dllesliones
1633 3047 1831 3120 orationem
1848 3066 1946 3135 quam

214 3163 260 3237 25
294 3143 445 3213 omnium
470 3143 504 3210 in
520 3159 555 3211 te
574 3145 784 3218 credentium
801 3147 832 3218 in
849 3151 1013 3243 alsumpto
1029 3155 1097 3225 lto·
1142 3149 1315 3246 apostolos
1331 3151 1404 3223 suos
1421 3148 1545 3244 docere
1558 3148 1717 3242 dignatus
1730 3142 1802 3212 ella
1827 3141 1874 3210 fic
1892 3141 1946 3212 di·

294 3241 385 3308 mine
400 3235 566 3333 sanguinis
577 3238 738 3313 effufione
752 3246 1096 3338 redemptor-Teme·
1142 3273 1220 3321 cere
1234 3268 1424 3318 mereamur
1440 3267 1459 3312 e
1476 3244 1604 3315 terris.
1636 3243 1740 3312 Pater
1753 3237 1898 3309 noller.
1975 3228 1990 3301 l

293 3350 397 3404 tuuut
416 3334 598 3425 potestates
615 3333 741 3428 tibique
755 3363 875 3411 omnes
890 3341 1096 3416 famulantur
1216 3338 1448 3414 Dicat‘Presb.
1478 3335 1660 3411 Humiliate
1700 3356 1764 3405 vos
1797 3332 1942 3404 benedi·

231 3443 244 3467 s
292 3428 442 3500 virtutes
453 3474 467 3496 .
478 3430 527 3496 'se
541 3430 714 3502 duodenus
727 3432 840 3505 senum
853 3436 988 3513 chorus:
1003 3442 1094 3513 ordo
1143 3438 1270 3512 ctiori.
1298 3435 1465 3511 Dominus
1479 3437 1519 3506 stt
1533 3435 1664 3527 semper
1677 3426 1883 3502 vobiscum.

294 3539 330 3593 te
351 3525 454 3594 etiam
466 3522 648 3596 conlaudat
667 3527 845 3601 ineffabilis
862 3534 1092 3626 angelorum:
1192 3550 1240 3624 132.
1258 3536 1300 3607 Et
1320 3557 1420 3606 eum.
1607 3548 1609 3553 ·
1631 3523 1850 3597 Benedictio.

210 3646 258 3717 30
294 3640 332 3686 ac
347 3616 527 3710 multiplex
546 3617 663 3713 legio.
684 3624 760 3696 Tibi
776 3610 950 3698 Clteruliin
976 3656 1015 3701 ac
1028 3636 1092 3705 Se·
1142 3632 1443 3809 OMnipotens
1458 3629 1623 3699 Dominus
1643 3639 1866 3714 peccatorum
1885 3617 1946 3692 vel

292 3711 579 3805 raphinsenasutu
598 3714 733 3791 volatus
749 3722 890 3793 stridore
905 3722 1041 3798 alarum
1055 3752 1093 3798 e·
1263 3730 1400 3798 litorum
1430 3721 1573 3795 maculas
1603 3735 1753 3812 purgete
1780 3717 1817 3786 dt
1846 3715 1949 3789 suas
1974 3711 1990 3781 l

292 3825 395 3880 terne
419 3805 525 3881 laudis
544 3809 958 3903 trigeminaconcinentes
984 3821 1091 3894 inees·
1138 3847 1205 3894 vos
1229 3823 1469 3895 benedictione
1497 3817 1708 3889 sanuificer·
1745 3813 1943 3900 BnAmeo.

288 3905 372 3978 santi
392 3928 479 3977 voce
502 3908 669 3981 canticum
686 3907 790 3984 laudis
805 3915 1012 3990 exsolvunt:
1041 3921 1089 3991 ita
1140 3915 1283 4013 Repleat
1312 3943 1377 3990 vos
1397 3916 1562 3989 Dominus
1592 3905 1815 4005 spiritualium
1840 3909 1941 3981 dono

289 4002 444 4074 dicentes
459 4048 470 4069 ⁰
499 4015 546 4097 ¹3*
560 4004 698 4075 Sanctus
712 4055 722 4076 ·
749 4011 887 4083 Sanslus
901 4058 911 4077 .
926 4015 1091 4123 Sentius.
1137 4017 1330 4089 virtutum:
1359 4016 1394 4084 du
1410 4011 1627 4106 perseverare
1645 4004 1746 4076 saciat
1774 4003 1810 4072 in
1840 4002 1952 4113 ponis·

210 4121 257 4191 35
580 4099 823 4182 P⁰sl5dnllu50
1137 4112 1350 4203 propositum
1379 4111 1550 4182 vestrum.
1585 4119 1633 4185 Bt·
1652 4106 1787 4171 Amen.
1815 4098 1945 4192 Srcque

387 4197 446 4267 lire
460 4193 592 4266 sanslus
606 4224 617 4263 r
633 4220 714 4268 vere
732 4198 900 4292 gloriosus
917 4227 953 4273 es
966 4204 1089 4276 Domi·
1137 4204 1364 4278 humilitatem
1373 4206 1514 4280 vestram
1524 4200 1692 4270 Dominus
1706 4196 1945 4297 dignatorec·
1973 4214 1989 4279 ς

407 4314 450 4361 ne
467 4291 565 4360 Dens
580 4292 711 4362 noster.
724 4295 772 4364 Te
787 4297 819 4365 in
836 4296 1009 4368 celestibus
1022 4300 1088 4392 spi·
1135 4320 1251 4395 ceptet
1268 4326 1278 4368 e
1293 4321 1331 4373 ut
1350 4301 1485 4371 suevos
1504 4295 1643 4391 pietatis
1659 4290 1943 4364 remuneratione

286 4384 422 4459 ritualia
432 4414 445 4451 r·
474 4405 508 4458 te
538 4385 570 4455 in
589 4387 734 4457 terrenis
758 4391 902 4464 humana
921 4418 1089 4466 veneran·
1136 4395 1347 4490 locupletet·
1373 4409 1420 4486 132·
1441 4401 1549 4466 Amen
1566 4440 1576 4460 .
1596 4393 1660 4462 Per
1673 4386 1944 4458 misericordiam

286 4499 371 4551 Μ’
396 4484 441 4552 Et
461 4484 540 4555 dum
561 4482 594 4552 5¹¹
613 4482 762 4574 supernis
778 4491 923 4573 majestas
940 4486 1087 4584 glories
1136 4494 1236 4587 ipsius
1250 4492 1319 4565 Dei
1336 4490 1463 4563 nostri.
1491 4488 1658 4562 Dominus
1670 4485 1710 4555 fit
1724 4482 1859 4575 semper
1875 4505 1948 4554 vo·-

205 4599 257 4672 40
287 4593 345 4650 tue
359 4576 558 4651 attollitur:
571 4577 604 4648 in
619 4578 691 4655 imis
705 4584 862 4673 potentia
880 4586 1016 4657 virtutis
1030 4613 1088 4659 au·
1135 4589 1262 4661 bissum
1282 4636 1292 4658 .
1314 4603 1361 4680 132.
1371 4588 1411 4657 Et
1425 4608 1525 4665 cum.

286 4694 404 4785 getur.
418 4676 484 4747 Hic
496 4676 719 4768 proferuntur
733 4677 894 4772 obsequia
912 4683 1084 4761 mentiumt
1182 4689 1245 4756 Hic
1257 4688 1346 4755 dicat
1361 4683 1505 4753 chorus.
1526 4679 1668 4748 Gullate
1683 4679 1719 4748 de
1733 4672 1857 4745 videte
1874 4721 1886 4744 .
1974 4689 1989 4757 ς

284 4767 489 4864 rllicgaudia
504 4769 1087 4854 relaxanturanimarum.Chrislum
1184 4779 1472 4863 Postcommunio.
1497 4778 1611 4847 oratio
1639 4789 1679 4842 ut
1704 4775 1739 4842 iu
1770 4771 1945 4842 Dominico

282 4866 395 4959 igitur
409 4891 566 4962 rogemus
579 4867 762 4945 ausloremt
778 4896 878 4962 quem
890 4873 1007 4946 scimus
1018 4900 1086 4948 no·
1130 4880 1320 4974 preterito.

285 4961 337 5030 bis
352 4958 587 5035 celebrandum
602 4965 664 5032 esse
682 4971 946 5058 postmortem·
969 4971 1081 5065 ipsum
1192 4973 1246 5046 lN
1268 4971 1453 5060 QllNTO
1478 4966 1729 5039 DOllllNlCO
1757 4959 1881 5037 POST

202 5073 254 5154 45
285 5055 473 5131 Dominum
484 5080 522 5128 ae
539 5059 792 5150 redemptorem
807 5087 990 5141 eternum·
1277 5068 1498 5142 OCTAVAS
1517 5060 1791 5137 EPlPllrlNlE.

577 5150 654 5235 Μ
664 5159 793 5246 pridie.
1135 5166 1197 5237 'Ad
1209 5160 1357 5253 Milfizm.
1386 5160 1528 5248 officium
1546 5167 1589 5234 eu·
1607 5160 1717 5230 oratio
1733 5170 1772 5227 ut
1786 5154 1946 5248 inprime
1979 5166 1988 5221 1

286 5246 541 5424 Hrlbemus
558 5247 695 5337 quidem
714 5253 862 5323 Domine
891 5257 1042 5335 relietum
1059 5288 1078 5332 a
1137 5261 1306 5331 Dominiro
1316 5259 1380 5344 fol.
1393 5266 1531 5328 lXIlIl.

412 5364 448 5416 te
466 5344 650 5416 viaticum:
683 5343 739 5413 sed
767 5350 963 5438 promissum
984 5353 1084 5426 nostri
1186 5355 1295 5426 cetero
1310 5356 1475 5427 hieremie
1485 5349 1675 5447 prophete.
1698 5363 1747 5443 132.
1761 5347 1846 5417 Deo
1865 5367 1948 5440 gra⁴

284 5440 443 5512 desiderii
457 5442 672 5533 expediamus
688 5441 862 5515 effaetum.
876 5447 918 5517 he
935 5449 992 5539 qui
1009 5472 1087 5522 cor·
1136 5450 1199 5523 tius
1218 5497 1230 5518 .
1730 5453 1805 5537 cap.
1820 5448 1947 5512 ΧΧΧΙ.

207 5550 256 5626 50
283 5552 345 5631 pus
361 5558 456 5611 tuum
474 5535 555 5607 illud
572 5537 763 5629 accepimus·
774 5539 816 5610 ad
830 5542 995 5616 edendum
1012 5571 1023 5611 ε
1049 5548 1086 5617 in
1227 5542 1479 5618 Uditeuerbum
1489 5540 1631 5613 Domini
1642 5541 1950 5638 gentes&annun·

283 5656 357 5725 quo
369 5658 405 5704 es
420 5630 613 5705 humiliatus
631 5635 663 5704 in
680 5651 793 5709 terras
819 5633 902 5710 illud
923 5641 1090 5733 concupi·-
1248 5642 1337 5712 ciate
1361 5642 1394 5709 in
1414 5635 1526 5708 insulis
1551 5662 1616 5726 que
1634 5633 1756 5730 procul
1772 5632 1880 5704 sonte
1908 5635 1949 5707 dt
1985 5650 1988 5700 t

216 5740 218 5744 ‘
282 5728 407 5801 scimus
427 5732 468 5802 ad
485 5730 697 5803 videndum.-
720 5733 753 5802 in
769 5756 845 5826 quo
867 5759 902 5807 es
918 5733 1087 5807 exaltatus
1137 5740 1269 5810 dicite.
1296 5736 1365 5822 Qu
1381 5734 1537 5826 dispersit
1551 5733 1674 5806 lsraele
1703 5727 1947 5824 congregavit

284 5827 318 5898 in
336 5824 474 5921 gloria·
501 5829 603 5899 Nunc
624 5828 715 5901 enim
730 5829 884 5902 videmus
902 5829 935 5901 in
952 5828 1090 5925 speculo
1137 5835 1271 5904 eume&
1285 5833 1465 5905 custodivit
1481 5853 1558 5900 eum
1576 5831 1660 5899 licut
1676 5830 1955 5922 paslorgregem

283 5926 320 5994 dt
336 5926 536 6021 enigmate:
561 5942 647 5995 tunc
674 5945 790 6003 cutem
803 5926 892 6004 sau‘e
912 5926 1092 6005 adfaciem
1137 5919 1956 6088 suumRedimetenimDominusJacob&lige-

523 6067 525 6073 ·
1853 6041 1894 6093 12
1922 6032 1959 6092 rt
