4450 7209
322 807 457 889 mlv
769 776 1518 869 eRAEFATto:

319 894 387 1002 mo
409 917 553 1017 petent
583 920 846 984 tuorrivi
880 912 1085 981 nonini'
1094 920 1112 980 s
1138 922 1218 982 non
1245 887 1445 1014 horruisti
1472 886 1759 1014 vestimentum
1778 893 1947 1015 sumere

321 1015 494 1130 carnis,
524 1025 613 1133 qilae
641 1012 794 1124 verbe,
825 1013 868 1098 in
895 1012 1013 1100 Missi
1043 1018 1082 1103 S.
1100 1014 1289 1131 Sperati,
1321 1015 1487 1102 Missilis
1517 1011 1733 1128 Ximenii,
1773 1050 1855 1107 non
1888 1023 1943 1108 le²¹

318 1161 502 1254 guntur.
534 1144 597 1226 Ut
618 1134 811 1224 Alcuinus
837 1131 1169 1249 animadvertit(
1193 1128 1236 1248 ),
1268 1131 1563 1253 inconveniens
1585 1133 1713 1227 dissic
1738 1132 1796 1260 est
1827 1170 1946 1228 nno·

320 1255 476 1346 r'sivr
517 1282 756 1343 nominos
789 1281 1195 1341 vesstnsnrun
1230 1282 1458 1342 cinnrs.
1486 1263 1547 1346 At
1588 1282 1722 1343 textus
1762 1259 1946 1370 citatus,

322 1377 386 1464 uti
418 1378 459 1462 iii
488 1377 695 1467 Breviorio
721 1374 987 1459 Mozarabum
1013 1396 1162 1486 extat,
1201 1374 1243 1459 iii
1270 1376 1450 1463 oratione
1480 1376 1529 1461 ad
1558 1378 1777 1465 matutinas
1806 1377 1945 1464 laudes

219 1545 223 1554 ·
321 1492 565 1603 §russorum
597 1493 788 1611 Sperati,
822 1493 1146 1604 necomitam,
1174 1493 1277 1580 nihil
1308 1497 1432 1582 habet
1471 1498 1647 1609 alienum
1672 1524 1696 1584 a
1723 1497 1846 1584 modo
1883 1499 1944 1584 lo·

318 1614 472 1730 quendi
512 1615 809 1732 Liturgicorum
844 1612 1078 1729 Hispanico.
1115 1610 1300 1732 ingeniti
1329 1610 1530 1734 patrius,
1570 1612 1783 1736 unigenite
1817 1607 1953 1735 filine

323 1731 500 1825 Dein..
526 1730 692 1854 quin..
710 1727 832 1846 buius
857 1730 999 1822 mundi
1025 1721 1169 1851 infinit
1190 1753 1357 1850 petent,
1387 1732 1443 1823 ad
1460 1764 1833 1824 soosrtnbun
1863 1764 1952 1822 sio·

208 1876 292 1969 137
323 1883 541 1965 minen,
573 1883 652 1943 non
678 1844 876 1972 horruisti
899 1848 1189 1972 vestimentum
1209 1849 1373 1966 sumere
1397 1852 1535 1944 cornis
1649 1856 1809 1973 singulis
1837 1855 1948 1942 hisce

227 2062 232 2069 .
323 1970 503 2066 textibus
529 1971 697 2062 discussis
722 1997 924 2091 apparet,
957 2005 980 2063 e
1006 1997 1180 2089 quatuor
1206 1976 1386 2084 ultimis,
1415 1978 1486 2088 qui
1514 1974 1586 2064 soli
1611 2005 1736 2094 pravo
1763 1973 1951 2092 dogmati

278 2096 462 2191 thien:
501 2095 690 2213 possunt,
728 2122 938 2209 nentium
976 2091 1143 2209 quidem
1179 2094 1222 2180 in
1246 2095 1398 2184 ‘Minati
1433 2099 1700 2185 Mozatabum
1726 2088 1915 2184 Ximenii
1931 2122 1959 2205 ·,

285 2198 371 2305 ‘eo
401 2213 524 2304 inodo
553 2216 666 2333 legi,
706 2243 788 2328 quo
826 2215 878 2301 ab
902 2212 1363 2329 Audioribushaet'eseos
1392 2217 1602 2326 citantur,
1645 2215 1747 2303 unde
1776 2215 1948 2332 planum
1984 2279 1986 2284 -

321 2335 378 2423 cll
408 2334 494 2422 salli
524 2364 621 2443 eos,
651 2336 725 2452 qui
753 2335 905 2424 Missale
937 2336 1148 2445 nostium,
1178 2335 1374 2449 librosque
1399 2337 1625 2454 Licurgicos
1652 2337 1958 2445 Monetabum,

204 2451 289 2565 138
323 2454 510 2558 hereseos
529 2455 702 2565 Felicis,
734 2454 983 2573 &Elipandi
1009 2453 1200 2544 hodierius
1223 2456 1493 2544 recusarunt.
1523 2465 1591 2548 An
1606 2460 1734 2545 ,Felix
1753 2483 1884 2562 vero,
1912 2457 1955 2543 ds

322 2573 545 2691 Elipandus
574 2574 730 2664 dicendi
763 2575 840 2661 sint
872 2577 990 2662 libros
1006 2577 1104 2664 ⁵suos
1130 2576 1417 2663 Ecclesiasticos
1450 2573 1555 2663 reae
1580 2577 1744 2693 legisse,
1774 2575 1839 2661 sed
1865 2602 1953 2660 ma·

323 2699 364 2786 lc
396 2695 663 2806 intellexisse3
693 2723 746 2780 an
777 2695 910 2812 potius
939 2693 1123 2782 censendi
1152 2697 1263 2806 sint,
1296 2698 1413 2782 libros
1444 2698 1530 2784 suos
1556 2695 1843 2786 Ecclesiasticus
1867 2720 1955 2780 cor·

322 2843 513 2930 rumpere
539 2815 735 2925 voluisse,
767 2813 999 2926 questiones
1028 2815 1120 2902 sunt
1147 2815 1199 2900 ad
1225 2815 1524 2905 orthodoxiam
1545 2816 1711 2902 Missalis
1735 2813 1856 2900 nostri
1888 2839 1963 2930 pu·

249 3035 251 3038 ,
322 2962 416 3023 runi
447 2929 699 3050 spedlantes,
741 2936 991 3021 &breviter
1019 2934 1325 3021 examinando.
1355 2937 1496 3046 Aliqui
1527 2958 1673 3051 putant
1701 2934 1879 3024 Felicem
1912 2935 1956 3021 dt

323 3052 572 3168 Elipandum
613 3055 734 3142 libros
773 3052 894 3162 suos,
933 3053 995 3139 uti
1027 3056 1068 3140 in
1101 3055 1149 3142 iis
1188 3053 1380 3171 scriptum
1419 3056 1694 3166 invenerunt,
1718 3056 1841 3145 honi
1874 3051 1956 3138 fide

322 3171 491 3283 citasse,
520 3172 584 3259 scd
617 3203 698 3261 non
730 3173 831 3258 bene
863 3174 1122 3282 intellexisse,
1153 3175 1266 3261 hanc.
1289 3176 1521 3291 opinionem
1548 3177 1681 3263 tenuit
1704 3170 1956 3259 'dedidimus

321 3293 466 3407 Pagius
494 3285 588 3405 (b),
629 3317 739 3380 ratus
765 3292 940 3379 Felicem
976 3294 1288 3410 &stipandum
1327 3325 1379 3382 ex
1414 3289 1522 3383 mose
1555 3289 1780 3383 intelledsis
1816 3285 1955 3406 Miffae

321 3417 365 3497 S.
387 3405 534 3524 Isidori
559 3402 815 3501 orationibus
845 3413 1025 3500 haetesim
1066 3413 1260 3500 hausisse.
1291 3421 1350 3502 Et
1380 3416 1480 3524 alii,
1510 3412 1684 3502 colledlis
1714 3411 1956 3526 quibusdam

221 3578 233 3611 ,·
323 3557 467 3617 eorum
507 3528 713 3618 sententiis
730 3594 752 3642 ‚.
782 3532 1034 3617 contendunt
1066 3530 1229 3622 Sandlos
1266 3539 1401 3620 Patres
1443 3533 1557 3620 hasce
1592 3529 1708 3620 voces
1738 3526 1958 3648 adoptio,

285 3720 289 3728 .
323 3647 546 3765 adoptatus
557 3693 577 3762 ¹,
608 3646 868 3767 adoptivus,
903 3655 943 3738 8t
972 3652 1147 3760 smiles,
1178 3682 1225 3737 ea
1257 3653 1543 3767 significatione
1581 3651 1829 3758 adhibuisse,
1869 3678 1963 3763 qua·

209 3783 229 3851 t
239 3783 293 3873 39
325 3763 567 3884 cffnmptio,
599 3765 656 3861 (θ’
678 3765 906 3888 offumptnt
935 3769 1179 3858 adhibentur
1196 3765 1284 3888 (c).
1317 3779 1411 3859 Em.
1429 3780 1538 3861 Bona
1563 3770 1653 3887 (d),
1680 3777 1720 3864 dt
1746 3779 1794 3858 Ρ.
1812 3777 1957 3858 Petrus

325 3899 385 3979 Le
408 3896 515 3981 Brun
534 3885 626 4006 (e),
658 3890 701 3977 in
726 3890 923 3977 diversam
954 3893 1212 3980 sententiam¹
1229 3892 1411 3997 abeunt,
1443 3892 1471 3975 ii
1498 3894 1607 3979 enim
1635 3912 1781 4010 putant
1811 3891 1959 4006 priscos

325 4006 508 4097 nudiores
536 4010 730 4125 Liturgie
758 4011 1105 4126 GothoHisponae
1146 4013 1251 4098 nihil
1289 4038 1431 4096 eorum
1472 4011 1694 4128 scripsisse,
1734 4035 1824 4123 quae
1862 4011 1958 4126 dog·

324 4131 431 4215 mati
462 4131 628 4238 Felicis,
660 4135 705 4216 &⁴
730 4131 918 4246 Elipandi
947 4132 1084 4216 favere
1118 4129 1388 4240 videbantur,
1421 4129 1486 4215 sed
1516 4133 1600 4248 post
1628 4133 1789 4218 ruinam
1822 4130 1959 4247 Regni

325 4249 668 4360 visigothorum,
699 4249 821 4336 libros
851 4251 1077 4364 Licurgicos
1102 4249 1373 4336 Mozarabum
1406 4250 1523 4335 fuisse
1553 4275 1795 4366 corruptos,
1833 4254 1874 4338 δι
1906 4250 1960 4335 ab

326 4365 547 4454 illiusmodi
578 4367 733 4452 vitiatis
761 4367 972 4455 codicibus
997 4371 1207 4475 Felicem,
1240 4368 1544 4484 &Elipandum
1576 4370 1823 4478 sententias,
1857 4395 1958 4482 quas

213 4504 297 4594 140
328 4485 515 4594 laudant,
541 4484 824 4603 desumpsisse.
855 4486 956 4594 Sed,
982 4489 1079 4602 quid
1106 4488 1204 4602 quid
1229 4489 1279 4575 sit
1308 4487 1357 4573 de
1384 4488 1455 4573 usu
1484 4494 1524 4576 δ(
1555 4488 1840 4606 significatione
1871 4489 1959 4576 illa·

261 4661 271 4677 ·
325 4636 418 4696 rum
444 4635 592 4692 vocum
623 4602 824 4724 adoptio,
854 4602 1113 4723 adoptivus,
1145 4605 1403 4722 adoptatus,
1438 4613 1477 4695 8(
1508 4637 1559 4698 an
1594 4612 1675 4696 ullo
1706 4634 1804 4695 veto
1844 4605 1958 4696 sensu

325 4725 506 4817 Christus
533 4726 616 4813 Dei
647 4726 750 4815 lilius
779 4726 991 4844 adoptivus
1018 4727 1099 4815 dici
1129 4728 1243 4844 possit
1261 4723 1368 4843 (s),
1399 4726 1616 4840 dequibus
1644 4731 1761 4836 nolo,
1796 4727 1873 4814 hoc
1899 4733 1957 4817 lo·

324 4876 407 4957 oo,
438 4846 709 4960 contendere,
752 4873 863 4939 certe
893 4879 973 4936 non
1004 4850 1197 4967 probatur
1221 4848 1440 4963 Scriptores
1471 4850 1670 4965 Hispanos
1701 4847 1952 4962 Missurum„

326 4973 370 5060 dt
395 4967 672 5080 orationum,
702 4967 753 5056 de
777 4970 935 5061 Christo
964 4972 1204 5086 loquentes,
1235 4967 1457 5053 adhibuisse
1486 4999 1601 5058 voces
1631 4965 1833 5086 adoptio,
1859 4969 1958 5061 odo·

245 5136 252 5150 =
321 5108 504 5303 ptntus,
535 5086 846 5208 sitdominus,
876 5121 925 5180 eo
949 5091 1093 5200 sensu,
1124 5118 1207 5205 quo
1232 5081 1472 5209 offumptio,
1504 5087 1752 5208 offnmptus,
1781 5088 1823 5181 ds
1855 5093 1964 5205 simi·

343 5239 384 5301 es
414 5209 683 5298 adhibentur.
713 5214 784 5302 Ab
814 5211 1008 5324 ejusmodi
1038 5213 1150 5299 enim
1181 5210 1344 5295 vocibus
1369 5202 1545 5300 Consilia
1571 5213 1784 5330 Hispana,
1815 5217 1856 5302 8(
1888 5243 1959 5301 an·

330 5330 525 5447 tiquiores
551 5337 688 5420 Patres
716 5332 916 5448 Hispani,
934 5360 1042 5422 -cum
1072 5332 1123 5418 de
1151 5328 1435 5419 luminatione
1465 5358 1623 5449 agunt,
1654 5355 1701 5420 ut
1731 5332 1959 5450 plurimum

329 5452 555 5561 ubllinent,
592 5450 723 5575 Julius
754 5454 1015 5572 Urgelitanus
1042 5448 1112 5572 (g)
1142 5445 1324 5538 dillinsle
1354 5475 1475 5570 negat
1502 5447 1765 5572 adoptionem
1794 5481 1960 5570 compe·

1875 5600 1963 5664 tere

374 5721 438 5810 (t)
461 5710 626 5789 Adversus
637 5710 793 5801 Elipand.
804 5713 898 5778 lton.
911 5712 1052 5797 col·953;
1212 5712 1274 5804 (d)
1298 5715 1418 5780 Rerum
1434 5712 1560 5799 Licurg.
1574 5710 1669 5780 libn.
1683 5727 1813 5800 capnt.
1832 5717 1899 5802 §a-

373 5810 436 5903 (ὗ)
458 5811 496 5878 lu
508 5802 666 5874 Baton-ad
682 5806 995 5886 tnn·Chr·789·n·9·
1211 5807 1270 5894 (c)
1292 5801 1393 5888 Expl.
1404 5802 1505 5867 Mille
1521 5823 1575 5884 70.
1593 5827 1623 5868 i.
1635 5803 1743 5885 dion.
1756 5819 1822 5868 att.
1841 5827 1873 5868 ι.
1895 5807 1964 5894 §m

373 5910 414 5997 (e
457 5896 541 5968 vide
555 5898 592 5965 P·
604 5894 905 5965 Peuumeoiistarii
915 5892 963 5961 0·
974 5898 1008 5968 S·
1021 5893 1059 5957 B·
1074 5887 1107 5958 iu
1210 5898 1284 5984 (ο
1310 5894 1396 5960 vide
1411 5893 1584 5960 petavium
1597 5893 1717 5962 Theos.
1728 5893 1843 5982 dogm.
1858 5915 1911 5976 t0·
1929 5913 1964 5977 5·

332 5905 489 6065 Uindilli!
522 6000 676 6057 toletum
702 5983 867 6056 Codicum
899 5980 1105 6079 confirmasse
1166 5979 1553 6072 &lucarnlnoeapm
1725 6006 1727 6010 ·

330 6094 566 6183 «isoio
1209 6071 1502 6172 minoto
