4450 7209
546 688 833 769 TERTIE
895 688 1417 775 HEBDOMADEs
1568 786 1573 794 .
1748 699 1817 771 tat

1009 796 1152 867 civitate
1169 794 1355 892 palmarum
1370 822 1446 873 cum
1460 796 1540 876 liliis
1556 798 1643 880 Juda
1654 796 1689 871 in
1702 797 1817 871 deser·
1849 798 1894 869 55

164 988 171 1005 Ι
193 888 400 986 Principium
419 878 501 961 libri
513 886 764 1000 &udicumdjq
778 886 863 963 Deo
876 910 959 985 gra·
1010 910 1083 967 tum
1098 895 1201 967 sortis
1217 901 1290 983 eius
1317 925 1328 967 a
1357 900 1453 990 quod
1479 900 1527 973 est
1552 900 1595 971 ad
1606 898 1816 976 meridiem

145 1008 236 1064 tras·
872 994 955 1057 can·
1007 992 1448 1069 Arach=&babitauerunt
1462 1020 1538 1071 cum
1551 1020 1623 1072 eo·
1643 996 1745 1070 Abiit
1758 1016 1818 1065 au·

1005 1107 1076 1160 tem
1094 1088 1196 1172 ludat
1224 1113 1302 1166 cum
1318 1095 1494 1186 Symeone
1521 1095 1629 1170 fratre
1655 1092 1717 1170 su0
1743 1124 1754 1165 a
1783 1092 1821 1163 ἃ

95 1206 111 1276 5
212 1182 458 1258 Nillisdiebus
487 1208 496 1253 a
521 1183 597 1279 poss
613 1180 965 1261 mottemlosuecotl.
1015 1190 1253 1281 percusserunt
1280 1187 1375 1266 simul
1404 1191 1651 1269 Chananeuma
1677 1191 1735 1283 qui
1759 1187 1822 1261 ha·

153 1198 201 1375 I
227 1280 403 1358 suluerunt
418 1280 480 1356 filii
491 1276 785 1356 lsraelDominum
797 1280 963 1353 dicentes·
1018 1284 1147 1359 bitabat
1161 1286 1196 1357 in
1209 1289 1364 1382 Sepbata
1393 1292 1429 1363 bt
1446 1289 1699 1363 interfecerunt
1716 1307 1819 1359 eum·
1849 1299 1899 1369 60

144 1382 233 1482 Qis
264 1381 426 1455 ascendet
457 1398 537 1454 ante
578 1401 639 1451 nos
674 1399 797 1455 contra
822 1378 962 1451 chana·
1012 1380 1250 1477 Vocatumque
1265 1386 1313 1457 est
1328 1408 1454 1462 nomen
1467 1386 1561 1459 urbis
1576 1384 1758 1461 Ormaaid
1770 1382 1820 1455 est

146 1504 248 1559 neum
265 1508 274 1548 ε
293 1482 328 1552 &
341 1479 408 1553 erit
422 1479 493 1550 dux
507 1474 588 1550 belli
607 1480 623 1545 ἓ
651 1476 823 1571 Dixitque
837 1472 960 1549 Domi-
1011 1480 1211 1554 anathema.
1241 1478 1529 1578 Cepitqueludaa
1542 1483 1669 1557 Gazam
1683 1504 1760 1555 cum
1776 1479 1821 1551 fi-

145 1608 233 1657 nus.
252 1578 354 1657 ,ludas
370 1576 529 1651 ascendet
546 1621 558 1644 .
584 1574 673 1645 Ecce
686 1574 814 1649 tradidi
832 1591 957 1645 terram
1007 1574 1104 1649 nibus
1119 1576 1186 1649 suis
1202 1580 1239 1651 dt
1253 1576 1500 1655 Adascalonem
1526 1599 1631 1677 atque
1651 1584 1820 1656 Actaeon

68 1697 115 1753 ιο
146 1684 183 1755 in
198 1698 297 1755 manu
313 1680 413 1761 ejus.
439 1674 483 1747 Et
514 1672 562 1747 ait
585 1673 689 1747 ludas
703 1669 872 1767 symeoni
889 1670 957 1743 sra-
1006 1693 1085 1750 cum
1100 1672 1256 1751 terminis
1270 1675 1363 1753 suis.
1392 1678 1539 1777 linitque
1556 1678 1728 1754 Dominus
1741 1696 1818 1750 cum

82 1792 84 1794 ’
145 1778 293 1855 trisuo.
325 1772 481 1847 Ascende
509 1790 642 1843 mecum
669 1770 704 1840 in
735 1768 833 1845 sorte
858 1790 957 1849 meat
1004 1772 1322 1851 Juuattmontana
1333 1774 1588 1872 posseditanec
1602 1795 1742 1873 poterat
1759 1778 1820 1848 de·
1848 1782 1896 1873 65

151 1882 315 1973 &pugna
331 1890 456 1947 contra
470 1870 693 1944 Chananeum
707 1894 717 1937 a
731 1872 765 1940 δι
790 1892 862 1964 ego
875 1889 957 1963 per·
1007 1865 1080 1943 lere
1093 1871 1309 1948 habitatores
1325 1872 1423 1949 vallis
1441 1875 1544 1970 aquia
1559 1874 1691 1950 saltatio
1708 1868 1818 1948 curti·

149 1998 231 2073 gam
248 1993 362 2047 tecum
376 1968 410 2042 in
426 1966 517 2040 sorte
532 1986 590 2041 tua
604 2012 616 2035 .
644 1965 688 2039 Et
720 1965 805 2040 abiit
816 1986 892 2038 cum
908 1989 956 2040 eo
1004 1968 1067 2041 bus
1076 1970 1308 2052 abundabant.
1323 1971 1577 2067 Dedetuntque
1592 1972 1727 2068 Calepb
1738 1971 1813 2043 He·

143 2078 298 2169 Symeon
325 2120 337 2143 .
366 2066 600 2162 Ascenditque
623 2060 725 2145 ludat
751 2060 955 2139 &tradidit
1003 2062 1215 2145 bronasicut
1232 2071 1368 2145 dixerat
1382 2070 1549 2167 Moyses.
1576 2072 1646 2165 Qu
1668 2066 1819 2144 delevt't

63 2183 112 2254 15
149 2171 321 2247 Dominus
334 2166 554 2243 Chananeum
582 2182 621 2235 ac
635 2161 818 2239 Ferezeum
833 2162 868 2233 in
886 2186 957 2237 ma·
1005 2187 1052 2236 ex
1064 2190 1104 2239 ea
1121 2186 1193 2241 tres
1207 2166 1302 2244 tilios
1323 2170 1463 2245 Enacb.
1485 2168 1666 2246 lebuseum
1690 2186 1772 2241 aute
1785 2188 1819 2240 m

145 2296 209 2347 nus
226 2293 344 2343 eorum
358 2296 369 2338 a
385 2266 420 2339 δι
436 2262 671 2360 percusserunt
699 2260 732 2332 iu
747 2260 878 2341 bezech
892 2261 956 2332 de·
1005 2261 1456 2342 habitatoremHierusalem
1469 2290 1541 2341 non
1558 2265 1766 2341 deleverunt
1778 2260 1820 2333 fi·
1849 2292 1900 2370 70

144 2392 221 2447 cem
234 2363 337 2445 millia
354 2366 537 2443 virorum·
567 2358 850 2455 Inveneruntque
869 2360 966 2433 Ado·
1017 2359 1267 2444 liiBeuiamin.
1291 2363 1542 2460 Habitavitque
1566 2366 1822 2445 lebuseuecum

146 2465 313 2541 nibezeclt
340 2465 376 2539 δι
403 2463 437 2535 in
455 2457 588 2535 bezech
617 2482 629 2525 a
661 2459 696 2529 dt
720 2474 965 2554 pugnaverunt
1016 2459 1097 2534 sullis
1114 2462 1290 2539 Beniamin
1307 2463 1341 2535 in
1357 2461 1567 2538 Hierusalem
1584 2462 1822 2558 usqueinpre·

149 2584 363 2641 contraeum
394 2590 404 2633 a
433 2584 472 2635 ac
485 2556 720 2654 percusserunt
742 2560 963 2631 chananeum
1013 2559 1143 2633 sentem
1158 2560 1405 2636 diemDomun
1418 2584 1557 2656 quoque
1569 2559 1822 2655 iosephascen.

62 2674 119 2731 πο
147 2668 183 2739 &
203 2664 415 2739 Ferezeunt.
440 2656 547 2753 Fugit
578 2670 691 2730 autem
714 2652 963 2729 Adonibezech
1012 2656 1064 2730 dit
1077 2659 1112 2729 in
1128 2656 1253 2735 Bethel
1280 2658 1442 2752 :fuitque
1456 2662 1631 2735 Dominus
1644 2682 1725 2734 cum
1740 2656 1818 2729 eis·

146 2784 252 2859 quem
271 2756 441 2855 persecuti
472 2751 811 2849 comprehenderunt
841 2779 851 2821 a
877 2748 959 2860 cess
1009 2754 1098 2831 Nam
1109 2775 1186 2829 cum
1199 2756 1396 2830 obsiderent
1412 2757 1633 2851 urbemaque
1648 2758 1742 2852 ptius
1752 2756 1819 2828 Lu·
1848 2778 1901 2857 ῃ

146 2855 400 2937 summitatibus
417 2874 573 2929 manuum
586 2854 660 2934 cius
675 2871 713 2919 π
728 2852 874 2943 pedum·
892 2848 958 2918 Dt-
1006 2874 1046 2925 za
1064 2854 1256 2929 vocabatur
1278 2881 1289 2924 a
1319 2856 1484 2929 viderunt
1511 2856 1684 2932 hominem
1713 2876 1820 2950 egre»

145 2962 268 3055 xitque
296 2948 542 3030 Adonibezeclt
568 2974 578 3017 a
604 2946 826 3044 septuaginta
855 2966 959 3043 reges
1011 2952 1163 3024 dientem
1180 2948 1381 3028 decivitate
1396 2979 1406 3020 ε
1424 2952 1653 3047 dixeruntque
1668 2952 1710 3023 ad
1723 2972 1819 3023 eum.

148 3050 334 3150 atuputatit
346 3070 505 3127 manuum
521 3063 559 3119 ac
575 3046 700 3141 pedum
710 3043 959 3123 summitatibus
1011 3050 1162 3121 Ostende
1174 3050 1273 3125 nobit
1290 3048 1472 3121 introitum
1497 3051 1654 3124 civitatis
1678 3070 1689 3112 e
1715 3051 1751 3121 ἃ
1769 3047 1820 3119 sa·

60 3162 118 3241 ²5
147 3146 358 3251 colligebant
383 3148 444 3221 sub
470 3140 584 3221 mensa
613 3164 687 3216 mea
704 3142 859 3219 ciborum
877 3140 960 3215 reli·
1012 3146 1142 3219 ciemus
1172 3147 1206 3219 in
1237 3165 1273 3218 te
1298 3146 1603 3221 misericordiam.
1639 3145 1712 3234 Qui
1739 3164 1820 3215 cum

146 3255 270 3349 quiae.
295 3243 472 3322 Sicutseci
496 3273 508 3314 e
536 3242 587 3313 ita
615 3238 768 3316 reddidit
784 3240 864 3313 mihi
881 3241 960 3315 Do·
1012 3244 1208 3318 oslendisset
1227 3245 1277 3317 eis
1306 3271 1316 3312 ε
1348 3248 1580 3340 percusserunt
1606 3244 1726 3319 urbem
1744 3242 1820 3317 in.·.2
1851 3250 1899 3326 80

147 3352 287 3424 minus.
316 3344 616 3430 Adduxeruntque
646 3336 778 3419 eumin
797 3336 959 3411 Hierusa·
1010 3365 1073 3415 ote
1100 3341 1206 3439 gladii
1239 3390 1250 3413 ·
1279 3343 1464 3417 Hominem
1500 3364 1618 3416 autem
1659 3336 1753 3415 illum
1781 3344 1819 3413 &

145 3446 214 3525 lem
231 3478 240 3518 a
256 3448 292 3517 δι
306 3440 351 3513 ibi
368 3461 525 3521 mortuus
540 3435 610 3509 ell-
635 3436 889 3534 oppugnantes
906 3460 962 3510 er·
1009 3463 1149 3517 omnem
1164 3443 1408 3537 cognationem
1423 3444 1498 3524 ejus
1512 3440 1733 3514 dimiserunt·
1749 3438 1823 3529 Qi

149 3574 198 3647 go
214 3543 371 3621 siliiluda
390 3534 625 3643 Hierusaleutf
641 3554 809 3629 ceperunt
834 3537 961 3607 eam&
1011 3539 1161 3621 dimissus
1178 3540 1261 3614 abiit
1276 3540 1311 3613 in
1325 3558 1451 3612 tetram
1465 3538 1605 3612 Ethim:
1631 3535 1822 3609 &edifica
1951 3537 1955 3542 ”

61 3658 120 3735 30
148 3647 381 3741 percusserunt
395 3640 428 3715 in
442 3664 506 3715 ore
523 3630 852 3732 gladtlatradentea
877 3656 962 3704 cun·
1011 3639 1065 3712 vit
1081 3638 1340 3712 ibicivitatem.
1370 3636 1590 3733 Vocavitque
1606 3636 1821 3711 cambutam
1889 3676 1893 3683 ·

151 3744 241 3818 dam
257 3740 419 3815 incendio
432 3738 626 3816 civitatem
634 3733 678 3805 Et
690 3733 807 3825 pollet
820 3730 964 3802 descen·
1012 3760 1079 3831 qne
1094 3732 1405 3831 appellaturarsque
1418 3733 1453 3809 in
1469 3738 1665 3831 presentem
1681 3733 1796 3805 diem.
1852 3737 1898 3831 83

145 3844 271 3915 dentes
299 3851 543 3934 pugnaverunt
564 3849 687 3905 contra
716 3831 961 3903 Chananeuma
1015 3837 1216 3928 petimen,

148 3939 209 4035 qui
237 3938 414 4015 habitabat
439 3934 474 4007 in
502 3930 673 4010 montania
702 3952 718 3995 a·
739 3930 774 3999 δι
799 3928 841 4001 ad
858 3925 960 3999 meti·
1061 3929 1325 4004 utcataresbu.
1340 3932 1509 4009 Dominus
1537 3932 1582 4009 lit
1603 3930 1741 4025 semper
1753 3951 1822 4017 vo·¹

148 4040 241 4112 diem
271 4036 305 4109 in
328 4032 593 4127 campestribus.
619 4023 839 4123 Pergensque
856 4025 959 4100 ludas
1012 4026 1139 4105 biscum
1155 4075 1166 4099 ·
1185 4042 1235 4122 133·
1250 4030 1294 4101 Et
1311 4051 1416 4102 cum.

65 4146 117 4225 35
150 4156 275 4212 contra
308 4130 532 4213 Chananeum
560 4124 618 4221 qui
632 4124 814 4197 habitabat
840 4122 874 4195 in
890 4126 964 4195 Ηε·ι
1331 4128 1504 4201 Tuan„

150 4236 239 4309 bron
269 4262 279 4304 =
311 4228 367 4302 cui
381 4250 505 4303 nomen
519 4225 592 4299 suit
604 4222 792 4318 antiquitus
818 4221 962 4295 Charia-
1103 4226 1226 4308 Etcavi
1254 4252 1266 4294 a
1294 4227 1376 4320 quid
1405 4225 1686 4303 faciamocuslos
1708 4220 1819 4297 homi·
1849 4254 1899 4320 90

150 4332 304 4407 thathee
331 4328 368 4398 dt
393 4326 554 4425 peqcuffit
581 4321 670 4395 Sesai
698 4318 960 4412 &Haymaudt
1010 4404 1011 4407 Ἴ
1115 4349 1342 4420 ηυιηιᾳιιπε
1373 4348 1429 4398 nte
1456 4325 1821 4417 postillicontratium
1893 4316 1902 4326 “

148 4425 448 4516 Tholmai·atque
463 4415 729 4513 indeptosedus
746 4416 829 4490 abiit
844 4418 886 4493 ad
899 4422 959 4491 lta-
1012 4424 1180 4496 tibia&
1209 4424 1317 4497 fanus
1345 4420 1416 4497 sum
1444 4422 1662 4517 mihimetipsi
1679 4422 1822 4521 gravis.

150 4527 326 4605 bitatores
340 4520 449 4593 Dabit
464 4545 474 4587 a
491 4522 587 4602 cujus
616 4538 742 4589 nomen
769 4532 870 4589 vetut
884 4537 959 4591 erat
1011 4515 1058 4613 ql
1071 4522 1146 4597 Cur
1158 4546 1229 4595 non
1244 4520 1342 4597 tollis
1358 4538 1537 4615 peccatum
1551 4544 1661 4596 meum
1673 4549 1683 4587 ε
1695 4520 1730 4590 dt
1740 4542 1824 4612 qua·

60 4638 120 4714 '40
150 4621 437 4715 cariatsephera
456 4615 492 4687 id
520 4617 566 4687 eli
594 4616 717 4691 civitat
742 4609 962 4688 litterarum.
1011 4641 1049 4691 te
1076 4643 1149 4694 non
1177 4620 1289 4693 aufers
1319 4617 1535 4711 iniquitatem
1556 4640 1668 4691 meam
1696 4643 1706 4685 a
1737 4635 1820 4685 ecce
1872 4666 1877 4679 .

151 4724 323 4818 Dixitque
361 4715 533 4809 Calepb.
567 4716 637 4803 Ql
665 4711 965 4807 percusseritca·
1012 4712 1563 4813 nuncinpulveredormiama&
1590 4715 1615 4786 fi
1641 4736 1738 4787 mane
1768 4732 1821 4784 me
1850 4735 1899 4811 95

150 4816 434 4911 riathsepher&
458 4812 643 4885 vallaverit
669 4832 744 4882 tam
775 4834 785 4875 a
812 4807 903 4883 dabo
928 4810 961 4884 ei
1012 4817 1173 4907 quesieris
1188 4838 1255 4887 non
1268 4808 1517 4904 subulam-d·
1533 4814 1640 4885 Parce
1651 4833 1743 4911 ergo
1756 4809 1821 4883 mi·

154 4926 269 5003 Aram
286 4913 393 4995 filiam
410 4931 517 4987 meant
531 4931 697 4985 uxorem·
719 4907 876 5001 Cumque
904 4929 962 4979 ce·
1010 4912 1045 4983 hi
1071 4941 1080 4983 a
1098 4911 1183 4985 nihil
1197 4912 1287 4987 euim
1302 4909 1379 4983 sunt
1395 4910 1467 4982 dier
1484 4909 1577 4983 mei.

126 5016 255 5117 ,pinet
282 5036 358 5086 eam
383 5002 558 5084 Othoniel
600 5004 691 5079 filius
719 5005 818 5087 Ctsst
850 5003 958 5079 stater
1058 5006 1318 5083 Ditatl’resbit.
1334 5006 1515 5081 Silentium
1532 5007 1664 5082 facite.

60 5126 120 5201 45
156 5112 293 5209 Caleph
308 5104 562 5189 minotededit
579 5102 610 5174 ei
626 5110 739 5176 Aram
758 5098 861 5175 filiam
876 5100 966 5179 suam
1017 5155 1023 5163 ·
1872 5158 1877 5170 .

154 5219 368 5309 coniugem·
397 5212 508 5303 Qum
535 5218 745 5299 pergentem
774 5202 808 5271 in
839 5198 965 5271 itincre
1066 5207 1245 5300 Sequentia
1260 5199 1698 5301 Epislole‘l’etridpostoli.
1854 5230 1925 5283 100

156 5312 293 5389 monuit
321 5305 377 5377 vir
402 5304 478 5377 suus
509 5320 546 5373 ut
574 5315 712 5396 peteret
738 5320 758 5368 a
785 5315 883 5392 patre
905 5294 967 5371 suo
1018 5316 1067 5396 ξι.
1082 5305 1163 5377 Deo
1181 5304 1332 5398 gratias.
1672 5310 1700 5373 Ι.
1718 5306 1822 5371 call.

158 5433 307 5509 agrum·
331 5404 410 5492 Qe
425 5425 501 5476 cum
516 5398 703 5495 suspirasset
719 5394 840 5466 sedens
859 5393 892 5465 in
907 5394 967 5467 ali·
1118 5402 1286 5475 Haritstmi
1302 5427 1312 5469 a
1328 5399 1431 5475 eratis
1447 5401 1533 5474 stcut
1544 5424 1630 5477 ovet
1647 5418 1821 5473 errantesa

159 5534 208 5583 no
225 5536 235 5579 a
252 5502 336 5578 dicit
349 5502 382 5572 ei
397 5496 555 5593 Caleph.
579 5496 672 5589 Qid
703 5493 804 5568 habes
821 5495 837 5561 Ρ
863 5496 912 5565 At
927 5490 968 5566 il·
995 5568 997 5575 ,
1129 5499 1187 5571 sed
1203 5499 1359 5573 conversi
1375 5499 1450 5569 estis
1467 5524 1554 5571 nunc
1572 5500 1612 5572 ad
1630 5499 1818 5592 pallorem:

59 5622 125 5693 50
159 5606 194 5681 la
227 5598 436 5701 respondit.
461 5596 516 5667 Da
545 5593 627 5670 mibi
653 5588 966 5666 benedictionem
1015 5595 1260 5691 &episcopum
1275 5595 1458 5670 animarum
1482 5597 1694 5670 vestrarum·
1720 5595 1820 5668 Simi·
1851 5603 1952 5691 clm

159 5704 382 5799 quiatetram
399 5712 551 5771 arentem
580 5690 698 5762 dedilli
713 5689 795 5767 mihi
821 5714 831 5755 a
856 5691 899 5761 da
930 5688 967 5763 ut
1017 5690 1100 5767 liter
1133 5696 1169 5766 δι
1197 5692 1355 5768 mulieres
1379 5691 1514 5765 subdite
1543 5692 1608 5764 sint
1631 5692 1714 5764 viris
1733 5691 1824 5764 suia.
1854 5717 1922 5789 105

159 5803 322 5901 irriguam
338 5794 458 5893 aquis·
485 5788 594 5863 Dedit
622 5810 710 5898 ergo
737 5782 874 5879 Caleph
889 5784 964 5895 irti-
1019 5794 1063 5863 Ut
1076 5791 1161 5883 fiqui
1177 5815 1249 5868 non
1263 5792 1411 5863 credunt
1435 5790 1468 5861 in
1493 5792 1607 5863 verbo
1637 5814 1647 5854 e
1677 5812 1825 5883 permu-

157 5925 265 6000 guum
291 5893 444 5992 superius
457 5890 492 5961 δι
505 5886 672 5983 irriguum
686 5882 827 5956 inferius
848 5930 859 5953 .
886 5868 966 5958 Fuit
1019 5882 1145 5961 lictum
1174 5889 1473 5965 conversationem
1487 5887 1555 5958 sint
1572 5888 1682 5961 verbo
1696 5882 1827 5959 lucrifi-

158 6020 273 6077 auttm
285 5992 387 6069 Cinei
404 5984 544 6088 cognati
553 5981 670 6083 Moysi
683 5981 906 6083 ascenderunt
921 5980 967 6055 de
1016 5987 1425 6065 centuneonnderanes
1441 5985 1474 6058 in
1491 5985 1613 6060 timore
1628 5984 1749 6062 callam
1766 6007 1829 6056 ve·

235 6122 238 6129 ·
256 6094 353 6189 Miss·
364 6100 499 6190 Mutat·
1469 6086 1532 6175 Q
1723 6083 1821 6160 stram
