4450 7209
38 447 224 456 ,-,.,.,--,-.

644 673 788 753 FERIA
812 673 962 754 SEXTA
989 675 1044 752 ΙΝ
1064 674 1371 754 PARASCEVE.
1779 685 1851 771 169

180 781 234 855 bis
260 779 273 851 i
304 800 374 854 non
413 766 627 852 commisceri
656 823 668 846 ·
694 776 730 848 Si
768 775 879 869 isqui
919 776 988 851 scs·
1035 779 1071 849 δι
1094 777 1286 852 senioribus
1308 780 1452 850 dicens.
1478 773 1653 852 Peccavit
1678 775 1852 872 quistra-

184 898 240 953 ter
267 879 459 952 nominatus
483 877 533 950 eli
559 873 757 950 fornicator
786 900 797 944 ι
827 892 888 947 sut
905 900 998 972 ava-⁸
1036 874 1107 949 didi
1136 874 1331 974 sanguinem
1358 877 1479 960 iulium
1509 921 1521 944 ·
1561 877 1629 951 Cui
1655 878 1855 951 dixerunt.
1880 901 1897 972 5
1906 899 1932 976 5-

179 1000 264 1050 rus:
289 995 348 1049 aut
376 972 478 1049 idolis
502 975 679 1050 servient=
705 988 762 1043 sut
786 969 991 1046 maledicunt
1041 970 1135 1066 'Quid
1160 978 1203 1048 od
1226 977 1319 1046 not?
1345 990 1383 1046 tu
1413 971 1543 1046 viderit
1569 1022 1580 1045 .
1619 975 1661 1050 Et
1690 979 1855 1069 proieslt

181 1093 243 1149 sut
269 1074 536 1149 ebriososssut
563 1091 793 1169 capuceum
822 1068 991 1156 eiusmodi
1040 1073 1187 1169 pecunie
1212 1071 1245 1145 in
1276 1065 1411 1165 templo
1438 1068 1522 1145 abiit
1552 1097 1563 1140 ι
1601 1073 1636 1144 &
1666 1069 1792 1168 laqueo
1820 1071 1858 1146 se

132 1198 153 1269 5
182 1196 245 1248 nec
270 1171 386 1248 cibum
407 1169 570 1246 sumere.
604 1168 699 1262 Qid
728 1166 819 1240 enirn
842 1168 925 1243 mibi
949 1172 995 1244 de
1044 1168 1244 1265 suspendit.
1268 1169 1476 1242 Sacerdotes
1494 1187 1609 1242 sutem
1636 1191 1778 1264 accepts
1794 1195 1857 1266 pe·

182 1269 237 1342 his
264 1271 323 1364 qui
352 1270 437 1344 soris
462 1272 539 1344 sunt
566 1267 760 1356 iudicare?
797 1265 926 1342 Nonne
950 1267 996 1342 de
1039 1269 1143 1346 ¹cunin
1169 1265 1251 1340 illas
1277 1267 1469 1342 dixerunt·
1494 1267 1576 1340 Non
1605 1263 1686 1341 licet
1715 1269 1858 1342 mittere

144 1407 147 1417 ·
180 1366 235 1440 bis
258 1369 317 1463 qur'
345 1369 436 1442 intus
460 1367 539 1441 sunt
567 1392 633 1444 vos
663 1363 870 1452 iudicetis?
907 1366 997 1442 Nsm
1049 1363 1146 1440 illem
1174 1367 1209 1438 in
1230 1365 1421 1439 corbonam
1449 1387 1459 1428 ι
1495 1364 1577 1458 quis
1602 1365 1754 1458 precium
1783 1366 1858 1442 san·
1886 1371 1937 1443 6ο

182 1487 246 1540 eos
261 1467 329 1560 ‘qui
354 1468 440 1541 fotis
462 1466 564 1539 sunts
590 1469 689 1539 Deus
704 1460 902 1549 iudicabit·
926 1469 1000 1539 Au·
1049 1462 1163 1562 guinis
1187 1461 1257 1534 est.
1284 1461 1353 1534 Sed
1369 1456 1515 1534 confido
1531 1481 1675 1558 accepto
1697 1483 1859 1540 eruerunt

58 1563 156 1644 ’6.71.
183 1565 275 1638 sente
300 1563 427 1640 malum
451 1587 497 1636 ex
522 1565 624 1638 vobis
650 1560 758 1657 ipfis.
788 1559 906 1634 Audet
930 1561 996 1636 ali·
1046 1583 1168 1658 agrum
1200 1554 1323 1656 figulis
1348 1558 1384 1630 in
1414 1554 1622 1653 sepulturam
1647 1563 1860 1660 peregrino·

110 1693 156 1744 10
181 1661 257 1759 quis
289 1665 437 1738 vestrum
465 1664 593 1736 habens
627 1657 807 1773 negotium
831 1659 997 1735 adversus
1045 1682 1148 1735 rum·
1173 1659 1322 1752 Propter
1354 1656 1448 1750 quod
1478 1653 1671 1752 appellatus
1692 1659 1740 1732 eu
1770 1681 1860 1760 ager
1922 1677 1929 1720 ι·

184 1759 331 1836 alterum
357 1758 501 1848 iudicui
528 1757 618 1858 apud
646 1756 818 1853 iniquost
859 1763 897 1833 dc
924 1784 996 1835 non
1046 1755 1105 1830 ille
1133 1753 1363 1832 Aceldemaclt
1393 1781 1404 1823 ι
1448 1753 1519 1830 hoc
1542 1757 1591 1830 ell
1613 1778 1699 1854 ager
1722 1757 1860 1856 sangui·

183 1855 1003 2044 tllldllllsfltlllzdldrltl
1046 1851 1571 2047 llpldll‘dllt'lldd
1589 1854 1747 2048 ‘libzi
1762 1855 1859 2030 liti
1884 1855 1942 1951 ⁶³²·

183 2051 236 2126 bis
260 2053 468 2140 judicabitur
491 2057 662 2134 mundone
688 2054 825 2154 indigni
848 2051 927 2125 eliis
938 2053 1000 2147 qui
1049 2052 1188 2126 semitm
1216 2051 1423 2146 prophetam
1448 2048 1619 2130 dicentem
1645 2098 1656 2120 .
1693 2051 1738 2123 Et
1761 2077 1861 2129 ecce·

107 2180 154 2254 15
185 2151 229 2224 de
254 2152 402 2226 minimis
421 2153 613 2264 judicetis?
650 2149 799 2229 Nescitis
826 2152 989 2266 quoniam
1040 2167 1167 2262 perurit
1197 2149 1355 2258 triginta·
1370 2163 1557 2246 argenteos
1589 2149 1744 2318 pnecium
1774 2152 1858 2227 elli-
1898 2179 1930 2212 ·=·

181 2248 992 2448 tlt:'utilludsimilitudinis:
1039 2246 1635 2442 llilssull‘ssls‘llmlliilmnlll
1653 2247 1757 2420 llll
1773 2252 1856 2446 ’ρὲ
1885 2363 1971 2446 rs.

183 2445 264 2516 tiss
301 2445 544 2522 contentibiles
570 2443 730 2543 quisunt
766 2448 800 2520 in
823 2446 989 2521 ecclesias
1040 2446 1136 2541 cepit
1163 2443 1245 2518 mihi
1276 2443 1473 2517 Dominus.
1494 2440 1589 2526 Jesue
1618 2461 1734 2519 antem
1757 2446 1856 2523 lletit

182 2540 261 2616 illos
287 2545 486 2619 conllituite
516 2549 560 2620 sd
590 2544 834 2631 judicandum.
858 2546 914 2639 Ad
932 2569 995 2620 ve·
1044 2562 1128 2620 ante
1148 2542 1333 2637 preliderns
1360 2545 1396 2616 δι
1422 2541 1654 2638 interrogavit
1680 2565 1759 2620 eum
1775 2567 1858 2638 pre*
1934 2591 1937 2600 ·

104 2673 156 2724 ιο
182 2643 384 2723 secordiam
407 2644 553 2718 vestram
574 2645 677 2716 dico.
702 2644 761 2716 Sic
789 2643 919 2716 nonest
940 2641 995 2716 in·
1043 2641 1095 2714 ses
1120 2640 1265 2716 dicent.
1290 2642 1344 2716 Tu
1369 2663 1404 2712 es
1429 2641 1509 2715 Rex
1528 2637 1750 2723 Judeorum?
1784 2645 1859 2719 Re⁴
1929 2661 1937 2708 2

181 2757 241 2812 ter
269 2765 335 2815 vos
360 2739 493 2835 sapiens
507 2743 705 2838 quisquam:
730 2743 788 2839 qui
815 2741 920 2836 poffit
935 2745 990 2827 ju·
1038 2739 1179 2834 spondit
1202 2738 1324 2824 Jesus.
1362 2740 1415 2810 Tu
1438 2737 1531 2811 dicis
1551 2741 1630 2832 quis
1652 2741 1729 2819 Rex
1759 2741 1856 2821 snm.
1999 2759 2002 2764 '

181 2836 299 2914 dicare
334 2837 426 2911 iuter
451 2840 595 2916 fratrem
620 2839 758 2914 suum:
796 2837 853 2912 sed
882 2841 990 2912 frater
1037 2837 1115 2934 Ego
1154 2840 1199 2910 sd
1224 2837 1292 2912 hoc
1326 2835 1520 2912 natussum
1547 2840 1583 2911 ἃ
1615 2838 1657 2910 sd
1685 2839 1753 2914 hoc
1774 2841 1856 2920 veni
1884 2853 1938 2942 75

180 2939 395 3010 cumfratre
429 2939 562 3024 judicio
592 2937 810 3011 contendite
851 2938 887 3010 tu
917 2938 988 3014 boc
1036 2936 1071 3009 in
1106 2936 1197 3008 hunc
1228 2935 1417 3030 mundum:
1449 2952 1487 3007 ut
1518 2936 1749 3012 tessimonium
1774 2965 1855 3036 per·

181 3036 272 3128 spud
298 3030 486 3108 infideles?
505 3041 578 3115 Jsm
605 3036 742 3130 quidem
766 3035 913 3112 omnino
926 3035 991 3108 de·
1036 3033 1175 3107 hibeam
1204 3032 1379 3107 veritati.
1402 3032 1525 3107 Omnis
1548 3034 1607 3126 qui
1635 3035 1859 3114 deveniente

105 3157 155 3232 25
183 3130 301 3208 lidum
330 3134 379 3208 est
406 3133 443 3204 in
467 3135 590 3210 vobisc
615 3137 712 3226 quod
735 3134 861 3219 iudicia
886 3134 993 3206 babe—
1040 3131 1111 3202 elis
1137 3128 1232 3205 audit
1259 3153 1383 3206 vocem
1410 3153 1546 3206 meam·
1583 3127 1712 3205 Pilatus
1737 3129 1857 3212 sotem
1903 3151 1937 3216 ,1

183 3231 228 3305 tis
256 3232 351 3304 inter
379 3254 486 3306 vos.
524 3237 741 3323 Quarenon
767 3232 875 3328 magis
902 3231 994 3315 inju-
1039 3225 1207 3325 produxit
1232 3226 1324 3302 forse
1345 3227 1481 3310 lesum:
1508 3229 1544 3302 &
1571 3228 1660 3303 sedit
1692 3254 1760 3326 pto
1791 3235 1856 3308 tri-

183 3329 268 3404 nium
289 3327 478 3424 accipitis?
517 3336 635 3422 Quare
659 3354 730 3404 non
761 3331 871 3428 magis
897 3328 992 3402 frtu-
1041 3323 1155 3402 bunali
1197 3324 1344 3407 inloto
1384 3327 1442 3421 qui
1466 3325 1594 3402 dicitur
1621 3329 1853 3408 Licollrstuss
1882 3335 1935 3412 86

183 3430 264 3503 dem
287 3425 476 3522 patimini?
500 3431 568 3503 Sed
595 3452 662 3501 vos
687 3429 844 3514 injuriam
861 3427 990 3501 facitiss
1040 3424 1202 3500 hebraice
1240 3446 1354 3503 sutem
1391 3425 1586 3501 Gabatha·
1625 3427 1708 3503 Erat
1732 3449 1855 3510 autent

91 3574 96 3584 ·
184 3531 222 3601 δι
250 3525 438 3600 fraudatis:
463 3528 499 3599 δι
525 3529 593 3603 hoc
621 3527 902 3602 fratribus.'An
929 3549 992 3598 ne-
1041 3525 1243 3620 preparatio
1272 3524 1422 3620 palchen
1449 3524 1536 3600 hora
1554 3525 1645 3619 quali
1662 3527 1785 3602 sertas·
1809 3533 1860 3609 Et'
1968 3547 1974 3553 '

103 3649 156 3726 30
186 3625 301 3700 scitisr
327 3623 405 3717 quia
429 3624 536 3718 iniqui
562 3649 705 3721 regnum
729 3625 799 3698 Dei
825 3648 893 3698 non
910 3623 990 3720 pos·
1041 3621 1090 3696 sit
1110 3622 1227 3703 Judeis
1243 3621 1397 3699 Pilatus.
1423 3621 1510 3698 Ecce
1526 3626 1604 3698 Rex
1631 3627 1769 3701 ueller-
1802 3633 1856 3706 At
1922 3647 1941 3726 g

182 3725 371 3797 ridebunt?
408 3722 533 3798 Nolite
563 3745 720 3799 erraree'
740 3747 851 3820 neque
882 3723 993 3798 sorni·
1039 3717 1089 3794 illi
1119 3719 1351 3797 clamaverunt
1364 3723 1543 3797 dicentes.
1567 3719 1852 3804 Tollescrucifi·
1982 3741 1984 3744 ’

181 3823 290 3897 csriiz
328 3843 438 3914 neque
475 3819 578 3898 idolis
610 3822 841 3896 servientess
879 3845 922 3894 ne
947 3845 991 3896 ue
1066 3840 1087 3888 e
1117 3843 1218 3894 eum.
1243 3821 1308 3893 Ait
1339 3819 1407 3896 illis
1446 3819 1600 3898 Pilatus:
1624 3823 1759 3922 Regem
1786 3853 1851 3904 ve.
1880 3829 1932 3922 ες

182 3918 354 3995 adstiteris
380 3943 490 4012 neque
516 3916 665 3997 molleis
690 3945 800 4015 neque
823 3845 992 3997 masserio·
1039 3843 1140 3992 irum
1168 3915 1273 3992 vultis
1306 3936 1345 3992 ut
1375 3919 1607 4018 crucifigam?
1645 3921 1859 4016 Responde-1
1880 3931 1889 3954 ⁸

184 4045 258 4092 rum
282 4016 554 4093 concubitoresr
579 4040 693 4110 neque
721 4020 845 4092 forest
876 4041 989 4110 neom
1037 4033 1121 4089 runt
1149 4016 1320 4112 principes
1347 4015 1584 4094 sacerdotum.
1607 4018 1684 4094 Nos
1701 4043 1773 4096 non
1790 4025 1853 4098 ht·-

106 4133 155 4214 ξς
185 4115 306 4196 avaris
331 4137 442 4207 neque
473 4115 635 4190 ebriosis
673 4139 784 4209 neque
807 4113 989 4194 maledicis
1039 4112 1161 4227 bemus·
1187 4115 1321 4212 Regem
1339 4115 1400 4228 nili
1414 4115 1599 4228 Celerem·
1618 4119 1856 4228 ‚Sedentesns
1901 4139 1938 4214 ,ς

110 4271 133 4293 ““
184 4233 643 4403 tulissetis-‘tsi
659 4217 728 4384 [ll
744 4215 990 4388 ulll‘lllz
1039 4228 1133 4386 lili
1151 4208 1215 4384 ll
1242 4211 1514 4386 dssl‘l'dll
1532 4213 1667 4391 dl
1691 4222 1856 4403 tlsll
1874 4341 1926 4409 ιι

184 4409 244 4484 sed
273 4408 472 4484 sandilicati
497 4410 602 4482 eliis.
628 4410 666 4480 ln
692 4411 832 4485 nomine
849 4411 988 4485 Domird
1039 4407 1095 4483 lie
1136 4405 1243 4484 multa
1272 4410 1361 4486 enirn
1383 4408 1477 4508 passa.
1498 4408 1568 4485 surn
1595 4412 1699 4488 hodie
1727 4418 1761 4489 in
1790 4418 1855 4496 so-:·

184 4509 293 4582 nodri
311 4507 389 4584 lesu
413 4507 567 4580 Christi:
593 4509 629 4580 dt
650 4505 685 4580 in
700 4507 827 4602 spiritu
844 4509 913 4584 Dei
925 4531 993 4582 no·
1038 4506 1125 4582 mnis
1151 4527 1299 4606 propter
1313 4533 1411 4581 eum.
1438 4509 1615 4602 Principes
1645 4530 1760 4586 autem
1787 4521 1851 4590 Sn·¹

103 4631 159 4706 40
186 4607 270 4680 stri.
307 4607 517 4698 snnmen.
1039 4606 1220 4680 cerdotum
1260 4605 1474 4680 &seniores
1506 4605 1846 4698 persuaserunttur-
1903 4631 1938 4710 »p

116 4732 123 4776 ·.
1041 4703 1092 4776 bis
1107 4729 1119 4771 ι
1145 4723 1182 4778 ut
1204 4700 1579 4799 peterentBarrsbsrnr
1601 4707 1712 4782 lesum
1727 4727 1844 4786 autem

209 4868 211 4871 .
587 4839 590 4845 =
1038 4803 1250 4898 perderent·
1276 4799 1471 4894 Respondit
1502 4797 1654 4876 Pilatusr
1691 4807 1726 4877 δι
1752 4807 1845 4882 dixit
1867 4819 1918 4903 95

233 4903 345 4978 lessio
370 4894 482 4992 litnlii
509 4896 679 4996 euangelii
699 4895 878 4988 litandum
895 4907 991 4972 Mat·
1039 4897 1133 4972 illis.
1157 4903 1270 4980 Quem
1295 4895 1401 4973 uultis
1439 4919 1484 4970 ex
1510 4898 1641 4973 duobus
1669 4902 1841 4979 dimittam

188 5000 328 5076 rheam.
779 5005 989 5092 crpwls.
1039 4998 1173 5072 vobis?
1199 4992 1252 5067 Illi
1279 5015 1398 5072 autem
1423 4999 1612 5071 dixerunt.
1637 5002 1850 5078 Barrabsnt:

101 5123 155 5195 45
1037 5093 1139 5166 Dicit
1164 5091 1228 5164 illis
1252 5089 1407 5168 Pilatus.
1439 5095 1531 5185 Quid
1558 5121 1648 5194 ergo
1679 5101 1840 5178 faciemus
1898 5141 1937 5194 3-‚t

311 5193 500 5273 Anestlio
525 5211 733 5287 centpurat
758 5193 988 5286 quodelian·
1037 5191 1080 5264 de
1115 5189 1190 5275 lesu
1230 5189 1288 5285 qui
1319 5193 1445 5271 dicitur
1472 5196 1670 5270 Christus?
1708 5201 1840 5276 Dicunt

323 5316 358 5369 te
383 5293 587 5366 sabbatums
620 5286 803 5368 concilium
832 5293 987 5371 fecerunt
1037 5314 1181 5364 omnes.
1206 5291 1465 5390 crucifigatur.
1492 5293 1587 5368 Dicit
1606 5293 1671 5368 illis
1689 5294 1842 5372 Pilatus·
1870 5318 1942 5380 too'

185 5389 305 5463 summi
332 5393 526 5465 sacerdotes
553 5397 588 5465 ἃ
617 5389 771 5462 seniores
795 5389 914 5487 populi
942 5394 986 5464 de
1037 5390 1132 5478 Qid
1159 5385 1249 5462 enim
1274 5387 1352 5465 mali
1381 5393 1497 5464 fecit?
1523 5389 1575 5465 llli
1601 5413 1714 5468 autem
1731 5398 1855 5494 magis·

179 5486 278 5572 lesu:
305 5509 343 5561 ut
375 5489 609 5559 interficerent
639 5487 808 5561 eum·.Et
835 5489 987 5565 viridium
1037 5485 1224 5560 clamabunt
1247 5486 1427 5562 dicentes.
1452 5490 1703 5588 Crucifigsturs
1731 5494 1851 5570 cruci-²

102 5622 157 5689 50
184 5607 266 5657 eutn
293 5586 501 5656 duxerunte
539 5589 572 5658 dt
610 5587 824 5660 tradiderunt
854 5587 988 5662 Pontio
1036 5587 1189 5682 figatur.
1215 5586 1304 5658 Cum
1322 5586 1456 5661 vidilset
1480 5606 1593 5660 autern
1620 5587 1850 5685 Pilutusquir·
1882 5622 1934 5688 ,ς

186 5681 303 5758 Pilato
324 5682 470 5777 prelidi.
497 5685 592 5754 Tunc
612 5685 716 5758 ludes
739 5686 890 5755 traditor
911 5707 988 5762 curn
1039 5681 1124 5754 nihil
1148 5683 1291 5776 proficit
1312 5711 1322 5752 ι
1359 5684 1417 5758 sed
1448 5687 1552 5783 magis
1573 5684 1740 5766 tumultus
1770 5692 1836 5764 litt

185 5781 347 5854 videtete
372 5780 532 5875 quonism
560 5782 601 5853 ad
626 5782 789 5864 judicium
816 5783 884 5863 jam
907 5805 988 5875 per-
1037 5783 1172 5876 accepit
1200 5803 1318 5874 aquam
1341 5778 1476 5854 &lavit
1502 5807 1615 5858 munus
1641 5809 1755 5863 coram
1774 5811 1837 5882 po·
1868 5811 1937 5886 105

186 5879 309 5953 duduc
334 5879 405 5952 elle
431 5878 624 5973 penitentia
641 5896 779 5951 motusr
805 5882 987 5954 revocavit
1037 5878 1122 5975 pulo
1154 5877 1298 5952 dicens.
1324 5878 1489 5974 Innocens
1514 5907 1586 5977 ego
1613 5883 1680 5958 sum
1711 5913 1730 5958 s
1761 5885 1837 5960 l'an-

184 5977 545 6170 “iginsssarffnoem
577 5976 725 6058 summit,
742 5975 986 6058 Sacerdotibus
1036 5979 1143 6078 guise
1165 5975 1246 6070 julli
1269 5975 1394 6064 bulcus
1418 6001 1487 6152 §os
1513 5980 1693 6058 videritis·
1719 5985 1762 6154 Est
1784 6007 1862 6056 reu.r

204 6137 208 6149 .
325 6099 383 6145 ess
436 6097 531 6154 02αῆ
1448 6155 1450 6162 k
1754 6105 1848 6178 pona.
