<?xml version="1.0" encoding="UTF-8"?>
<!DOCTYPE html PUBLIC "-//W3C//DTD XHTML 1.0 Transitional//EN"
    "http://www.w3.org/TR/xhtml1/DTD/xhtml1-transitional.dtd">
<html xmlns="http://www.w3.org/1999/xhtml" xml:lang="en" lang="en">
 <head>
  <title>
</title>
<meta http-equiv="Content-Type" content="text/html;charset=utf-8" />
  <meta name='ocr-system' content='tesseract 3.04.00' />
  <meta name='ocr-capabilities' content='ocr_page ocr_carea ocr_par ocr_line ocrx_word'/>
</head>
<body>
  <div class='ocr_page' id='page_1' title='image "./missalemixtumse00leslgoog_0271.png"; bbox 0 0 4450 7209; ppageno 0'>
   <div class='ocr_carea' id='block_1_1' title="bbox 164 675 2024 6198">
    <p class='ocr_par' dir='ltr' id='par_1_1' title="bbox 164 675 2024 6198">
     <span class='ocr_line' id='line_1_1' title="bbox 287 675 1922 794; baseline -0.014 -18"><span class='ocrx_word' id='word_1_1' title='bbox 287 716 360 794; x_wconf 72' lang='lat' dir='ltr'>tro</span> <span class='ocrx_word' id='word_1_2' title='bbox 522 782 525 788; x_wconf 85' lang='lat'><em>.</em></span> <span class='ocrx_word' id='word_1_3' title='bbox 723 685 978 767; x_wconf 80' lang='lat' dir='ltr'>DOMINICA</span> <span class='ocrx_word' id='word_1_4' title='bbox 1004 682 1059 759; x_wconf 90' lang='lat' dir='ltr'>IN</span> <span class='ocrx_word' id='word_1_5' title='bbox 1080 675 1234 766; x_wconf 71' lang='lat' dir='ltr'>uluis</span> <span class='ocrx_word' id='word_1_6' title='bbox 1258 678 1558 762; x_wconf 70' lang='lat' dir='ltr'>Pleuratum.</span> <span class='ocrx_word' id='word_1_7' title='bbox 1917 775 1922 784; x_wconf 88' lang='lat'>.</span> 
     </span>
     <span class='ocr_line' id='line_1_2' title="bbox 286 772 2024 898; baseline -0.006 -26"><span class='ocrx_word' id='word_1_8' title='bbox 286 788 477 896; x_wconf 84' lang='lat' dir='ltr'>rosolymir</span> <span class='ocrx_word' id='word_1_9' title='bbox 493 787 505 865; x_wconf 71' lang='grc' dir='ltr'>ξ</span> <span class='ocrx_word' id='word_1_10' title='bbox 520 792 597 896; x_wconf 72' lang='lat' dir='ltr'>Qu</span> <span class='ocrx_word' id='word_1_11' title='bbox 619 780 720 878; x_wconf 61' lang='lat' dir='ltr'>intro</span> <span class='ocrx_word' id='word_1_12' title='bbox 741 791 833 863; x_wconf 84' lang='lat' dir='ltr'>dicat</span> <span class='ocrx_word' id='word_1_13' title='bbox 849 784 1105 862; x_wconf 75' lang='lat' dir='ltr'>sacerdoshanc</span> <span class='ocrx_word' id='word_1_14' title='bbox 1154 785 1302 898; x_wconf 80' lang='lat' dir='ltr'>dextere</span> <span class='ocrx_word' id='word_1_15' title='bbox 1324 803 1383 860; x_wconf 89' lang='lat' dir='ltr'>tue</span> <span class='ocrx_word' id='word_1_16' title='bbox 1398 811 1407 855; x_wconf 79' lang='lat' dir='ltr'>a</span> <span class='ocrx_word' id='word_1_17' title='bbox 1425 779 1588 856; x_wconf 75' lang='lat' dir='ltr'>aeundlio</span> <span class='ocrx_word' id='word_1_18' title='bbox 1609 775 1706 860; x_wconf 83' lang='lat' dir='ltr'>malie</span> <span class='ocrx_word' id='word_1_19' title='bbox 1732 772 1972 873; x_wconf 69' lang='lat' dir='ltr'>libente-eli·</span> <span class='ocrx_word' id='word_1_20' title='bbox 1999 797 2024 888; x_wconf 74' lang='lat' dir='ltr'>l:</span> 
     </span>
     <span class='ocr_line' id='line_1_3' title="bbox 291 886 1528 988; baseline -0.015 -16"><span class='ocrx_word' id='word_1_21' title='bbox 291 901 497 972; x_wconf 82' lang='lat' dir='ltr'>orationem·</span> <span class='ocrx_word' id='word_1_22' title='bbox 511 898 615 969; x_wconf 84' lang='lat' dir='ltr'>Alme</span> <span class='ocrx_word' id='word_1_23' title='bbox 632 907 732 984; x_wconf 86' lang='lat' dir='ltr'>pater</span> <span class='ocrx_word' id='word_1_24' title='bbox 748 886 974 988; x_wconf 82' lang='lat' dir='ltr'>omnipotens</span> <span class='ocrx_word' id='word_1_25' title='bbox 985 907 1102 962; x_wconf 82' lang='lat' dir='ltr'>rerum</span> <span class='ocrx_word' id='word_1_26' title='bbox 1152 905 1297 981; x_wconf 81' lang='lat' dir='ltr'>guerro.</span> <span class='ocrx_word' id='word_1_27' title='bbox 1325 898 1376 979; x_wconf 70' lang='lat'>132.</span> <span class='ocrx_word' id='word_1_28' title='bbox 1390 891 1528 956; x_wconf 83' lang='lat' dir='ltr'>Amen.</span> 
     </span>
     <span class='ocr_line' id='line_1_4' title="bbox 288 977 1972 1086; baseline -0.007 -12"><span class='ocrx_word' id='word_1_29' title='bbox 288 996 442 1075; x_wconf 80' lang='lat' dir='ltr'>omnium</span> <span class='ocrx_word' id='word_1_30' title='bbox 472 1011 611 1072; x_wconf 85' lang='lat' dir='ltr'>creator</span> <span class='ocrx_word' id='word_1_31' title='bbox 626 988 694 1060; x_wconf 72' lang='lat' dir='ltr'>&amp;c-</span> <span class='ocrx_word' id='word_1_32' title='bbox 717 990 951 1062; x_wconf 76' lang='lat' dir='ltr'>Hicdicrrar.</span> <span class='ocrx_word' id='word_1_33' title='bbox 979 987 1102 1086; x_wconf 81' lang='lat' dir='ltr'>ingre·</span> <span class='ocrx_word' id='word_1_34' title='bbox 1201 989 1282 1084; x_wconf 73' lang='lat' dir='ltr'>Qu</span> <span class='ocrx_word' id='word_1_35' title='bbox 1303 981 1406 1073; x_wconf 73' lang='lat' dir='ltr'>finito</span> <span class='ocrx_word' id='word_1_36' title='bbox 1435 981 1584 1057; x_wconf 85' lang='lat' dir='ltr'>oratione</span> <span class='ocrx_word' id='word_1_37' title='bbox 1604 977 1747 1078; x_wconf 83' lang='lat' dir='ltr'>incipiat</span> <span class='ocrx_word' id='word_1_38' title='bbox 1769 980 1898 1072; x_wconf 70' lang='lat' dir='ltr'>choros</span> <span class='ocrx_word' id='word_1_39' title='bbox 1925 986 1972 1062; x_wconf 80' lang='lat' dir='ltr'>ad</span> 
     </span>
     <span class='ocr_line' id='line_1_5' title="bbox 284 1080 1311 1184; baseline -0.013 -16"><span class='ocrx_word' id='word_1_40' title='bbox 284 1095 405 1172; x_wconf 83' lang='lat' dir='ltr'>cliente</span> <span class='ocrx_word' id='word_1_41' title='bbox 421 1094 666 1168; x_wconf 77' lang='lat' dir='ltr'>Dominarum</span> <span class='ocrx_word' id='word_1_42' title='bbox 682 1080 762 1158; x_wconf 80' lang='lat' dir='ltr'>aliis</span> <span class='ocrx_word' id='word_1_43' title='bbox 772 1083 993 1184; x_wconf 74' lang='lat' dir='ltr'>sequentibus</span> <span class='ocrx_word' id='word_1_44' title='bbox 1018 1111 1029 1155; x_wconf 78' lang='lat' dir='ltr'>a</span> <span class='ocrx_word' id='word_1_45' title='bbox 1054 1085 1101 1159; x_wconf 64' lang='lat' dir='ltr'>ti*</span> <span class='ocrx_word' id='word_1_46' title='bbox 1152 1083 1311 1178; x_wconf 74' lang='lat' dir='ltr'>lsrfflom.</span> 
     </span>
     <span class='ocr_line' id='line_1_6' title="bbox 166 1171 1968 1302; baseline -0.008 -32"><span class='ocrx_word' id='word_1_47' title='bbox 166 1281 169 1287; x_wconf 43' lang='grc'><em>,</em></span> <span class='ocrx_word' id='word_1_48' title='bbox 241 1190 393 1302; x_wconf 66' lang='lat' dir='ltr'>5pooiea</span> <span class='ocrx_word' id='word_1_49' title='bbox 415 1194 554 1288; x_wconf 78' lang='lat' dir='ltr'>incipiat</span> <span class='ocrx_word' id='word_1_50' title='bbox 569 1200 709 1261; x_wconf 80' lang='lat' dir='ltr'>cantor·</span> <span class='ocrx_word' id='word_1_51' title='bbox 733 1183 864 1284; x_wconf 84' lang='lat' dir='ltr'>Sparsit</span> <span class='ocrx_word' id='word_1_52' title='bbox 891 1208 956 1262; x_wconf 83' lang='lat' dir='ltr'>nor</span> <span class='ocrx_word' id='word_1_53' title='bbox 970 1186 1093 1260; x_wconf 81' lang='lat' dir='ltr'>Deus·</span> <span class='ocrx_word' id='word_1_54' title='bbox 1192 1177 1279 1273; x_wconf 59' lang='lat' dir='ltr'>yesu</span> <span class='ocrx_word' id='word_1_55' title='bbox 1299 1176 1397 1268; x_wconf 72' lang='lat' dir='ltr'>filius</span> <span class='ocrx_word' id='word_1_56' title='bbox 1411 1179 1559 1257; x_wconf 75' lang='lat' dir='ltr'>Siraci.</span> <span class='ocrx_word' id='word_1_57' title='bbox 1586 1171 1671 1265; x_wconf 70' lang='lat' dir='ltr'>ddrfl</span> <span class='ocrx_word' id='word_1_58' title='bbox 1695 1172 1968 1277; x_wconf 69' lang='lat' dir='ltr'>Ecclessoiliertr.</span> 
     </span>
     <span class='ocr_line' id='line_1_7' title="bbox 193 1278 2024 1453; baseline -0.003 -88"><span class='ocrx_word' id='word_1_59' title='bbox 193 1322 197 1330; x_wconf 93' lang='lat'><em>·</em></span> <span class='ocrx_word' id='word_1_60' title='bbox 237 1298 239 1302; x_wconf 78' lang='grc'>’</span> <span class='ocrx_word' id='word_1_61' title='bbox 284 1303 331 1368; x_wconf 72' lang='lat' dir='ltr'>Et</span> <span class='ocrx_word' id='word_1_62' title='bbox 348 1287 598 1388; x_wconf 79' lang='lat' dir='ltr'>firbseqoontur</span> <span class='ocrx_word' id='word_1_63' title='bbox 625 1283 816 1453; x_wconf 52' lang='lat' dir='ltr'>omnia¹per</span> <span class='ocrx_word' id='word_1_64' title='bbox 842 1286 1010 1359; x_wconf 78' lang='lat' dir='ltr'><em>ordinem.</em></span> <span class='ocrx_word' id='word_1_65' title='bbox 1037 1279 1095 1352; x_wconf 87' lang='lat' dir='ltr'>Iu·</span> <span class='ocrx_word' id='word_1_66' title='bbox 1140 1285 1192 1370; x_wconf 74' lang='lat'>131·</span> <span class='ocrx_word' id='word_1_67' title='bbox 1205 1281 1285 1391; x_wconf 80' lang='lat' dir='ltr'>Deo</span> <span class='ocrx_word' id='word_1_68' title='bbox 1295 1280 1450 1394; x_wconf 70' lang='lat' dir='ltr'>gratias.</span> <span class='ocrx_word' id='word_1_69' title='bbox 1683 1377 1691 1394; x_wconf 35' lang='grc' dir='ltr'>ι</span> <span class='ocrx_word' id='word_1_70' title='bbox 1832 1286 1960 1356; x_wconf 76' lang='lat' dir='ltr'>catti.</span> <span class='ocrx_word' id='word_1_71' title='bbox 1994 1278 2024 1360; x_wconf 76' lang='lat' dir='ltr'>st</span> 
     </span>
     <span class='ocr_line' id='line_1_8' title="bbox 314 1374 1960 1476; baseline -0.006 -13"><span class='ocrx_word' id='word_1_72' title='bbox 314 1386 471 1463; x_wconf 87' lang='lat' dir='ltr'>rediente</span> <span class='ocrx_word' id='word_1_73' title='bbox 485 1386 640 1464; x_wconf 89' lang='lat' dir='ltr'>Domino</span> <span class='ocrx_word' id='word_1_74' title='bbox 666 1381 703 1456; x_wconf 92' lang='lat' dir='ltr'>in</span> <span class='ocrx_word' id='word_1_75' title='bbox 747 1379 879 1461; x_wconf 73' lang='lat' dir='ltr'>audiam</span> <span class='ocrx_word' id='word_1_76' title='bbox 910 1382 1092 1460; x_wconf 86' lang='lat' dir='ltr'>civitatem</span> <span class='ocrx_word' id='word_1_77' title='bbox 1205 1379 1361 1457; x_wconf 82' lang='lat' dir='ltr'>Udrctum</span> <span class='ocrx_word' id='word_1_78' title='bbox 1378 1376 1488 1476; x_wconf 81' lang='lat' dir='ltr'>patrie</span> <span class='ocrx_word' id='word_1_79' title='bbox 1513 1377 1628 1455; x_wconf 89' lang='lat' dir='ltr'>audite</span> <span class='ocrx_word' id='word_1_80' title='bbox 1642 1374 1705 1455; x_wconf 80' lang='lat' dir='ltr'>lilii</span> <span class='ocrx_word' id='word_1_81' title='bbox 1730 1376 1854 1454; x_wconf 75' lang='lat' dir='ltr'>dilecti</span> <span class='ocrx_word' id='word_1_82' title='bbox 1879 1407 1891 1448; x_wconf 79' lang='lat' dir='ltr'>a</span> <span class='ocrx_word' id='word_1_83' title='bbox 1920 1384 1960 1458; x_wconf 75' lang='lat' dir='ltr'>dt</span> 
     </span>
     <span class='ocr_line' id='line_1_9' title="bbox 283 1415 1964 1582; baseline -0.002 -20"><span class='ocrx_word' id='word_1_84' title='bbox 283 1415 407 1562; x_wconf 73' lang='lat' dir='ltr'>sedena</span> <span class='ocrx_word' id='word_1_85' title='bbox 420 1485 522 1582; x_wconf 86' lang='lat' dir='ltr'>super</span> <span class='ocrx_word' id='word_1_86' title='bbox 534 1479 661 1582; x_wconf 90' lang='lat' dir='ltr'>pullum</span> <span class='ocrx_word' id='word_1_87' title='bbox 676 1481 765 1558; x_wconf 87' lang='lat' dir='ltr'>asine</span> <span class='ocrx_word' id='word_1_88' title='bbox 789 1483 949 1556; x_wconf 84' lang='lat' dir='ltr'>festinant</span> <span class='ocrx_word' id='word_1_89' title='bbox 962 1502 1091 1579; x_wconf 84' lang='lat' dir='ltr'>perve-</span> <span class='ocrx_word' id='word_1_90' title='bbox 1140 1510 1143 1515; x_wconf 92' lang='lat'><em>·</em></span> <span class='ocrx_word' id='word_1_91' title='bbox 1211 1476 1256 1551; x_wconf 83' lang='lat' dir='ltr'>sit</span> <span class='ocrx_word' id='word_1_92' title='bbox 1286 1476 1392 1554; x_wconf 81' lang='lat' dir='ltr'>facite</span> <span class='ocrx_word' id='word_1_93' title='bbox 1418 1495 1460 1554; x_wconf 91' lang='lat' dir='ltr'>ut</span> <span class='ocrx_word' id='word_1_94' title='bbox 1482 1475 1567 1554; x_wconf 81' lang='lat' dir='ltr'>salvi</span> <span class='ocrx_word' id='word_1_95' title='bbox 1593 1477 1690 1552; x_wconf 83' lang='lat' dir='ltr'>sitit.</span> <span class='ocrx_word' id='word_1_96' title='bbox 1714 1476 1813 1556; x_wconf 82' lang='lat' dir='ltr'>Deut</span> <span class='ocrx_word' id='word_1_97' title='bbox 1843 1495 1964 1558; x_wconf 87' lang='lat' dir='ltr'>autem</span> 
     </span>
     <span class='ocr_line' id='line_1_10' title="bbox 283 1574 1965 1681; baseline -0.007 -22"><span class='ocrx_word' id='word_1_98' title='bbox 283 1586 364 1661; x_wconf 90' lang='lat' dir='ltr'>nire</span> <span class='ocrx_word' id='word_1_99' title='bbox 384 1584 629 1681; x_wconf 82' lang='lat' dir='ltr'>adprisionem</span> <span class='ocrx_word' id='word_1_100' title='bbox 657 1605 668 1650; x_wconf 81' lang='lat' dir='ltr'>a</span> <span class='ocrx_word' id='word_1_101' title='bbox 692 1599 732 1655; x_wconf 90' lang='lat' dir='ltr'>ut</span> <span class='ocrx_word' id='word_1_102' title='bbox 745 1578 954 1678; x_wconf 89' lang='lat' dir='ltr'>adimpleret</span> <span class='ocrx_word' id='word_1_103' title='bbox 976 1580 1094 1681; x_wconf 85' lang='lat' dir='ltr'>legem</span> <span class='ocrx_word' id='word_1_104' title='bbox 1174 1576 1346 1656; x_wconf 83' lang='lat' dir='ltr'>onoravit</span> <span class='ocrx_word' id='word_1_105' title='bbox 1372 1577 1561 1674; x_wconf 65' lang='lat' dir='ltr'>partemin</span> <span class='ocrx_word' id='word_1_106' title='bbox 1585 1574 1666 1651; x_wconf 85' lang='lat' dir='ltr'>liliir</span> <span class='ocrx_word' id='word_1_107' title='bbox 1691 1606 1702 1649; x_wconf 76' lang='lat' dir='ltr'>a</span> <span class='ocrx_word' id='word_1_108' title='bbox 1730 1577 1765 1650; x_wconf 76' lang='lat' dir='ltr'>dt</span> <span class='ocrx_word' id='word_1_109' title='bbox 1790 1576 1965 1666; x_wconf 74' lang='lat' dir='ltr'>judicium</span> 
     </span>
     <span class='ocr_line' id='line_1_11' title="bbox 213 1673 1963 1780; baseline -0.005 -20"><span class='ocrx_word' id='word_1_110' title='bbox 213 1715 260 1779; x_wconf 69' lang='lat'>30</span> <span class='ocrx_word' id='word_1_111' title='bbox 285 1677 561 1780; x_wconf 74' lang='lat' dir='ltr'>&amp;prophetare</span> <span class='ocrx_word' id='word_1_112' title='bbox 593 1680 691 1776; x_wconf 84' lang='lat' dir='ltr'>pueri</span> <span class='ocrx_word' id='word_1_113' title='bbox 704 1680 922 1758; x_wconf 84' lang='lat' dir='ltr'>Hebreorunr</span> <span class='ocrx_word' id='word_1_114' title='bbox 944 1701 1022 1767; x_wconf 85' lang='lat' dir='ltr'>oum</span> <span class='ocrx_word' id='word_1_115' title='bbox 1038 1702 1095 1756; x_wconf 91' lang='lat' dir='ltr'>ra·</span> <span class='ocrx_word' id='word_1_116' title='bbox 1145 1675 1265 1754; x_wconf 82' lang='lat' dir='ltr'>matria</span> <span class='ocrx_word' id='word_1_117' title='bbox 1299 1674 1483 1773; x_wconf 73' lang='lat' dir='ltr'>exquirens</span> <span class='ocrx_word' id='word_1_118' title='bbox 1510 1677 1547 1752; x_wconf 90' lang='lat' dir='ltr'>iu</span> <span class='ocrx_word' id='word_1_119' title='bbox 1576 1673 1704 1752; x_wconf 76' lang='lat' dir='ltr'>filior-</span> <span class='ocrx_word' id='word_1_120' title='bbox 1744 1678 1815 1770; x_wconf 74' lang='lat' dir='ltr'>Ql</span> <span class='ocrx_word' id='word_1_121' title='bbox 1841 1673 1963 1777; x_wconf 80' lang='lat' dir='ltr'>diligit</span> 
     </span>
     <span class='ocr_line' id='line_1_12' title="bbox 197 1773 2024 1877; baseline -0.002 -21"><span class='ocrx_word' id='word_1_122' title='bbox 197 1790 211 1845; x_wconf 73' lang='lat'>⁸.</span> <span class='ocrx_word' id='word_1_123' title='bbox 283 1783 351 1856; x_wconf 87' lang='lat' dir='ltr'>mia</span> <span class='ocrx_word' id='word_1_124' title='bbox 377 1783 416 1856; x_wconf 78' lang='grc' dir='ltr'>δι</span> <span class='ocrx_word' id='word_1_125' title='bbox 432 1778 552 1877; x_wconf 81' lang='lat' dir='ltr'>palmia</span> <span class='ocrx_word' id='word_1_126' title='bbox 577 1778 779 1856; x_wconf 80' lang='lat' dir='ltr'>vestimento</span> <span class='ocrx_word' id='word_1_127' title='bbox 807 1777 1093 1875; x_wconf 81' lang='lat' dir='ltr'>prosternebanta</span> <span class='ocrx_word' id='word_1_128' title='bbox 1142 1774 1257 1853; x_wconf 85' lang='lat' dir='ltr'>Deum</span> <span class='ocrx_word' id='word_1_129' title='bbox 1272 1801 1281 1845; x_wconf 81' lang='lat' dir='ltr'>e</span> <span class='ocrx_word' id='word_1_130' title='bbox 1297 1774 1460 1851; x_wconf 82' lang='lat' dir='ltr'>exorabit</span> <span class='ocrx_word' id='word_1_131' title='bbox 1491 1799 1560 1874; x_wconf 91' lang='lat' dir='ltr'>pro</span> <span class='ocrx_word' id='word_1_132' title='bbox 1585 1778 1759 1872; x_wconf 75' lang='lat' dir='ltr'>peccatine</span> <span class='ocrx_word' id='word_1_133' title='bbox 1779 1779 1816 1852; x_wconf 80' lang='lat' dir='ltr'>dt</span> <span class='ocrx_word' id='word_1_134' title='bbox 1839 1777 1963 1852; x_wconf 87' lang='lat' dir='ltr'>conti·</span> <span class='ocrx_word' id='word_1_135' title='bbox 1994 1773 2024 1874; x_wconf 70' lang='lat' dir='ltr'>dp</span> 
     </span>
     <span class='ocr_line' id='line_1_13' title="bbox 287 1872 1963 1974; baseline -0.004 -19"><span class='ocrx_word' id='word_1_136' title='bbox 287 1877 482 1957; x_wconf 80' lang='lat' dir='ltr'>intonabile</span> <span class='ocrx_word' id='word_1_137' title='bbox 518 1879 682 1974; x_wconf 78' lang='lat' dir='ltr'>hymnum</span> <span class='ocrx_word' id='word_1_138' title='bbox 732 1901 867 1956; x_wconf 82' lang='lat' dir='ltr'>novum</span> <span class='ocrx_word' id='word_1_139' title='bbox 913 1895 1092 1955; x_wconf 72' lang='lat' dir='ltr'>cantantes</span> <span class='ocrx_word' id='word_1_140' title='bbox 1142 1874 1240 1952; x_wconf 86' lang='lat' dir='ltr'>nebit</span> <span class='ocrx_word' id='word_1_141' title='bbox 1274 1875 1309 1949; x_wconf 87' lang='lat' dir='ltr'>se</span> <span class='ocrx_word' id='word_1_142' title='bbox 1343 1878 1388 1948; x_wconf 91' lang='lat' dir='ltr'>ab</span> <span class='ocrx_word' id='word_1_143' title='bbox 1413 1872 1481 1948; x_wconf 81' lang='lat' dir='ltr'>illic</span> <span class='ocrx_word' id='word_1_144' title='bbox 1512 1922 1524 1946; x_wconf 86' lang='lat'><strong>.</strong></span> <span class='ocrx_word' id='word_1_145' title='bbox 1551 1873 1591 1947; x_wconf 93' lang='lat' dir='ltr'>In</span> <span class='ocrx_word' id='word_1_146' title='bbox 1619 1876 1784 1968; x_wconf 84' lang='lat' dir='ltr'>oratione</span> <span class='ocrx_word' id='word_1_147' title='bbox 1818 1874 1963 1950; x_wconf 88' lang='lat' dir='ltr'>dierum</span> 
     </span>
     <span class='ocr_line' id='line_1_14' title="bbox 273 1972 1964 2074; baseline -0.004 -18"><span class='ocrx_word' id='word_1_148' title='bbox 273 1979 425 2056; x_wconf 79' lang='lat' dir='ltr'>osanna</span> <span class='ocrx_word' id='word_1_149' title='bbox 450 1977 486 2052; x_wconf 90' lang='lat' dir='ltr'>in</span> <span class='ocrx_word' id='word_1_150' title='bbox 512 1975 678 2053; x_wconf 78' lang='lat' dir='ltr'>altissimis</span> <span class='ocrx_word' id='word_1_151' title='bbox 695 1974 804 2050; x_wconf 85' lang='lat' dir='ltr'>Deo.</span> <span class='ocrx_word' id='word_1_152' title='bbox 831 1985 878 2049; x_wconf 82' lang='grc' dir='ltr'>ΙΙ.</span> <span class='ocrx_word' id='word_1_153' title='bbox 891 1987 981 2052; x_wconf 71' lang='lat' dir='ltr'>Ant.</span> <span class='ocrx_word' id='word_1_154' title='bbox 1001 1981 1092 2055; x_wconf 84' lang='lat' dir='ltr'>Cum</span> <span class='ocrx_word' id='word_1_155' title='bbox 1141 1972 1347 2051; x_wconf 78' lang='lat' dir='ltr'>exaudietur</span> <span class='ocrx_word' id='word_1_156' title='bbox 1363 2001 1373 2046; x_wconf 78' lang='lat' dir='ltr'>a</span> <span class='ocrx_word' id='word_1_157' title='bbox 1388 1974 1425 2048; x_wconf 74' lang='lat' dir='ltr'>bt</span> <span class='ocrx_word' id='word_1_158' title='bbox 1445 1973 1535 2074; x_wconf 83' lang='lat' dir='ltr'>licut</span> <span class='ocrx_word' id='word_1_159' title='bbox 1549 1972 1608 2070; x_wconf 85' lang='lat' dir='ltr'>qui</span> <span class='ocrx_word' id='word_1_160' title='bbox 1629 1974 1838 2050; x_wconf 75' lang='lat' dir='ltr'>thesaurizat</span> <span class='ocrx_word' id='word_1_161' title='bbox 1868 2000 1880 2045; x_wconf 81' lang='lat' dir='ltr'>r</span> <span class='ocrx_word' id='word_1_162' title='bbox 1911 1975 1964 2052; x_wconf 86' lang='lat' dir='ltr'>ita</span> 
     </span>
     <span class='ocr_line' id='line_1_15' title="bbox 284 2072 1959 2177; baseline -0.005 -24"><span class='ocrx_word' id='word_1_163' title='bbox 284 2075 578 2177; x_wconf 76' lang='lat' dir='ltr'>appropinquaret</span> <span class='ocrx_word' id='word_1_164' title='bbox 601 2073 1091 2175; x_wconf 81' lang='lat' dir='ltr'>Dominurllitrosolymama</span> <span class='ocrx_word' id='word_1_165' title='bbox 1141 2077 1178 2153; x_wconf 80' lang='lat' dir='ltr'>dr</span> <span class='ocrx_word' id='word_1_166' title='bbox 1193 2073 1251 2172; x_wconf 91' lang='lat' dir='ltr'>qui</span> <span class='ocrx_word' id='word_1_167' title='bbox 1264 2073 1478 2150; x_wconf 75' lang='lat' dir='ltr'>honorificat</span> <span class='ocrx_word' id='word_1_168' title='bbox 1492 2093 1640 2151; x_wconf 87' lang='lat' dir='ltr'>matrem</span> <span class='ocrx_word' id='word_1_169' title='bbox 1654 2073 1774 2148; x_wconf 86' lang='lat' dir='ltr'>snam.</span> <span class='ocrx_word' id='word_1_170' title='bbox 1796 2075 1870 2164; x_wconf 69' lang='lat' dir='ltr'>Qui</span> <span class='ocrx_word' id='word_1_171' title='bbox 1887 2072 1959 2148; x_wconf 87' lang='lat' dir='ltr'>bo·</span> 
     </span>
     <span class='ocr_line' id='line_1_16' title="bbox 213 2170 1959 2285; baseline -0.005 -31"><span class='ocrx_word' id='word_1_172' title='bbox 213 2203 258 2285; x_wconf 81' lang='lat'>¹5</span> <span class='ocrx_word' id='word_1_173' title='bbox 280 2175 375 2254; x_wconf 86' lang='lat' dir='ltr'>milit</span> <span class='ocrx_word' id='word_1_174' title='bbox 397 2177 486 2252; x_wconf 80' lang='lat' dir='ltr'>duae</span> <span class='ocrx_word' id='word_1_175' title='bbox 500 2198 548 2249; x_wconf 84' lang='lat' dir='ltr'>ex</span> <span class='ocrx_word' id='word_1_176' title='bbox 560 2170 734 2270; x_wconf 84' lang='lat' dir='ltr'>discipulis</span> <span class='ocrx_word' id='word_1_177' title='bbox 750 2175 826 2252; x_wconf 83' lang='lat' dir='ltr'>‘suia</span> <span class='ocrx_word' id='word_1_178' title='bbox 854 2175 970 2254; x_wconf 86' lang='lat' dir='ltr'>dicent</span> <span class='ocrx_word' id='word_1_179' title='bbox 1000 2204 1011 2248; x_wconf 83' lang='lat' dir='ltr'>e</span> <span class='ocrx_word' id='word_1_180' title='bbox 1040 2174 1092 2253; x_wconf 89' lang='lat' dir='ltr'>ite</span> <span class='ocrx_word' id='word_1_181' title='bbox 1135 2186 1246 2254; x_wconf 86' lang='lat' dir='ltr'>&#39;norat</span> <span class='ocrx_word' id='word_1_182' title='bbox 1258 2172 1674 2272; x_wconf 80' lang='lat' dir='ltr'>pattemtiocundabitur</span> <span class='ocrx_word' id='word_1_183' title='bbox 1694 2173 1729 2248; x_wconf 92' lang='lat' dir='ltr'>in</span> <span class='ocrx_word' id='word_1_184' title='bbox 1743 2172 1853 2248; x_wconf 76' lang='lat' dir='ltr'>filiis.</span> <span class='ocrx_word' id='word_1_185' title='bbox 1884 2171 1959 2268; x_wconf 74' lang='lat' dir='ltr'>Qn·</span> 
     </span>
     <span class='ocr_line' id='line_1_17' title="bbox 280 2267 2024 2376; baseline -0.004 -25"><span class='ocrx_word' id='word_1_186' title='bbox 280 2275 319 2352; x_wconf 90' lang='lat' dir='ltr'>in</span> <span class='ocrx_word' id='word_1_187' title='bbox 330 2269 500 2349; x_wconf 80' lang='lat' dir='ltr'>catellum</span> <span class='ocrx_word' id='word_1_188' title='bbox 512 2275 608 2370; x_wconf 93' lang='lat' dir='ltr'>quod</span> <span class='ocrx_word' id='word_1_189' title='bbox 629 2272 678 2347; x_wconf 83' lang='lat' dir='ltr'>est</span> <span class='ocrx_word' id='word_1_190' title='bbox 688 2294 814 2352; x_wconf 89' lang='lat' dir='ltr'>contra</span> <span class='ocrx_word' id='word_1_191' title='bbox 828 2269 1092 2353; x_wconf 79' lang='lat' dir='ltr'>voerinoen&#39;ietir</span> <span class='ocrx_word' id='word_1_192' title='bbox 1135 2273 1291 2349; x_wconf 74' lang='lat' dir='ltr'>honorat</span> <span class='ocrx_word' id='word_1_193' title='bbox 1304 2291 1441 2371; x_wconf 89' lang='lat' dir='ltr'>patrem</span> <span class='ocrx_word' id='word_1_194' title='bbox 1463 2272 1556 2349; x_wconf 88' lang='lat' dir='ltr'>suum</span> <span class='ocrx_word' id='word_1_195' title='bbox 1570 2272 1678 2350; x_wconf 82' lang='lat' dir='ltr'>vitam</span> <span class='ocrx_word' id='word_1_196' title='bbox 1694 2272 1796 2348; x_wconf 78' lang='lat' dir='ltr'>viret</span> <span class='ocrx_word' id='word_1_197' title='bbox 1811 2267 1959 2369; x_wconf 77' lang='lat' dir='ltr'>longio·</span> <span class='ocrx_word' id='word_1_198' title='bbox 1992 2294 2024 2376; x_wconf 71' lang='lat' dir='ltr'>qr</span> 
     </span>
     <span class='ocr_line' id='line_1_18' title="bbox 305 2369 1961 2477; baseline -0.004 -27"><span class='ocrx_word' id='word_1_199' title='bbox 305 2369 412 2450; x_wconf 87' lang='lat' dir='ltr'>ullum</span> <span class='ocrx_word' id='word_1_200' title='bbox 429 2371 518 2447; x_wconf 85' lang='lat' dir='ltr'>assne</span> <span class='ocrx_word' id='word_1_201' title='bbox 548 2371 606 2446; x_wconf 89' lang='lat' dir='ltr'>alli</span> <span class='ocrx_word' id='word_1_202' title='bbox 652 2390 726 2450; x_wconf 87' lang='lat' dir='ltr'>tum</span> <span class='ocrx_word' id='word_1_203' title='bbox 741 2374 844 2475; x_wconf 87' lang='lat' dir='ltr'>super</span> <span class='ocrx_word' id='word_1_204' title='bbox 859 2398 960 2477; x_wconf 88' lang='lat' dir='ltr'>quem</span> <span class='ocrx_word' id='word_1_205' title='bbox 984 2397 1093 2452; x_wconf 88' lang='lat' dir='ltr'>nemo</span> <span class='ocrx_word' id='word_1_206' title='bbox 1140 2395 1216 2449; x_wconf 87' lang='lat' dir='ltr'>rem</span> <span class='ocrx_word' id='word_1_207' title='bbox 1231 2405 1257 2443; x_wconf 84' lang='lat'>··</span> <span class='ocrx_word' id='word_1_208' title='bbox 1275 2372 1317 2447; x_wconf 82' lang='lat' dir='ltr'>Et</span> <span class='ocrx_word' id='word_1_209' title='bbox 1329 2371 1388 2468; x_wconf 91' lang='lat' dir='ltr'>qui</span> <span class='ocrx_word' id='word_1_210' title='bbox 1413 2371 1558 2447; x_wconf 78' lang='lat' dir='ltr'>obaudit</span> <span class='ocrx_word' id='word_1_211' title='bbox 1575 2377 1691 2467; x_wconf 79' lang='lat' dir='ltr'>patrie</span> <span class='ocrx_word' id='word_1_212' title='bbox 1719 2370 1961 2470; x_wconf 77' lang='lat' dir='ltr'>refrigeravit</span> 
     </span>
     <span class='ocr_line' id='line_1_19' title="bbox 277 2399 1962 2567; baseline -0.003 -16"><span class='ocrx_word' id='word_1_213' title='bbox 277 2399 462 2550; x_wconf 67' lang='lat' dir='ltr'>lominum</span> <span class='ocrx_word' id='word_1_214' title='bbox 477 2469 588 2546; x_wconf 75' lang='lat' dir='ltr'>sedite</span> <span class='ocrx_word' id='word_1_215' title='bbox 622 2470 781 2551; x_wconf 81' lang='lat' dir='ltr'>olrite&amp;</span> <span class='ocrx_word' id='word_1_216' title='bbox 798 2475 956 2550; x_wconf 82' lang='lat' dir='ltr'>adducite</span> <span class='ocrx_word' id='word_1_217' title='bbox 981 2473 1091 2551; x_wconf 82' lang='lat' dir='ltr'>mihia</span> <span class='ocrx_word' id='word_1_218' title='bbox 1142 2491 1317 2548; x_wconf 85' lang='lat' dir='ltr'>matrem.</span> <span class='ocrx_word' id='word_1_219' title='bbox 1339 2468 1411 2564; x_wconf 79' lang='lat' dir='ltr'>Qi</span> <span class='ocrx_word' id='word_1_220' title='bbox 1426 2468 1528 2546; x_wconf 86' lang='lat' dir='ltr'>timet</span> <span class='ocrx_word' id='word_1_221' title='bbox 1545 2469 1660 2544; x_wconf 89' lang='lat' dir='ltr'>Deum</span> <span class='ocrx_word' id='word_1_222' title='bbox 1689 2495 1700 2539; x_wconf 83' lang='lat' dir='ltr'>a</span> <span class='ocrx_word' id='word_1_223' title='bbox 1726 2471 1883 2546; x_wconf 87' lang='lat' dir='ltr'>honorat</span> <span class='ocrx_word' id='word_1_224' title='bbox 1898 2495 1962 2567; x_wconf 88' lang='lat' dir='ltr'>pa·</span> 
     </span>
     <span class='ocr_line' id='line_1_20' title="bbox 271 2567 2024 2672; baseline -0.002 -26"><span class='ocrx_word' id='word_1_225' title='bbox 271 2569 401 2670; x_wconf 83' lang='lat' dir='ltr'>·8iquio</span> <span class='ocrx_word' id='word_1_226' title='bbox 430 2568 531 2645; x_wconf 80' lang='lat' dir='ltr'>vobit</span> <span class='ocrx_word' id='word_1_227' title='bbox 574 2569 708 2645; x_wconf 88' lang='lat' dir='ltr'>interro</span> <span class='ocrx_word' id='word_1_228' title='bbox 734 2574 847 2650; x_wconf 89' lang='lat' dir='ltr'>averit</span> <span class='ocrx_word' id='word_1_229' title='bbox 886 2573 995 2649; x_wconf 89' lang='lat' dir='ltr'>dicite</span> <span class='ocrx_word' id='word_1_230' title='bbox 1031 2571 1091 2645; x_wconf 82' lang='lat' dir='ltr'>ei.</span> <span class='ocrx_word' id='word_1_231' title='bbox 1143 2589 1285 2649; x_wconf 81' lang='lat' dir='ltr'>renteae</span> <span class='ocrx_word' id='word_1_232' title='bbox 1300 2567 1445 2664; x_wconf 84' lang='lat' dir='ltr'>&amp;quali</span> <span class='ocrx_word' id='word_1_233' title='bbox 1469 2569 1619 2645; x_wconf 84' lang='lat' dir='ltr'>dominis</span> <span class='ocrx_word' id='word_1_234' title='bbox 1648 2568 1778 2643; x_wconf 85' lang='lat' dir='ltr'>serviet</span> <span class='ocrx_word' id='word_1_235' title='bbox 1803 2569 1957 2664; x_wconf 74' lang='lat' dir='ltr'>binaqui</span> <span class='ocrx_word' id='word_1_236' title='bbox 1990 2590 2024 2672; x_wconf 75' lang='grc' dir='ltr'><strong><em>ῃ</em></strong></span> 
     </span>
     <span class='ocr_line' id='line_1_21' title="bbox 164 2667 1959 2768; baseline -0.002 -22"><span class='ocrx_word' id='word_1_237' title='bbox 164 2718 167 2722; x_wconf 28' lang='grc' dir='ltr'>ι</span> <span class='ocrx_word' id='word_1_238' title='bbox 210 2695 261 2758; x_wconf 71' lang='lat' dir='ltr'>aa</span> <span class='ocrx_word' id='word_1_239' title='bbox 282 2671 385 2766; x_wconf 83' lang='lat' dir='ltr'>Opur</span> <span class='ocrx_word' id='word_1_240' title='bbox 405 2668 562 2744; x_wconf 87' lang='lat' dir='ltr'>Domino</span> <span class='ocrx_word' id='word_1_241' title='bbox 577 2670 626 2746; x_wconf 84' lang='lat' dir='ltr'>eli</span> <span class='ocrx_word' id='word_1_242' title='bbox 642 2669 715 2744; x_wconf 83' lang='lat' dir='ltr'>.So</span> <span class='ocrx_word' id='word_1_243' title='bbox 730 2689 853 2746; x_wconf 83' lang='lat' dir='ltr'>venter</span> <span class='ocrx_word' id='word_1_244' title='bbox 871 2669 1091 2748; x_wconf 80' lang='lat' dir='ltr'>adduxeruut</span> <span class='ocrx_word' id='word_1_245' title='bbox 1141 2668 1178 2742; x_wconf 92' lang='lat' dir='ltr'>se</span> <span class='ocrx_word' id='word_1_246' title='bbox 1193 2687 1389 2768; x_wconf 81' lang='lat' dir='ltr'>genuerunt</span> <span class='ocrx_word' id='word_1_247' title='bbox 1420 2667 1652 2765; x_wconf 85' lang='lat' dir='ltr'>inopere&amp;</span> <span class='ocrx_word' id='word_1_248' title='bbox 1677 2667 1840 2746; x_wconf 81' lang='lat' dir='ltr'>sermone</span> <span class='ocrx_word' id='word_1_249' title='bbox 1867 2670 1904 2742; x_wconf 79' lang='lat' dir='ltr'>dt</span> <span class='ocrx_word' id='word_1_250' title='bbox 1922 2668 1959 2742; x_wconf 90' lang='lat' dir='ltr'>in</span> 
     </span>
     <span class='ocr_line' id='line_1_22' title="bbox 283 2764 1959 2865; baseline -0.001 -22"><span class='ocrx_word' id='word_1_251' title='bbox 283 2764 452 2852; x_wconf 81' lang='lat' dir='ltr'>adlesum</span> <span class='ocrx_word' id='word_1_252' title='bbox 480 2767 719 2862; x_wconf 82' lang='lat' dir='ltr'>imposuerunt</span> <span class='ocrx_word' id='word_1_253' title='bbox 746 2766 795 2844; x_wconf 91' lang='lat' dir='ltr'>illi</span> <span class='ocrx_word' id='word_1_254' title='bbox 821 2770 1091 2860; x_wconf 84' lang='lat' dir='ltr'>vestimenta&amp;</span> <span class='ocrx_word' id='word_1_255' title='bbox 1140 2771 1237 2840; x_wconf 89' lang='lat' dir='ltr'>omui</span> <span class='ocrx_word' id='word_1_256' title='bbox 1269 2764 1439 2865; x_wconf 89' lang='lat' dir='ltr'>sapientia</span> <span class='ocrx_word' id='word_1_257' title='bbox 1463 2815 1475 2839; x_wconf 85' lang='grc'><strong>.</strong></span> <span class='ocrx_word' id='word_1_258' title='bbox 1506 2765 1571 2843; x_wconf 82' lang='lat' dir='ltr'>Fili</span> <span class='ocrx_word' id='word_1_259' title='bbox 1597 2795 1608 2835; x_wconf 77' lang='lat' dir='ltr'>a</span> <span class='ocrx_word' id='word_1_260' title='bbox 1634 2767 1771 2844; x_wconf 89' lang='lat' dir='ltr'>honora</span> <span class='ocrx_word' id='word_1_261' title='bbox 1815 2783 1959 2862; x_wconf 90' lang='lat' dir='ltr'>patrem</span> 
     </span>
     <span class='ocr_line' id='line_1_23' title="bbox 282 2861 1961 2966; baseline 0.002 -28"><span class='ocrx_word' id='word_1_262' title='bbox 282 2863 374 2940; x_wconf 86' lang='lat' dir='ltr'>sedit</span> <span class='ocrx_word' id='word_1_263' title='bbox 386 2864 421 2937; x_wconf 91' lang='lat' dir='ltr'>su</span> <span class='ocrx_word' id='word_1_264' title='bbox 449 2885 489 2937; x_wconf 87' lang='lat' dir='ltr'>er</span> <span class='ocrx_word' id='word_1_265' title='bbox 500 2886 608 2940; x_wconf 88' lang='lat' dir='ltr'>enm.</span> <span class='ocrx_word' id='word_1_266' title='bbox 636 2861 709 2939; x_wconf 85' lang='lat' dir='ltr'>Alii</span> <span class='ocrx_word' id='word_1_267' title='bbox 724 2868 965 2966; x_wconf 70' lang='lat' dir='ltr'>expandebant</span> <span class='ocrx_word' id='word_1_268' title='bbox 990 2866 1093 2942; x_wconf 77' lang='lat' dir='ltr'>velli·</span> <span class='ocrx_word' id='word_1_269' title='bbox 1141 2885 1238 2943; x_wconf 90' lang='lat' dir='ltr'>tuum</span> <span class='ocrx_word' id='word_1_270' title='bbox 1263 2885 1303 2939; x_wconf 89' lang='lat' dir='ltr'>ut</span> <span class='ocrx_word' id='word_1_271' title='bbox 1344 2864 1567 2960; x_wconf 78' lang='lat' dir='ltr'>superveniat</span> <span class='ocrx_word' id='word_1_272' title='bbox 1606 2864 1673 2940; x_wconf 86' lang='lat' dir='ltr'>tibi</span> <span class='ocrx_word' id='word_1_273' title='bbox 1705 2863 1961 2941; x_wconf 76' lang='lat' dir='ltr'>benedidioa</span> 
     </span>
     <span class='ocr_line' id='line_1_24' title="bbox 282 2890 1953 3045; baseline 0.001 -6"><span class='ocrx_word' id='word_1_274' title='bbox 282 2980 404 3039; x_wconf 86' lang='lat' dir='ltr'>menta</span> <span class='ocrx_word' id='word_1_275' title='bbox 419 2890 480 3036; x_wconf 67' lang='lat' dir='ltr'>suta</span> <span class='ocrx_word' id='word_1_276' title='bbox 496 2959 531 3035; x_wconf 91' lang='lat' dir='ltr'>in</span> <span class='ocrx_word' id='word_1_277' title='bbox 548 2962 630 3039; x_wconf 81' lang='lat' dir='ltr'>viae</span> <span class='ocrx_word' id='word_1_278' title='bbox 645 2957 832 3045; x_wconf 84' lang='lat' dir='ltr'>aliiramot</span> <span class='ocrx_word' id='word_1_279' title='bbox 847 2968 893 3041; x_wconf 87' lang='lat' dir='ltr'>de</span> <span class='ocrx_word' id='word_1_280' title='bbox 909 2964 1090 3043; x_wconf 71' lang='lat' dir='ltr'>arboribus</span> <span class='ocrx_word' id='word_1_281' title='bbox 1142 2964 1227 3039; x_wconf 87' lang='lat' dir='ltr'>Deo</span> <span class='ocrx_word' id='word_1_282' title='bbox 1251 2989 1263 3035; x_wconf 89' lang='lat' dir='ltr'>t</span> <span class='ocrx_word' id='word_1_283' title='bbox 1291 2963 1328 3036; x_wconf 73' lang='grc' dir='ltr'>δι</span> <span class='ocrx_word' id='word_1_284' title='bbox 1352 2962 1550 3040; x_wconf 73' lang='grc' dir='ltr'>δεηεάἱᾱίο</span> <span class='ocrx_word' id='word_1_285' title='bbox 1576 2957 1668 3038; x_wconf 80' lang='lat' dir='ltr'>illino</span> <span class='ocrx_word' id='word_1_286' title='bbox 1693 2963 1729 3037; x_wconf 90' lang='lat' dir='ltr'>in</span> <span class='ocrx_word' id='word_1_287' title='bbox 1759 2964 1953 3042; x_wconf 77' lang='lat' dir='ltr'>noviffimo</span> 
     </span>
     <span class='ocr_line' id='line_1_25' title="bbox 280 3060 2024 3165; baseline 0.002 -29"><span class='ocrx_word' id='word_1_288' title='bbox 280 3062 515 3136; x_wconf 75' lang='lat' dir='ltr'>externebant</span> <span class='ocrx_word' id='word_1_289' title='bbox 539 3087 551 3130; x_wconf 81' lang='lat' dir='ltr'>e</span> <span class='ocrx_word' id='word_1_290' title='bbox 578 3061 615 3136; x_wconf 82' lang='lat' dir='ltr'>dt</span> <span class='ocrx_word' id='word_1_291' title='bbox 630 3060 690 3154; x_wconf 92' lang='lat' dir='ltr'>qui</span> <span class='ocrx_word' id='word_1_292' title='bbox 711 3061 943 3165; x_wconf 75' lang='lat' dir='ltr'>sequebantur</span> <span class='ocrx_word' id='word_1_293' title='bbox 963 3062 1091 3143; x_wconf 79' lang='lat' dir='ltr'>clame·</span> <span class='ocrx_word' id='word_1_294' title='bbox 1131 3079 1290 3137; x_wconf 81' lang='lat' dir='ltr'>manet.</span> <span class='ocrx_word' id='word_1_295' title='bbox 1315 3060 1520 3138; x_wconf 71' lang='lat' dir='ltr'>benedicio</span> <span class='ocrx_word' id='word_1_296' title='bbox 1547 3061 1655 3157; x_wconf 86' lang='lat' dir='ltr'>patria</span> <span class='ocrx_word' id='word_1_297' title='bbox 1681 3063 1799 3138; x_wconf 86' lang='lat' dir='ltr'>firmat</span> <span class='ocrx_word' id='word_1_298' title='bbox 1831 3064 1957 3139; x_wconf 83' lang='lat' dir='ltr'>domoc</span> <span class='ocrx_word' id='word_1_299' title='bbox 1985 3061 2024 3143; x_wconf 81' lang='lat' dir='ltr'>ic</span> 
     </span>
     <span class='ocr_line' id='line_1_26' title="bbox 207 3155 1952 3267; baseline 0 -31"><span class='ocrx_word' id='word_1_300' title='bbox 207 3187 255 3267; x_wconf 80' lang='lat'>²5</span> <span class='ocrx_word' id='word_1_301' title='bbox 282 3156 806 3259; x_wconf 73' lang='lat' dir='ltr'>bannOsannabeneoiousqui</span> <span class='ocrx_word' id='word_1_302' title='bbox 821 3161 961 3240; x_wconf 85' lang='lat' dir='ltr'>venitin</span> <span class='ocrx_word' id='word_1_303' title='bbox 979 3160 1093 3239; x_wconf 87' lang='lat' dir='ltr'>notui·</span> <span class='ocrx_word' id='word_1_304' title='bbox 1143 3156 1325 3236; x_wconf 80' lang='lat' dir='ltr'>liliorum·</span> <span class='ocrx_word' id='word_1_305' title='bbox 1349 3155 1553 3235; x_wconf 74' lang='lat' dir='ltr'>maledictio</span> <span class='ocrx_word' id='word_1_306' title='bbox 1580 3178 1694 3236; x_wconf 89' lang='lat' dir='ltr'>autem</span> <span class='ocrx_word' id='word_1_307' title='bbox 1719 3161 1843 3236; x_wconf 82' lang='lat' dir='ltr'>matria</span> <span class='ocrx_word' id='word_1_308' title='bbox 1870 3185 1952 3236; x_wconf 90' lang='lat' dir='ltr'>era·</span> 
     </span>
     <span class='ocr_line' id='line_1_27' title="bbox 283 3252 1957 3356; baseline 0.002 -22"><span class='ocrx_word' id='word_1_309' title='bbox 283 3282 329 3334; x_wconf 88' lang='lat' dir='ltr'>ne</span> <span class='ocrx_word' id='word_1_310' title='bbox 341 3255 485 3334; x_wconf 88' lang='lat' dir='ltr'>Domini</span> <span class='ocrx_word' id='word_1_311' title='bbox 498 3252 715 3331; x_wconf 71' lang='lat' dir='ltr'>beneditium</span> <span class='ocrx_word' id='word_1_312' title='bbox 729 3281 768 3334; x_wconf 89' lang='lat' dir='ltr'>re</span> <span class='ocrx_word' id='word_1_313' title='bbox 822 3285 879 3336; x_wconf 87' lang='lat' dir='ltr'>um</span> <span class='ocrx_word' id='word_1_314' title='bbox 900 3261 1007 3355; x_wconf 77' lang='lat' dir='ltr'>patric</span> <span class='ocrx_word' id='word_1_315' title='bbox 1023 3274 1094 3335; x_wconf 77' lang='lat' dir='ltr'>no‘·</span> <span class='ocrx_word' id='word_1_316' title='bbox 1141 3259 1235 3332; x_wconf 87' lang='lat' dir='ltr'>dicat</span> <span class='ocrx_word' id='word_1_317' title='bbox 1264 3257 1514 3335; x_wconf 79' lang='lat' dir='ltr'>fundamenta.</span> <span class='ocrx_word' id='word_1_318' title='bbox 1543 3257 1600 3329; x_wconf 91' lang='lat' dir='ltr'>Ne</span> <span class='ocrx_word' id='word_1_319' title='bbox 1624 3255 1788 3356; x_wconf 74' lang='lat' dir='ltr'>glorieris</span> <span class='ocrx_word' id='word_1_320' title='bbox 1804 3259 1840 3331; x_wconf 90' lang='lat' dir='ltr'>in</span> <span class='ocrx_word' id='word_1_321' title='bbox 1867 3285 1957 3337; x_wconf 88' lang='lat' dir='ltr'>eon·</span> 
     </span>
     <span class='ocr_line' id='line_1_28' title="bbox 282 3284 1955 3455; baseline 0.001 -25"><span class='ocrx_word' id='word_1_322' title='bbox 282 3355 341 3432; x_wconf 85' lang='lat' dir='ltr'>liri</span> <span class='ocrx_word' id='word_1_323' title='bbox 353 3355 471 3430; x_wconf 84' lang='lat' dir='ltr'>David</span> <span class='ocrx_word' id='word_1_324' title='bbox 488 3351 632 3429; x_wconf 88' lang='lat' dir='ltr'>Osanna</span> <span class='ocrx_word' id='word_1_325' title='bbox 647 3353 683 3428; x_wconf 91' lang='lat' dir='ltr'>in</span> <span class='ocrx_word' id='word_1_326' title='bbox 698 3284 838 3434; x_wconf 48' lang='lat' dir='ltr'>curtils</span> <span class='ocrx_word' id='word_1_327' title='bbox 850 3357 1011 3435; x_wconf 88' lang='lat' dir='ltr'>miserere</span> <span class='ocrx_word' id='word_1_328' title='bbox 1025 3380 1094 3433; x_wconf 91' lang='lat' dir='ltr'>no·</span> <span class='ocrx_word' id='word_1_329' title='bbox 1143 3350 1285 3430; x_wconf 89' lang='lat' dir='ltr'>tumelia</span> <span class='ocrx_word' id='word_1_330' title='bbox 1300 3355 1408 3450; x_wconf 82' lang='lat' dir='ltr'>patria</span> <span class='ocrx_word' id='word_1_331' title='bbox 1423 3359 1474 3434; x_wconf 94' lang='lat' dir='ltr'>tui</span> <span class='ocrx_word' id='word_1_332' title='bbox 1492 3387 1502 3429; x_wconf 80' lang='lat' dir='ltr'>e</span> <span class='ocrx_word' id='word_1_333' title='bbox 1520 3379 1592 3431; x_wconf 90' lang='lat' dir='ltr'>non</span> <span class='ocrx_word' id='word_1_334' title='bbox 1613 3358 1662 3430; x_wconf 84' lang='lat' dir='ltr'>eli</span> <span class='ocrx_word' id='word_1_335' title='bbox 1677 3358 1770 3432; x_wconf 89' lang='lat' dir='ltr'>enim</span> <span class='ocrx_word' id='word_1_336' title='bbox 1786 3358 1852 3432; x_wconf 90' lang='lat' dir='ltr'>tibi</span> <span class='ocrx_word' id='word_1_337' title='bbox 1869 3357 1955 3455; x_wconf 87' lang='lat' dir='ltr'>glo·</span> 
     </span>
     <span class='ocr_line' id='line_1_29' title="bbox 279 3451 1957 3554; baseline 0.001 -24"><span class='ocrx_word' id='word_1_338' title='bbox 279 3454 334 3530; x_wconf 81' lang='lat' dir='ltr'>bit</span> <span class='ocrx_word' id='word_1_339' title='bbox 365 3453 416 3529; x_wconf 86' lang='lat' dir='ltr'>lili</span> <span class='ocrx_word' id='word_1_340' title='bbox 439 3452 586 3526; x_wconf 83' lang='lat' dir='ltr'>David.</span> <span class='ocrx_word' id='word_1_341' title='bbox 611 3459 781 3530; x_wconf 50' lang='lat' dir='ltr'>litant.</span> <span class='ocrx_word' id='word_1_342' title='bbox 806 3455 897 3531; x_wconf 83' lang='lat' dir='ltr'>Cum</span> <span class='ocrx_word' id='word_1_343' title='bbox 927 3455 1094 3531; x_wconf 80' lang='lat' dir='ltr'>audissent</span> <span class='ocrx_word' id='word_1_344' title='bbox 1142 3453 1218 3528; x_wconf 78' lang='lat' dir='ltr'>riae</span> <span class='ocrx_word' id='word_1_345' title='bbox 1242 3451 1303 3527; x_wconf 88' lang='lat' dir='ltr'>sed</span> <span class='ocrx_word' id='word_1_346' title='bbox 1328 3456 1521 3533; x_wconf 81' lang='lat' dir='ltr'>consufiot</span> <span class='ocrx_word' id='word_1_347' title='bbox 1550 3451 1665 3554; x_wconf 84' lang='lat' dir='ltr'>gloria</span> <span class='ocrx_word' id='word_1_348' title='bbox 1691 3457 1782 3536; x_wconf 80' lang='lat' dir='ltr'>eninr</span> <span class='ocrx_word' id='word_1_349' title='bbox 1804 3456 1957 3533; x_wconf 82' lang='lat' dir='ltr'>hominia</span> 
     </span>
     <span class='ocr_line' id='line_1_30' title="bbox 240 3550 1958 3652; baseline 0.001 -26"><span class='ocrx_word' id='word_1_350' title='bbox 240 3644 242 3648; x_wconf 11' lang='lat' dir='ltr'>y</span> <span class='ocrx_word' id='word_1_351' title='bbox 282 3550 384 3627; x_wconf 86' lang='lat' dir='ltr'>turbe</span> <span class='ocrx_word' id='word_1_352' title='bbox 398 3576 466 3648; x_wconf 89' lang='lat' dir='ltr'>que</span> <span class='ocrx_word' id='word_1_353' title='bbox 482 3567 656 3626; x_wconf 84' lang='lat' dir='ltr'>venerant</span> <span class='ocrx_word' id='word_1_354' title='bbox 680 3552 724 3626; x_wconf 91' lang='lat' dir='ltr'>ad</span> <span class='ocrx_word' id='word_1_355' title='bbox 740 3556 832 3630; x_wconf 91' lang='lat' dir='ltr'>diem</span> <span class='ocrx_word' id='word_1_356' title='bbox 849 3553 1090 3647; x_wconf 81' lang='lat' dir='ltr'>feliumtquia</span> <span class='ocrx_word' id='word_1_357' title='bbox 1141 3574 1188 3625; x_wconf 83' lang='lat' dir='ltr'>ex</span> <span class='ocrx_word' id='word_1_358' title='bbox 1210 3553 1349 3627; x_wconf 87' lang='lat' dir='ltr'>honore</span> <span class='ocrx_word' id='word_1_359' title='bbox 1372 3554 1725 3652; x_wconf 68' lang='lat' dir='ltr'>parristodeoenn</span> <span class='ocrx_word' id='word_1_360' title='bbox 1743 3552 1825 3629; x_wconf 77' lang='lat' dir='ltr'>liliis</span> <span class='ocrx_word' id='word_1_361' title='bbox 1852 3574 1958 3652; x_wconf 88' lang='lat' dir='ltr'>pater</span> 
     </span>
     <span class='ocr_line' id='line_1_31' title="bbox 208 3648 2024 3764; baseline 0.001 -39"><span class='ocrx_word' id='word_1_362' title='bbox 208 3679 259 3764; x_wconf 79' lang='lat'>30</span> <span class='ocrx_word' id='word_1_363' title='bbox 283 3651 386 3725; x_wconf 85' lang='lat' dir='ltr'>venit</span> <span class='ocrx_word' id='word_1_364' title='bbox 408 3649 502 3730; x_wconf 75' lang='lat' dir='ltr'>iesus</span> <span class='ocrx_word' id='word_1_365' title='bbox 517 3648 672 3724; x_wconf 76' lang='lat' dir='ltr'>Christus</span> <span class='ocrx_word' id='word_1_366' title='bbox 703 3674 714 3718; x_wconf 84' lang='lat' dir='ltr'>t</span> <span class='ocrx_word' id='word_1_367' title='bbox 742 3670 951 3749; x_wconf 79' lang='lat' dir='ltr'>acceperunt</span> <span class='ocrx_word' id='word_1_368' title='bbox 977 3673 1090 3726; x_wconf 82' lang='lat' dir='ltr'>ramos</span> <span class='ocrx_word' id='word_1_369' title='bbox 1140 3650 1387 3728; x_wconf 86' lang='lat' dir='ltr'>sinebouore.</span> <span class='ocrx_word' id='word_1_370' title='bbox 1411 3651 1476 3728; x_wconf 85' lang='lat' dir='ltr'>Fili</span> <span class='ocrx_word' id='word_1_371' title='bbox 1498 3652 1624 3751; x_wconf 80' lang='lat' dir='ltr'>suscipe</span> <span class='ocrx_word' id='word_1_372' title='bbox 1649 3651 1818 3731; x_wconf 66' lang='lat' dir='ltr'>senesiam</span> <span class='ocrx_word' id='word_1_373' title='bbox 1846 3652 1955 3750; x_wconf 80' lang='lat' dir='ltr'>patrio</span> <span class='ocrx_word' id='word_1_374' title='bbox 1987 3655 2024 3751; x_wconf 81' lang='lat'>85</span> 
     </span>
     <span class='ocr_line' id='line_1_32' title="bbox 189 3746 1957 3846; baseline -0.001 -19"><span class='ocrx_word' id='word_1_375' title='bbox 189 3756 198 3807; x_wconf 72' lang='grc' dir='ltr'><strong>ἶ</strong></span> <span class='ocrx_word' id='word_1_376' title='bbox 282 3746 471 3846; x_wconf 81' lang='lat' dir='ltr'>palmarum</span> <span class='ocrx_word' id='word_1_377' title='bbox 485 3774 494 3817; x_wconf 81' lang='lat' dir='ltr'>a</span> <span class='ocrx_word' id='word_1_378' title='bbox 508 3751 544 3823; x_wconf 80' lang='lat' dir='ltr'>bt</span> <span class='ocrx_word' id='word_1_379' title='bbox 559 3747 725 3824; x_wconf 83' lang='lat' dir='ltr'>exierunt</span> <span class='ocrx_word' id='word_1_380' title='bbox 749 3751 890 3828; x_wconf 85' lang='lat' dir='ltr'>obviam</span> <span class='ocrx_word' id='word_1_381' title='bbox 903 3749 937 3823; x_wconf 90' lang='lat' dir='ltr'>ei</span> <span class='ocrx_word' id='word_1_382' title='bbox 949 3778 961 3822; x_wconf 78' lang='lat' dir='ltr'>a</span> <span class='ocrx_word' id='word_1_383' title='bbox 974 3746 1092 3825; x_wconf 76' lang='lat' dir='ltr'>&amp;da-</span> <span class='ocrx_word' id='word_1_384' title='bbox 1141 3747 1194 3819; x_wconf 90' lang='lat' dir='ltr'>tui</span> <span class='ocrx_word' id='word_1_385' title='bbox 1211 3751 1271 3822; x_wconf 80' lang='lat' dir='ltr'>a&amp;</span> <span class='ocrx_word' id='word_1_386' title='bbox 1296 3773 1340 3823; x_wconf 92' lang='lat' dir='ltr'>ne</span> <span class='ocrx_word' id='word_1_387' title='bbox 1352 3751 1533 3828; x_wconf 84' lang='lat' dir='ltr'>oontrillen</span> <span class='ocrx_word' id='word_1_388' title='bbox 1547 3775 1622 3824; x_wconf 91' lang='lat' dir='ltr'>eum</span> <span class='ocrx_word' id='word_1_389' title='bbox 1642 3752 1675 3823; x_wconf 90' lang='lat' dir='ltr'>iu</span> <span class='ocrx_word' id='word_1_390' title='bbox 1693 3751 1765 3827; x_wconf 81' lang='lat' dir='ltr'>rita</span> <span class='ocrx_word' id='word_1_391' title='bbox 1779 3747 1869 3825; x_wconf 79' lang='lat' dir='ltr'>illiue</span> <span class='ocrx_word' id='word_1_392' title='bbox 1886 3801 1897 3823; x_wconf 89' lang='lat'><strong>.</strong></span> <span class='ocrx_word' id='word_1_393' title='bbox 1912 3753 1957 3827; x_wconf 85' lang='lat' dir='ltr'>Et</span> 
     </span>
     <span class='ocr_line' id='line_1_33' title="bbox 281 3844 1957 3946; baseline 0.001 -26"><span class='ocrx_word' id='word_1_394' title='bbox 281 3845 423 3921; x_wconf 87' lang='lat' dir='ltr'>mabant</span> <span class='ocrx_word' id='word_1_395' title='bbox 440 3875 450 3917; x_wconf 78' lang='lat' dir='ltr'>a</span> <span class='ocrx_word' id='word_1_396' title='bbox 472 3846 612 3921; x_wconf 88' lang='lat' dir='ltr'>Osanna</span> <span class='ocrx_word' id='word_1_397' title='bbox 639 3845 839 3927; x_wconf 67' lang='lat' dir='ltr'>benedictus</span> <span class='ocrx_word' id='word_1_398' title='bbox 863 3848 923 3944; x_wconf 90' lang='lat' dir='ltr'>qui</span> <span class='ocrx_word' id='word_1_399' title='bbox 943 3846 1092 3923; x_wconf 89' lang='lat' dir='ltr'>venitin</span> <span class='ocrx_word' id='word_1_400' title='bbox 1139 3844 1353 3923; x_wconf 82' lang='lat' dir='ltr'>lidefeeerlt</span> <span class='ocrx_word' id='word_1_401' title='bbox 1366 3848 1463 3923; x_wconf 88' lang='lat' dir='ltr'>sensu</span> <span class='ocrx_word' id='word_1_402' title='bbox 1479 3877 1489 3921; x_wconf 78' lang='lat' dir='ltr'>e</span> <span class='ocrx_word' id='word_1_403' title='bbox 1504 3851 1549 3924; x_wconf 91' lang='lat' dir='ltr'>da</span> <span class='ocrx_word' id='word_1_404' title='bbox 1565 3851 1700 3925; x_wconf 89' lang='lat' dir='ltr'>veniam</span> <span class='ocrx_word' id='word_1_405' title='bbox 1716 3875 1727 3919; x_wconf 83' lang='lat' dir='ltr'>a</span> <span class='ocrx_word' id='word_1_406' title='bbox 1742 3851 1777 3922; x_wconf 78' lang='grc' dir='ltr'>δι</span> <span class='ocrx_word' id='word_1_407' title='bbox 1803 3875 1848 3923; x_wconf 88' lang='lat' dir='ltr'>ne</span> <span class='ocrx_word' id='word_1_408' title='bbox 1860 3850 1957 3946; x_wconf 90' lang='lat' dir='ltr'>sper·</span> 
     </span>
     <span class='ocr_line' id='line_1_34' title="bbox 280 3943 1956 4044; baseline 0.002 -27"><span class='ocrx_word' id='word_1_409' title='bbox 280 3947 418 4023; x_wconf 79' lang='lat' dir='ltr'>nomine</span> <span class='ocrx_word' id='word_1_410' title='bbox 432 3945 578 4022; x_wconf 88' lang='lat' dir='ltr'>Domini</span> <span class='ocrx_word' id='word_1_411' title='bbox 591 3952 773 4023; x_wconf 62' lang='lat' dir='ltr'>dissuant.</span> <span class='ocrx_word' id='word_1_412' title='bbox 789 3946 913 4024; x_wconf 85' lang='lat' dir='ltr'>Gloria</span> <span class='ocrx_word' id='word_1_413' title='bbox 926 3949 960 4021; x_wconf 87' lang='lat' dir='ltr'>in</span> <span class='ocrx_word' id='word_1_414' title='bbox 975 3943 1092 4021; x_wconf 83' lang='lat' dir='ltr'>excel·</span> <span class='ocrx_word' id='word_1_415' title='bbox 1140 3967 1201 4020; x_wconf 81' lang='lat' dir='ltr'>nat</span> <span class='ocrx_word' id='word_1_416' title='bbox 1215 3970 1294 4022; x_wconf 88' lang='lat' dir='ltr'>eum</span> <span class='ocrx_word' id='word_1_417' title='bbox 1308 3947 1413 4023; x_wconf 90' lang='lat' dir='ltr'>intua</span> <span class='ocrx_word' id='word_1_418' title='bbox 1439 3950 1572 4024; x_wconf 87' lang='lat' dir='ltr'>virtute</span> <span class='ocrx_word' id='word_1_419' title='bbox 1589 3997 1600 4020; x_wconf 87' lang='lat'><strong>.</strong></span> <span class='ocrx_word' id='word_1_420' title='bbox 1626 3946 1834 4044; x_wconf 83' lang='lat' dir='ltr'>Elemosyua</span> <span class='ocrx_word' id='word_1_421' title='bbox 1860 3949 1956 4024; x_wconf 89' lang='lat' dir='ltr'>enim</span> 
     </span>
     <span class='ocr_line' id='line_1_35' title="bbox 279 4041 2001 4144; baseline 0.001 -24"><span class='ocrx_word' id='word_1_422' title='bbox 279 4044 324 4120; x_wconf 84' lang='lat' dir='ltr'>sis</span> <span class='ocrx_word' id='word_1_423' title='bbox 337 4046 420 4120; x_wconf 91' lang='lat' dir='ltr'>Deo</span> <span class='ocrx_word' id='word_1_424' title='bbox 450 4046 653 4122; x_wconf 86' lang='lat' dir='ltr'>&amp;interra</span> <span class='ocrx_word' id='word_1_425' title='bbox 679 4071 749 4140; x_wconf 85' lang='lat' dir='ltr'>pax</span> <span class='ocrx_word' id='word_1_426' title='bbox 776 4048 968 4121; x_wconf 80' lang='lat' dir='ltr'>hominibus</span> <span class='ocrx_word' id='word_1_427' title='bbox 999 4049 1091 4120; x_wconf 86' lang='lat' dir='ltr'>bone</span> <span class='ocrx_word' id='word_1_428' title='bbox 1143 4041 1254 4139; x_wconf 83' lang='lat' dir='ltr'>patria</span> <span class='ocrx_word' id='word_1_429' title='bbox 1269 4070 1340 4120; x_wconf 91' lang='lat' dir='ltr'>non</span> <span class='ocrx_word' id='word_1_430' title='bbox 1356 4048 1425 4122; x_wconf 89' lang='lat' dir='ltr'>erit</span> <span class='ocrx_word' id='word_1_431' title='bbox 1438 4047 1473 4120; x_wconf 91' lang='lat' dir='ltr'>in</span> <span class='ocrx_word' id='word_1_432' title='bbox 1490 4046 1782 4124; x_wconf 82' lang='lat' dir='ltr'>oblivionetnam</span> <span class='ocrx_word' id='word_1_433' title='bbox 1791 4071 1860 4144; x_wconf 90' lang='lat' dir='ltr'>pto</span> <span class='ocrx_word' id='word_1_434' title='bbox 1872 4071 1956 4140; x_wconf 90' lang='lat' dir='ltr'>pec·</span> <span class='ocrx_word' id='word_1_435' title='bbox 1997 4065 2001 4069; x_wconf 77' lang='grc'>’</span> 
     </span>
     <span class='ocr_line' id='line_1_36' title="bbox 207 4141 1956 4251; baseline 0.003 -39"><span class='ocrx_word' id='word_1_436' title='bbox 207 4167 256 4251; x_wconf 70' lang='lat'>35</span> <span class='ocrx_word' id='word_1_437' title='bbox 282 4141 474 4219; x_wconf 81' lang='lat' dir='ltr'>voluntaria</span> <span class='ocrx_word' id='word_1_438' title='bbox 489 4172 499 4214; x_wconf 79' lang='lat' dir='ltr'>e</span> <span class='ocrx_word' id='word_1_439' title='bbox 514 4145 653 4219; x_wconf 88' lang='lat' dir='ltr'>Osanna</span> <span class='ocrx_word' id='word_1_440' title='bbox 668 4144 744 4220; x_wconf 85' lang='lat' dir='ltr'>filio</span> <span class='ocrx_word' id='word_1_441' title='bbox 759 4146 875 4220; x_wconf 87' lang='lat' dir='ltr'>David</span> <span class='ocrx_word' id='word_1_442' title='bbox 890 4142 1093 4220; x_wconf 78' lang='lat' dir='ltr'>benediblus</span> <span class='ocrx_word' id='word_1_443' title='bbox 1144 4161 1225 4216; x_wconf 90' lang='lat' dir='ltr'>cato</span> <span class='ocrx_word' id='word_1_444' title='bbox 1240 4144 1357 4219; x_wconf 85' lang='lat' dir='ltr'>matria</span> <span class='ocrx_word' id='word_1_445' title='bbox 1374 4148 1573 4221; x_wconf 82' lang='lat' dir='ltr'>restituetur</span> <span class='ocrx_word' id='word_1_446' title='bbox 1596 4146 1658 4219; x_wconf 91' lang='lat' dir='ltr'>tibi</span> <span class='ocrx_word' id='word_1_447' title='bbox 1671 4148 1830 4221; x_wconf 90' lang='lat' dir='ltr'>bonum.</span> <span class='ocrx_word' id='word_1_448' title='bbox 1859 4145 1902 4218; x_wconf 83' lang='lat' dir='ltr'>Et</span> <span class='ocrx_word' id='word_1_449' title='bbox 1921 4147 1956 4218; x_wconf 93' lang='lat' dir='ltr'>in</span> 
     </span>
     <span class='ocr_line' id='line_1_37' title="bbox 277 4239 2024 4338; baseline 0.001 -23"><span class='ocrx_word' id='word_1_450' title='bbox 277 4242 341 4337; x_wconf 88' lang='lat' dir='ltr'>qui</span> <span class='ocrx_word' id='word_1_451' title='bbox 355 4241 453 4316; x_wconf 87' lang='lat' dir='ltr'>venit</span> <span class='ocrx_word' id='word_1_452' title='bbox 467 4243 501 4314; x_wconf 89' lang='lat' dir='ltr'>in</span> <span class='ocrx_word' id='word_1_453' title='bbox 519 4243 661 4315; x_wconf 89' lang='lat' dir='ltr'>nomine</span> <span class='ocrx_word' id='word_1_454' title='bbox 678 4243 820 4318; x_wconf 86' lang='lat' dir='ltr'>Domini</span> <span class='ocrx_word' id='word_1_455' title='bbox 837 4292 848 4315; x_wconf 89' lang='lat'><strong>.</strong></span> <span class='ocrx_word' id='word_1_456' title='bbox 873 4247 985 4316; x_wconf 76' lang='lat' dir='ltr'>Finita</span> <span class='ocrx_word' id='word_1_457' title='bbox 1008 4260 1089 4338; x_wconf 81' lang='lat' dir='ltr'>pro·</span> <span class='ocrx_word' id='word_1_458' title='bbox 1142 4239 1273 4324; x_wconf 82' lang='lat' dir='ltr'>iuliicia</span> <span class='ocrx_word' id='word_1_459' title='bbox 1287 4243 1505 4319; x_wconf 84' lang='lat' dir='ltr'>edificabitur</span> <span class='ocrx_word' id='word_1_460' title='bbox 1520 4245 1585 4318; x_wconf 90' lang='lat' dir='ltr'>tibi</span> <span class='ocrx_word' id='word_1_461' title='bbox 1599 4272 1609 4315; x_wconf 79' lang='lat' dir='ltr'>e</span> <span class='ocrx_word' id='word_1_462' title='bbox 1625 4247 1661 4316; x_wconf 80' lang='grc' dir='ltr'>δι</span> <span class='ocrx_word' id='word_1_463' title='bbox 1689 4245 1722 4317; x_wconf 92' lang='lat' dir='ltr'>in</span> <span class='ocrx_word' id='word_1_464' title='bbox 1733 4245 1789 4317; x_wconf 89' lang='lat' dir='ltr'>die</span> <span class='ocrx_word' id='word_1_465' title='bbox 1805 4240 1953 4317; x_wconf 91' lang='lat' dir='ltr'>tribula·</span> <span class='ocrx_word' id='word_1_466' title='bbox 1980 4265 2024 4337; x_wconf 74' lang='lat' dir='ltr'>po</span> 
     </span>
     <span class='ocr_line' id='line_1_38' title="bbox 278 4335 1952 4420; baseline 0.002 -8"><span class='ocrx_word' id='word_1_467' title='bbox 278 4362 321 4412; x_wconf 85' lang='lat' dir='ltr'>ce</span> <span class='ocrx_word' id='word_1_468' title='bbox 341 4337 647 4412; x_wconf 77' lang='lat' dir='ltr'>ronedicatl&#39;resb·</span> <span class='ocrx_word' id='word_1_469' title='bbox 663 4335 1088 4414; x_wconf 79' lang='lat' dir='ltr'>bencororionerrr.Alme</span> <span class='ocrx_word' id='word_1_470' title='bbox 1139 4338 1247 4410; x_wconf 87' lang='lat' dir='ltr'>tionis</span> <span class='ocrx_word' id='word_1_471' title='bbox 1276 4343 1525 4415; x_wconf 82' lang='lat' dir='ltr'>memorabitur</span> <span class='ocrx_word' id='word_1_472' title='bbox 1549 4342 1626 4416; x_wconf 86' lang='lat' dir='ltr'>tui.</span> <span class='ocrx_word' id='word_1_473' title='bbox 1654 4341 1751 4419; x_wconf 87' lang='lat' dir='ltr'>Sicut</span> <span class='ocrx_word' id='word_1_474' title='bbox 1778 4341 1952 4420; x_wconf 87' lang='lat' dir='ltr'>insereno</span> 
     </span>
     <span class='ocr_line' id='line_1_39' title="bbox 280 4432 1719 4629; baseline 0.003 -121"><span class='ocrx_word' id='word_1_475' title='bbox 280 4437 753 4607; x_wconf 26' lang='lat' dir='ltr'>pptertomniporenrsrerum</span> <span class='ocrx_word' id='word_1_476' title='bbox 768 4436 1087 4612; x_wconf 61' lang='lat' dir='ltr'>opuuiurpdcreatpr</span> <span class='ocrx_word' id='word_1_477' title='bbox 1138 4432 1288 4629; x_wconf 52' lang='lat' dir='ltr'>glappe&#39;sA</span> <span class='ocrx_word' id='word_1_478' title='bbox 1282 4435 1465 4514; x_wconf 85' lang='lat' dir='ltr'>solventur</span> <span class='ocrx_word' id='word_1_479' title='bbox 1478 4460 1535 4514; x_wconf 91' lang='lat' dir='ltr'>tua</span> <span class='ocrx_word' id='word_1_480' title='bbox 1553 4458 1719 4537; x_wconf 87' lang='lat' dir='ltr'>peccata.</span> 
     </span>
     <span class='ocr_line' id='line_1_40' title="bbox 321 4556 1396 4611; baseline -0.002 -1"><span class='ocrx_word' id='word_1_481' title='bbox 321 4556 473 4610; x_wconf 78' lang='lat' dir='ltr'>ommee</span> <span class='ocrx_word' id='word_1_482' title='bbox 501 4559 596 4610; x_wconf 81' lang='lat' dir='ltr'>curun</span> <span class='ocrx_word' id='word_1_483' title='bbox 635 4556 782 4610; x_wconf 86' lang='lat' dir='ltr'>ueret</span> <span class='ocrx_word' id='word_1_484' title='bbox 808 4561 867 4610; x_wconf 88' lang='lat' dir='ltr'>era</span> <span class='ocrx_word' id='word_1_485' title='bbox 905 4560 1034 4609; x_wconf 85' lang='lat' dir='ltr'>cere</span> <span class='ocrx_word' id='word_1_486' title='bbox 1073 4562 1086 4607; x_wconf 83' lang='lat' dir='ltr'>e</span> <span class='ocrx_word' id='word_1_487' title='bbox 1233 4583 1244 4606; x_wconf 87' lang='grc'><strong>.</strong></span> <span class='ocrx_word' id='word_1_488' title='bbox 1291 4559 1396 4611; x_wconf 89' lang='lat' dir='ltr'>men.</span> 
     </span>
     <span class='ocr_line' id='line_1_41' title="bbox 178 4559 1949 4738; baseline 0.003 -31"><span class='ocrx_word' id='word_1_489' title='bbox 178 4665 180 4669; x_wconf 92' lang='lat'>·</span> <span class='ocrx_word' id='word_1_490' title='bbox 207 4660 260 4738; x_wconf 74' lang='lat'>40</span> <span class='ocrx_word' id='word_1_491' title='bbox 279 4657 388 4730; x_wconf 90' lang='lat' dir='ltr'>quem</span> <span class='ocrx_word' id='word_1_492' title='bbox 403 4632 513 4708; x_wconf 83' lang='lat' dir='ltr'>nullus</span> <span class='ocrx_word' id='word_1_493' title='bbox 528 4635 638 4712; x_wconf 90' lang='lat' dir='ltr'>cernit</span> <span class='ocrx_word' id='word_1_494' title='bbox 649 4559 704 4707; x_wconf 47' lang='lat' dir='ltr'>ellit</span> <span class='ocrx_word' id='word_1_495' title='bbox 719 4638 829 4712; x_wconf 86' lang='lat' dir='ltr'>omnir</span> <span class='ocrx_word' id='word_1_496' title='bbox 840 4631 959 4710; x_wconf 87' lang='lat' dir='ltr'>laudat</span> <span class='ocrx_word' id='word_1_497' title='bbox 975 4634 1009 4707; x_wconf 91' lang='lat' dir='ltr'>in</span> <span class='ocrx_word' id='word_1_498' title='bbox 1026 4655 1089 4707; x_wconf 79' lang='lat' dir='ltr'>er·</span> <span class='ocrx_word' id='word_1_499' title='bbox 1191 4637 1293 4707; x_wconf 79' lang='lat' dir='ltr'>Dicar</span> <span class='ocrx_word' id='word_1_500' title='bbox 1306 4631 1458 4708; x_wconf 80' lang='lat' dir='ltr'>Presbr‘t.</span> <span class='ocrx_word' id='word_1_501' title='bbox 1473 4631 1704 4734; x_wconf 83' lang='lat' dir='ltr'>Erigitevos.</span> <span class='ocrx_word' id='word_1_502' title='bbox 1720 4636 1892 4728; x_wconf 82' lang='lat' dir='ltr'>Dominus</span> <span class='ocrx_word' id='word_1_503' title='bbox 1904 4635 1949 4713; x_wconf 85' lang='lat' dir='ltr'>sit</span> 
     </span>
     <span class='ocr_line' id='line_1_42' title="bbox 178 4731 2021 4839; baseline 0.001 -30"><span class='ocrx_word' id='word_1_504' title='bbox 178 4804 180 4809; x_wconf 25' lang='lat' dir='ltr'><em>s</em></span> <span class='ocrx_word' id='word_1_505' title='bbox 280 4731 378 4811; x_wconf 84' lang='lat' dir='ltr'>cellis</span> <span class='ocrx_word' id='word_1_506' title='bbox 396 4732 551 4833; x_wconf 82' lang='lat' dir='ltr'>angelico</span> <span class='ocrx_word' id='word_1_507' title='bbox 576 4732 666 4807; x_wconf 87' lang='lat' dir='ltr'>dulci</span> <span class='ocrx_word' id='word_1_508' title='bbox 682 4733 821 4833; x_wconf 85' lang='lat' dir='ltr'>fragore</span> <span class='ocrx_word' id='word_1_509' title='bbox 840 4732 989 4830; x_wconf 80' lang='lat' dir='ltr'>poteslas</span> <span class='ocrx_word' id='word_1_510' title='bbox 1008 4735 1090 4828; x_wconf 84' lang='lat' dir='ltr'>aqui</span> <span class='ocrx_word' id='word_1_511' title='bbox 1139 4733 1275 4830; x_wconf 87' lang='lat' dir='ltr'>semper</span> <span class='ocrx_word' id='word_1_512' title='bbox 1287 4731 1554 4833; x_wconf 58' lang='lat' dir='ltr'>vobiscum-qr.</span> <span class='ocrx_word' id='word_1_513' title='bbox 1569 4734 1611 4808; x_wconf 85' lang='lat' dir='ltr'>Et</span> <span class='ocrx_word' id='word_1_514' title='bbox 1626 4757 1728 4813; x_wconf 85' lang='lat' dir='ltr'>cum·</span> <span class='ocrx_word' id='word_1_515' title='bbox 1897 4755 1903 4763; x_wconf 87' lang='lat'>·</span> <span class='ocrx_word' id='word_1_516' title='bbox 1976 4758 2021 4839; x_wconf 84' lang='lat'>95</span> 
     </span>
     <span class='ocr_line' id='line_1_43' title="bbox 279 4833 1090 4929; baseline 0.002 -23"><span class='ocrx_word' id='word_1_517' title='bbox 279 4851 320 4906; x_wconf 90' lang='lat' dir='ltr'>ut</span> <span class='ocrx_word' id='word_1_518' title='bbox 347 4854 457 4929; x_wconf 79' lang='lat' dir='ltr'>genua</span> <span class='ocrx_word' id='word_1_519' title='bbox 484 4834 669 4906; x_wconf 85' lang='lat' dir='ltr'>humanum</span> <span class='ocrx_word' id='word_1_520' title='bbox 697 4859 715 4907; x_wconf 93' lang='lat' dir='ltr'>a</span> <span class='ocrx_word' id='word_1_521' title='bbox 743 4833 938 4909; x_wconf 86' lang='lat' dir='ltr'>discrimine</span> <span class='ocrx_word' id='word_1_522' title='bbox 966 4833 1090 4908; x_wconf 78' lang='lat' dir='ltr'>mortio</span> 
     </span>
     <span class='ocr_line' id='line_1_44' title="bbox 280 4928 1952 5035; baseline 0.003 -30"><span class='ocrx_word' id='word_1_523' title='bbox 280 4953 421 5005; x_wconf 82' lang='lat' dir='ltr'>eruerer</span> <span class='ocrx_word' id='word_1_524' title='bbox 449 4959 459 5000; x_wconf 81' lang='lat' dir='ltr'>r</span> <span class='ocrx_word' id='word_1_525' title='bbox 488 4933 524 5005; x_wconf 79' lang='grc' dir='ltr'>δι</span> <span class='ocrx_word' id='word_1_526' title='bbox 550 4931 692 5025; x_wconf 81' lang='lat' dir='ltr'>paradisi</span> <span class='ocrx_word' id='word_1_527' title='bbox 721 4932 855 5029; x_wconf 80' lang='lat' dir='ltr'>gaudiia</span> <span class='ocrx_word' id='word_1_528' title='bbox 885 4932 1090 5031; x_wconf 83' lang='lat' dir='ltr'>participem</span> <span class='ocrx_word' id='word_1_529' title='bbox 1190 4930 1304 5007; x_wconf 75' lang='lat' dir='ltr'>Leiiio</span> <span class='ocrx_word' id='word_1_530' title='bbox 1319 4928 1416 5007; x_wconf 81' lang='lat' dir='ltr'>Libri</span> <span class='ocrx_word' id='word_1_531' title='bbox 1431 4935 1708 5011; x_wconf 67' lang='lat' dir='ltr'>normanno.</span> <span class='ocrx_word' id='word_1_532' title='bbox 1726 4935 1858 5027; x_wconf 61' lang='lat' dir='ltr'>&amp;Deo</span> <span class='ocrx_word' id='word_1_533' title='bbox 1871 4959 1952 5035; x_wconf 88' lang='lat' dir='ltr'>gra·</span> 
     </span>
     <span class='ocr_line' id='line_1_45' title="bbox 284 5026 1952 5109; baseline 0 -4"><span class='ocrx_word' id='word_1_534' title='bbox 284 5031 450 5105; x_wconf 67' lang='lat' dir='ltr'>iacerent</span> <span class='ocrx_word' id='word_1_535' title='bbox 480 5027 617 5103; x_wconf 89' lang='lat' dir='ltr'>unicum</span> <span class='ocrx_word' id='word_1_536' title='bbox 642 5026 752 5104; x_wconf 84' lang='lat' dir='ltr'>filium</span> <span class='ocrx_word' id='word_1_537' title='bbox 778 5052 875 5106; x_wconf 89' lang='lat' dir='ltr'>tuum</span> <span class='ocrx_word' id='word_1_538' title='bbox 900 5031 1089 5109; x_wconf 88' lang='lat' dir='ltr'>Dominum</span> <span class='ocrx_word' id='word_1_539' title='bbox 1141 5030 1235 5108; x_wconf 66' lang='lat' dir='ltr'>tiar-</span> <span class='ocrx_word' id='word_1_540' title='bbox 1847 5041 1952 5108; x_wconf 71' lang='lat' dir='ltr'>call.</span> 
     </span>
     <span class='ocr_line' id='line_1_46' title="bbox 211 5121 1949 5227; baseline 0.001 -24"><span class='ocrx_word' id='word_1_541' title='bbox 211 5149 261 5226; x_wconf 72' lang='lat'>45</span> <span class='ocrx_word' id='word_1_542' title='bbox 284 5128 434 5203; x_wconf 84' lang='lat' dir='ltr'>nostrum</span> <span class='ocrx_word' id='word_1_543' title='bbox 443 5121 553 5210; x_wconf 87' lang='lat' dir='ltr'>Jesum</span> <span class='ocrx_word' id='word_1_544' title='bbox 568 5127 738 5203; x_wconf 80' lang='lat' dir='ltr'>Christum</span> <span class='ocrx_word' id='word_1_545' title='bbox 752 5156 764 5198; x_wconf 75' lang='lat'>.-</span> <span class='ocrx_word' id='word_1_546' title='bbox 777 5126 939 5216; x_wconf 75' lang='lat' dir='ltr'>ineffabli</span> <span class='ocrx_word' id='word_1_547' title='bbox 957 5131 1088 5227; x_wconf 90' lang='lat' dir='ltr'>pietate</span> <span class='ocrx_word' id='word_1_548' title='bbox 1202 5130 1236 5203; x_wconf 95' lang='lat' dir='ltr'>N</span> <span class='ocrx_word' id='word_1_549' title='bbox 1251 5124 1317 5201; x_wconf 82' lang='lat' dir='ltr'>illis</span> <span class='ocrx_word' id='word_1_550' title='bbox 1330 5127 1450 5206; x_wconf 76' lang='lat' dir='ltr'>diebus</span> <span class='ocrx_word' id='word_1_551' title='bbox 1466 5181 1479 5205; x_wconf 83' lang='grc'><strong>.</strong></span> <span class='ocrx_word' id='word_1_552' title='bbox 1501 5132 1708 5208; x_wconf 71' lang='lat' dir='ltr'>locutusesi</span> <span class='ocrx_word' id='word_1_553' title='bbox 1719 5132 1894 5209; x_wconf 82' lang='lat' dir='ltr'>Dominus</span> <span class='ocrx_word' id='word_1_554' title='bbox 1907 5133 1949 5206; x_wconf 90' lang='lat' dir='ltr'>ad</span> 
     </span>
     <span class='ocr_line' id='line_1_47' title="bbox 283 5224 2024 5328; baseline 0.004 -32"><span class='ocrx_word' id='word_1_555' title='bbox 283 5224 426 5324; x_wconf 89' lang='lat' dir='ltr'>plenum</span> <span class='ocrx_word' id='word_1_556' title='bbox 440 5229 480 5298; x_wconf 88' lang='lat' dir='ltr'>ad</span> <span class='ocrx_word' id='word_1_557' title='bbox 504 5247 613 5298; x_wconf 86' lang='lat' dir='ltr'>terras</span> <span class='ocrx_word' id='word_1_558' title='bbox 626 5225 771 5301; x_wconf 86' lang='lat' dir='ltr'>mittete</span> <span class='ocrx_word' id='word_1_559' title='bbox 794 5251 830 5298; x_wconf 88' lang='lat' dir='ltr'>es</span> <span class='ocrx_word' id='word_1_560' title='bbox 847 5230 1007 5324; x_wconf 83' lang='lat' dir='ltr'>dignatus</span> <span class='ocrx_word' id='word_1_561' title='bbox 1022 5260 1031 5302; x_wconf 72' lang='grc' dir='ltr'><em>ε</em></span> <span class='ocrx_word' id='word_1_562' title='bbox 1048 5248 1086 5305; x_wconf 91' lang='lat' dir='ltr'>ut</span> <span class='ocrx_word' id='word_1_563' title='bbox 1210 5229 1360 5323; x_wconf 86' lang='lat' dir='ltr'>Moysen</span> <span class='ocrx_word' id='word_1_564' title='bbox 1373 5228 1516 5305; x_wconf 83' lang='lat' dir='ltr'>dicent.</span> <span class='ocrx_word' id='word_1_565' title='bbox 1548 5234 1706 5328; x_wconf 86' lang='lat' dir='ltr'>loquere</span> <span class='ocrx_word' id='word_1_566' title='bbox 1722 5230 1806 5308; x_wconf 78' lang='lat' dir='ltr'>liliis</span> <span class='ocrx_word' id='word_1_567' title='bbox 1824 5229 1948 5309; x_wconf 76' lang='lat' dir='ltr'>israele</span> <span class='ocrx_word' id='word_1_568' title='bbox 1976 5246 2024 5306; x_wconf 82' lang='lat' dir='ltr'>rot</span> 
     </span>
     <span class='ocr_line' id='line_1_48' title="bbox 283 5322 1948 5440; baseline 0.005 -43"><span class='ocrx_word' id='word_1_569' title='bbox 283 5324 395 5440; x_wconf 85' lang='lat' dir='ltr'>prisce</span> <span class='ocrx_word' id='word_1_570' title='bbox 410 5322 494 5424; x_wconf 85' lang='lat' dir='ltr'>legis</span> <span class='ocrx_word' id='word_1_571' title='bbox 519 5323 728 5397; x_wconf 85' lang='lat' dir='ltr'>sacramenta</span> <span class='ocrx_word' id='word_1_572' title='bbox 746 5328 1002 5421; x_wconf 86' lang='lat' dir='ltr'>&amp;prophetica</span> <span class='ocrx_word' id='word_1_573' title='bbox 1027 5329 1087 5402; x_wconf 87' lang='lat' dir='ltr'>ad·</span> <span class='ocrx_word' id='word_1_574' title='bbox 1138 5329 1174 5398; x_wconf 72' lang='grc' dir='ltr'>ἃ</span> <span class='ocrx_word' id='word_1_575' title='bbox 1188 5325 1283 5398; x_wconf 84' lang='lat' dir='ltr'>dicet</span> <span class='ocrx_word' id='word_1_576' title='bbox 1298 5330 1340 5402; x_wconf 90' lang='lat' dir='ltr'>ad</span> <span class='ocrx_word' id='word_1_577' title='bbox 1356 5353 1445 5407; x_wconf 83' lang='lat' dir='ltr'>eor.</span> <span class='ocrx_word' id='word_1_578' title='bbox 1469 5332 1597 5408; x_wconf 90' lang='lat' dir='ltr'>Ponite</span> <span class='ocrx_word' id='word_1_579' title='bbox 1621 5331 1686 5402; x_wconf 89' lang='lat' dir='ltr'>hcc</span> <span class='ocrx_word' id='word_1_580' title='bbox 1701 5332 1809 5408; x_wconf 86' lang='lat' dir='ltr'>verba</span> <span class='ocrx_word' id='word_1_581' title='bbox 1823 5357 1901 5406; x_wconf 89' lang='lat' dir='ltr'>mea</span> <span class='ocrx_word' id='word_1_582' title='bbox 1914 5334 1948 5406; x_wconf 92' lang='lat' dir='ltr'>iu</span> 
     </span>
     <span class='ocr_line' id='line_1_49' title="bbox 283 5419 1948 5620; baseline 0.004 -24"><span class='ocrx_word' id='word_1_583' title='bbox 283 5419 799 5598; x_wconf 57' lang='lat' dir='ltr'>{lll‘ltllllltsislf</span> <span class='ocrx_word' id='word_1_584' title='bbox 813 5422 1104 5599; x_wconf 48' lang='lat' dir='ltr'>illidit·</span> <span class='ocrx_word' id='word_1_585' title='bbox 1141 5424 1354 5620; x_wconf 58' lang='lat' dir='ltr'>{illiti</span> <span class='ocrx_word' id='word_1_586' title='bbox 1369 5428 1948 5605; x_wconf 57' lang='lat' dir='ltr'>illitiltllftliit‘tll</span> 
     </span>
     <span class='ocr_line' id='line_1_50' title="bbox 216 5553 1949 5721; baseline 0.003 -24"><span class='ocrx_word' id='word_1_587' title='bbox 216 5645 263 5721; x_wconf 79' lang='lat'>50</span> <span class='ocrx_word' id='word_1_588' title='bbox 286 5599 381 5698; x_wconf 80' lang='lat' dir='ltr'>olnni</span> <span class='ocrx_word' id='word_1_589' title='bbox 397 5618 530 5718; x_wconf 90' lang='lat' dir='ltr'>populo</span> <span class='ocrx_word' id='word_1_590' title='bbox 545 5617 648 5695; x_wconf 84' lang='lat' dir='ltr'>laudis</span> <span class='ocrx_word' id='word_1_591' title='bbox 667 5643 842 5698; x_wconf 89' lang='lat' dir='ltr'>concentu</span> <span class='ocrx_word' id='word_1_592' title='bbox 858 5619 1010 5698; x_wconf 81' lang='lat' dir='ltr'>consono</span> <span class='ocrx_word' id='word_1_593' title='bbox 1025 5646 1093 5697; x_wconf 88' lang='lat' dir='ltr'>vo·</span> <span class='ocrx_word' id='word_1_594' title='bbox 1142 5619 1198 5699; x_wconf 83' lang='lat' dir='ltr'>lor</span> <span class='ocrx_word' id='word_1_595' title='bbox 1213 5623 1342 5700; x_wconf 81' lang='lat' dir='ltr'>vestros</span> <span class='ocrx_word' id='word_1_596' title='bbox 1356 5553 1555 5703; x_wconf 71' lang='lat' dir='ltr'>gconlocare</span> <span class='ocrx_word' id='word_1_597' title='bbox 1571 5677 1582 5697; x_wconf 90' lang='lat'><strong>.</strong></span> <span class='ocrx_word' id='word_1_598' title='bbox 1610 5630 1747 5705; x_wconf 85' lang='lat' dir='ltr'>Dorete</span> <span class='ocrx_word' id='word_1_599' title='bbox 1776 5627 1871 5704; x_wconf 84' lang='lat' dir='ltr'>filios</span> <span class='ocrx_word' id='word_1_600' title='bbox 1887 5651 1949 5700; x_wconf 86' lang='lat' dir='ltr'>vt·</span> 
     </span>
     <span class='ocr_line' id='line_1_51' title="bbox 287 5717 2019 5810; baseline 0.003 -17"><span class='ocrx_word' id='word_1_601' title='bbox 287 5745 326 5793; x_wconf 91' lang='lat' dir='ltr'>ce</span> <span class='ocrx_word' id='word_1_602' title='bbox 344 5747 353 5790; x_wconf 82' lang='lat' dir='ltr'>e</span> <span class='ocrx_word' id='word_1_603' title='bbox 370 5722 507 5794; x_wconf 85' lang='lat' dir='ltr'>Osanna</span> <span class='ocrx_word' id='word_1_604' title='bbox 523 5717 746 5797; x_wconf 87' lang='lat' dir='ltr'>clamantibus</span> <span class='ocrx_word' id='word_1_605' title='bbox 760 5723 894 5798; x_wconf 87' lang='lat' dir='ltr'>audiret</span> <span class='ocrx_word' id='word_1_606' title='bbox 912 5769 923 5792; x_wconf 87' lang='lat'><strong>·</strong></span> <span class='ocrx_word' id='word_1_607' title='bbox 949 5722 1008 5800; x_wconf 92' lang='lat' dir='ltr'>Ob</span> <span class='ocrx_word' id='word_1_608' title='bbox 1021 5723 1090 5797; x_wconf 90' lang='lat' dir='ltr'>hoc</span> <span class='ocrx_word' id='word_1_609' title='bbox 1140 5723 1226 5799; x_wconf 79' lang='lat' dir='ltr'>siros</span> <span class='ocrx_word' id='word_1_610' title='bbox 1247 5747 1258 5792; x_wconf 82' lang='lat' dir='ltr'>a</span> <span class='ocrx_word' id='word_1_611' title='bbox 1283 5744 1323 5797; x_wconf 91' lang='lat' dir='ltr'>ut</span> <span class='ocrx_word' id='word_1_612' title='bbox 1340 5720 1396 5800; x_wconf 86' lang='lat' dir='ltr'>illa</span> <span class='ocrx_word' id='word_1_613' title='bbox 1413 5731 1650 5801; x_wconf 87' lang='lat' dir='ltr'>meditentur.</span> <span class='ocrx_word' id='word_1_614' title='bbox 1676 5729 1831 5810; x_wconf 86' lang='lat' dir='ltr'>Quando</span> <span class='ocrx_word' id='word_1_615' title='bbox 1851 5727 1945 5800; x_wconf 90' lang='lat' dir='ltr'>sede·</span> <span class='ocrx_word' id='word_1_616' title='bbox 1971 5732 2019 5808; x_wconf 81' lang='lat'>105</span> 
     </span>
     <span class='ocr_line' id='line_1_52' title="bbox 287 5818 1942 5918; baseline 0.004 -26"><span class='ocrx_word' id='word_1_617' title='bbox 287 5822 400 5893; x_wconf 84' lang='lat' dir='ltr'>&amp;nos</span> <span class='ocrx_word' id='word_1_618' title='bbox 416 5818 547 5918; x_wconf 81' lang='lat' dir='ltr'>indigni</span> <span class='ocrx_word' id='word_1_619' title='bbox 564 5825 636 5910; x_wconf 78' lang='lat' dir='ltr'>eius</span> <span class='ocrx_word' id='word_1_620' title='bbox 652 5822 684 5893; x_wconf 92' lang='lat' dir='ltr'>in</span> <span class='ocrx_word' id='word_1_621' title='bbox 708 5818 809 5895; x_wconf 88' lang='lat' dir='ltr'>laude</span> <span class='ocrx_word' id='word_1_622' title='bbox 824 5823 1008 5900; x_wconf 88' lang='lat' dir='ltr'>cumomni</span> <span class='ocrx_word' id='word_1_623' title='bbox 1039 5822 1091 5896; x_wconf 88' lang='lat' dir='ltr'>le·</span> <span class='ocrx_word' id='word_1_624' title='bbox 1139 5822 1187 5896; x_wconf 85' lang='lat' dir='ltr'>rit</span> <span class='ocrx_word' id='word_1_625' title='bbox 1215 5823 1251 5896; x_wconf 93' lang='lat' dir='ltr'>in</span> <span class='ocrx_word' id='word_1_626' title='bbox 1279 5824 1390 5900; x_wconf 90' lang='lat' dir='ltr'>domo</span> <span class='ocrx_word' id='word_1_627' title='bbox 1421 5843 1478 5899; x_wconf 92' lang='lat' dir='ltr'>tua</span> <span class='ocrx_word' id='word_1_628' title='bbox 1512 5829 1585 5901; x_wconf 81' lang='lat' dir='ltr'>a&amp;</span> <span class='ocrx_word' id='word_1_629' title='bbox 1613 5822 1843 5902; x_wconf 76' lang='lat' dir='ltr'>ambulaveris</span> <span class='ocrx_word' id='word_1_630' title='bbox 1869 5824 1942 5901; x_wconf 64' lang='lat' dir='ltr'>ins</span> 
     </span>
     <span class='ocr_line' id='line_1_53' title="bbox 288 5918 1942 6022; baseline 0.004 -31"><span class='ocrx_word' id='word_1_631' title='bbox 288 5918 369 5992; x_wconf 85' lang='lat' dir='ltr'>ticio</span> <span class='ocrx_word' id='word_1_632' title='bbox 388 5919 1089 6020; x_wconf 81' lang='lat' dir='ltr'>concinenteoetesupplicesquesumusa</span> <span class='ocrx_word' id='word_1_633' title='bbox 1138 5921 1196 5995; x_wconf 87' lang='lat' dir='ltr'>via</span> <span class='ocrx_word' id='word_1_634' title='bbox 1228 5948 1240 5992; x_wconf 79' lang='lat' dir='ltr'>r</span> <span class='ocrx_word' id='word_1_635' title='bbox 1282 5926 1318 5998; x_wconf 77' lang='grc' dir='ltr'>δι</span> <span class='ocrx_word' id='word_1_636' title='bbox 1352 5924 1547 5998; x_wconf 86' lang='lat' dir='ltr'>accubueris</span> <span class='ocrx_word' id='word_1_637' title='bbox 1583 5944 1685 6022; x_wconf 87' lang='lat' dir='ltr'>atque</span> <span class='ocrx_word' id='word_1_638' title='bbox 1715 5924 1942 6000; x_wconf 76' lang='lat' dir='ltr'>surrexerint</span> 
     </span>
     <span class='ocr_line' id='line_1_54' title="bbox 285 6015 1943 6125; baseline -0.001 -32"><span class='ocrx_word' id='word_1_639' title='bbox 285 6032 323 6093; x_wconf 87' lang='lat' dir='ltr'>te</span> <span class='ocrx_word' id='word_1_640' title='bbox 338 6015 482 6097; x_wconf 82' lang='lat' dir='ltr'>bumilet</span> <span class='ocrx_word' id='word_1_641' title='bbox 506 6018 727 6123; x_wconf 65' lang='lat' dir='ltr'>sagitamusr</span> <span class='ocrx_word' id='word_1_642' title='bbox 741 6043 779 6102; x_wconf 84' lang='lat' dir='ltr'>ut</span> <span class='ocrx_word' id='word_1_643' title='bbox 794 6045 857 6104; x_wconf 82' lang='lat' dir='ltr'>not</span> <span class='ocrx_word' id='word_1_644' title='bbox 871 6020 1090 6109; x_wconf 74' lang='lat' dir='ltr'>rumusculo</span> <span class='ocrx_word' id='word_1_645' title='bbox 1136 6018 1265 6102; x_wconf 79' lang='lat' dir='ltr'>scribet</span> <span class='ocrx_word' id='word_1_646' title='bbox 1301 6046 1344 6120; x_wconf 88' lang='lat' dir='ltr'>ea</span> <span class='ocrx_word' id='word_1_647' title='bbox 1387 6021 1698 6125; x_wconf 72' lang='lat' dir='ltr'>superpollet&amp;</span> <span class='ocrx_word' id='word_1_648' title='bbox 1725 6028 1847 6112; x_wconf 78' lang='lat' dir='ltr'>ianuar</span> <span class='ocrx_word' id='word_1_649' title='bbox 1882 6022 1943 6093; x_wconf 91' lang='lat' dir='ltr'>do·</span> 
     </span>
     <span class='ocr_line' id='line_1_55' title="bbox 1037 6140 1942 6198; baseline -0.003 0"><span class='ocrx_word' id='word_1_650' title='bbox 1037 6153 1044 6163; x_wconf 92' lang='lat'><strong>·</strong></span> <span class='ocrx_word' id='word_1_651' title='bbox 1869 6140 1942 6198; x_wconf 81' lang='lat' dir='ltr'>mut</span> 
     </span>
    </p>
   </div>
   <div class='ocr_carea' id='block_1_2' title="bbox 0 0 2230 7206">
    <p class='ocr_par' dir='ltr' id='par_1_2' title="bbox 0 0 2230 7206">
     <span class='ocr_line' id='line_1_56' title="bbox 0 0 2230 7206; baseline 0 0"><span class='ocrx_word' id='word_1_652' title='bbox 0 0 2230 7206; x_wconf 95' lang='lat' dir='ltr'> </span> 
     </span>
    </p>
   </div>
  </div>
 </body>
</html>
