4450 7209
274 755 358 828 '¹30
629 726 883 804 DOMlNlCA
913 724 1118 823 QJARTA
1142 721 1195 799 IN
1221 716 1636 816 QJADRAGESIMA.·
1748 723 1753 734 '

205 860 210 869 ·
288 850 344 908 tes
362 827 427 903 esse
443 829 638 905 virtutem.
667 833 751 917 Qo
781 829 870 904 enim
892 824 1105 922 ficloquere·

289 950 349 1006 tur
367 924 558 1003 litterarum
576 926 744 1000 elementa
760 925 1105 1001 nesciensrammira·
1403 912 1659 1030 ,Ῥθθρζῖἅῖὺ
1843 936 1850 942 ’
1937 945 1944 958 ’
1992 932 2025 1022 ss

212 1071 214 1076 ·
288 1028 417 1103 bantur
434 1030 595 1100 videntes
610 1024 977 1100 hominem:&Deum
994 1023 1103 1100 omni·
1200 1019 1263 1094 Esu
1278 1019 1346 1095 Dei
1361 1014 1479 1092 filinsa
1511 1037 1568 1107 qur
1584 1016 1694 1089 noller
1709 1017 1821 1093 cauus
1841 1034 1880 1088 ec
1895 1014 1961 1089 ad·

290 1129 400 1204 modo
414 1124 604 1197 nescientes
618 1173 628 1194 .
643 1125 728 1197 Ecce
744 1148 864 1199 omnes
878 1125 1104 1198 ammiraban-
1137 1027 1181 1233 J
1196 1140 1352 1195 vocatus
1367 1146 1376 1187 ε
1390 1115 1447 1211 qui
1464 1114 1533 1186 sine
1545 1134 1704 1207 ternpore
1736 1135 1836 1192 natus
1851 1141 1871 1189 a
1890 1118 1962 1190 Pa·

237 1240 351 1316 stur
368 1246 379 1295 t
398 1248 460 1297 nec
486 1244 603 1296 tamen
631 1246 754 1296 omnes
783 1223 1104 1301 convertebantur.
1143 1244 1226 1296 trec
1253 1218 1286 1290 in
1315 1236 1476 1310 tempore
1493 1212 1678 1302 processisti
1706 1240 1752 1291 ex
1781 1215 1957 1313 Virginea
1990 1238 1999 1260 ·

195 1375 217 1415 q
291 1325 463 1398 Omnibus
491 1322 627 1415 quidem
655 1341 727 1396 erat
749 1324 783 1395 in
817 1323 932 1396 verbis
962 1320 1102 1394 Domini
1142 1318 1273 1414 Accipe
1299 1315 1368 1389 hoc
1394 1312 1598 1388 sacrificium
1623 1317 1719 1404 quod
1741 1315 1804 1389 tibi
1833 1312 1959 1387 offeri·
1987 1315 2027 1390 60

291 1424 510 1498 ammirarioe
529 1419 584 1489 sed
600 1442 670 1493 non
685 1421 842 1496 omnibus
866 1421 898 1493 in
918 1419 1015 1494 factis
1029 1423 1102 1505 ejus
1142 1443 1236 1492 musa
1255 1413 1421 1511 presentis
1437 1410 1692 1509 quadragefime
1704 1435 1866 1508 tempore
1883 1437 1959 1487 me·

292 1519 508 1593 credulitatis
535 1520 645 1591 inerat
673 1517 870 1614 plenitudo.
896 1522 993 1594 Unde
1026 1517 1103 1613 quia
1142 1519 1258 1592 diante
1276 1540 1286 1582 r
1302 1531 1339 1587 ut
1357 1539 1375 1587 a
1392 1530 1427 1610 te
1442 1513 1695 1585 sanctificentur
1723 1512 1840 1587 oblata
1858 1539 1868 1581 a
1886 1530 1959 1584 ate

295 1616 569 1714 ignoraverunta
581 1614 729 1712 ignorati
747 1616 821 1692 sunt
836 1645 845 1686 a
860 1620 895 1691 dc
911 1619 973 1712 qui
989 1619 1102 1692 Deum
1143 1617 1255 1692 noslra
1273 1610 1456 1707 expientur
1472 1608 1595 1682 delisia
1613 1636 1623 1680 ε
1639 1634 1657 1682 a
1682 1630 1719 1682 te
1732 1635 1873 1705 quoque
1887 1612 1959 1685 do·

221 1734 266 1789 10
294 1716 445 1791 in'carne
473 1715 619 1812 posttum
651 1714 812 1789 videntes
839 1739 1103 1814 noncognove·
1143 1735 1246 1786 netur
1262 1710 1418 1787 omnibus
1448 1728 1569 1783 eterne
1588 1707 1955 1803 promiffionisselici-

214 1888 222 1917 ί
246 1858 250 1865 -
290 1835 372 1889 runt
387 1842 397 1884 a
415 1811 615 1910 ignorantie
642 1810 700 1886 sue
717 1814 875 1888 obcecati
893 1814 1048 1886 malicia:
1066 1815 1101 1886 in
1146 1832 1197 1888 tas
1212 1827 1381 1907 exoptata
1396 1857 1407 1877 ·
1428 1817 1477 1902 βε.
1495 1812 1636 1881 Amen.
1987 1810 2026 1901 65

292 1911 358 1983 suis
385 1911 536 1983 tenebris
572 1911 841 1984 remanserunt.
882 1913 958 1986 Nos
990 1910 1103 2010 igitur
1193 1906 1958 2002 Arconfrauronempanis.Ana‘suDomi·

289 2009 477 2106 quamlibet
495 2011 639 2084 eundern
652 2009 840 2084 Dominum
867 2010 980 2087 lesum
995 2010 1102 2085 Clari·
1144 2033 1187 2083 ne
1201 2014 1244 2086 da
1262 2008 1370 2081 escam
1384 2005 1485 2081 nobis
1513 2005 1546 2077 in
1566 2023 1728 2102 tempore
1740 2029 1958 2104 opportunos

290 2108 499 2184 stumfilium
529 2129 625 2182 tuum
651 2107 891 2204 corporalibus
904 2109 1011 2184 oculis
1031 2133 1101 2194 non
1143 2108 1237 2206 aperi
1260 2131 1392 2181 manum
1418 2122 1512 2180 tuam
1537 2105 1573 2180 ἃ
1600 2102 1703 2205 imple
1726 2110 1957 2184 omnemani·

219 2223 262 2300 15
293 2210 479 2281 viderimus
496 2203 528 2276 in
546 2229 647 2281 carne
680 2233 690 2276 a
721 2206 892 2281 veraciter
916 2211 1104 2285 camensci-
1144 2233 1232 2288 mam
1247 2202 1516 2280 benedictione.

211 2354 251 2399 ,Ἰ
289 2329 364 2380 mus
382 2306 549 2378 credimus
577 2310 612 2378 δι
642 2307 786 2380 fatemur
812 2329 892 2378 cum
923 2325 1037 2384 tecum
1065 2313 1102 2385 δε
1987 2325 2025 2404 70

250 2405 253 2410 ’
290 2429 368 2479 cum
384 2405 511 2500 Spiritu
522 2405 644 2480 Sanslo
659 2429 760 2480 unum
775 2405 885 2480 Deum
903 2409 968 2480 else
983 2406 1104 2483 inTri·
1298 2406 1360 2476 Ad
1373 2406 1559 2477 orationem
1575 2405 1808 2478 Dominiranrj

291 2505 429 2577 nitate.
455 2505 699 2600 Affumptaque
726 2529 827 2581 carne
843 2505 955 2580 nostre
971 2528 1103 2583 morta·
1252 2503 1364 2578 Hrisle
1394 2504 1512 2597 quies
1539 2504 1690 2579 omnium
1719 2522 1959 2581 creaturarum

295 2598 402 2674 litatis
418 2625 485 2696 pro
497 2601 644 2698 pignore
659 2605 771 2677 noslre
783 2601 897 2677 salutis
915 2605 1101 2699 deportas·
1259 2601 1470 2677 conditor&
1486 2601 1714 2698 redemptore
1731 2627 1853 2697 repara
1866 2614 1957 2699 que·

218 2715 267 2771 so
294 2698 328 2772 se
345 2701 377 2771 in
393 2698 474 2770 celis
489 2747 499 2769 .
524 2702 582 2774 Ob
600 2704 667 2776 hoc
684 2722 718 2776 te
734 2701 911 2795 quesumus
933 2700 1049 2776 sanste
1066 2706 1103 2778 δι
1146 2727 1213 2798 que
1226 2702 1302 2775 sunt
1319 2701 1351 2772 in
1366 2698 1465 2774 nobis
1492 2695 1567 2772 lassa
1581 2700 1719 2776 virtutis
1748 2720 1807 2774 rue
1827 2722 1959 2797 poten·

218 2873 227 2883 .
294 2798 1102 2896 piissimeDeusaurhecnosconseffioperdu·
1147 2801 1221 2874 tia.
1251 2803 1298 2872 Ut
1312 2798 1370 2892 qui
1385 2798 1522 2870 reduce
1536 2799 1714 2872 retroasie
1747 2799 1949 2877 abstinencie
1987 2820 2024 2900 75

291 2914 349 2971 cat
381 2898 421 2969 ad
447 2894 618 2993 gloriam:
643 2901 708 2971 hec
735 2896 924 2975 credulitas
949 2898 1101 2976 secreta
1147 2899 1220 2972 dies
1235 2896 1438 2993 peregrinus
1456 2926 1465 2966 ε
1481 2895 1594 2969 sutura
1619 2920 1685 2989 que
1713 2896 1958 2993 supersuntjc·

295 3014 414 3068 morte
432 2996 576 3069 secunda
594 3025 603 3066 ε
619 2997 682 3069 bec
699 2998 773 3093 spes
788 2999 823 3070 &
838 3001 871 3071 in
886 2997 938 3070 his
952 2999 1100 3074 erumnis
1147 2997 1318 3086 juniorum
1332 2994 1494 3091 obsequia
1512 3024 1521 3063 a
1537 3012 1575 3064 te
1590 2996 1776 3079 adjuvante
1787 2996 1958 3071 celebrius

291 3089 495 3189 lugentibus
514 3091 787 3171 consolationem
814 3095 1000 3168 exhibeat:
1015 3100 1050 3171 δι
1067 3097 1101 3170 ἰη
1150 3093 1375 3193 impleamus.
1400 3117 1472 3188 quo
1489 3111 1524 3166 te
1540 3095 1575 3164 δι
1592 3093 1624 3164 in
1642 3094 1813 3169 bonorum
1826 3098 1957 3190 princi·

218 3204 239 3268 2
245 3209 265 3285 5
294 3211 453 3265 eternum
473 3195 595 3290 gaudia
611 3196 772 3269 conserat
799 3195 1031 3291 sempiterna.
1054 3200 1101 3271 Ut
1150 3196 1216 3293 piis
1236 3191 1306 3266 laus
1321 3219 1339 3266 a
1357 3191 1457 3268 nobis
1470 3190 1586 3263 debita
1611 3190 1854 3287 subsequatur:
1870 3199 1906 3268 ἃ
1924 3196 1958 3268 in
2011 3217 2015 3223 ·

216 3340 225 3367 r
292 3314 371 3365 cum
387 3293 461 3386 post
477 3293 551 3364 vire
565 3294 666 3379 hujus
696 3292 872 3368 excursum
901 3295 1102 3387 perveneri·
1149 3291 1268 3370 urediis
1285 3288 1343 3363 vel
1362 3290 1488 3366 ultimis
1512 3288 1716 3384 obsequellis
1744 3319 1753 3357 a
1782 3294 1957 3368 honorili·
1986 3296 2022 3372 to

292 3413 366 3464 mus
380 3393 422 3461 ad
441 3389 585 3484 superne
613 3391 809 3465 vocationis
833 3391 984 3465 bravium
998 3392 1100 3465 delli·
1149 3392 1265 3467 centie
1281 3389 1345 3462 tibi
1365 3389 1476 3488 gratie
1490 3390 1716 3462 deferantur.
1742 3392 1875 3490 Accipe
1902 3419 1958 3467 er·

296 3509 418 3559 natum
437 3490 493 3559 a&
511 3489 696 3563 viderimus
712 3491 835 3585 pignus
865 3490 975 3562 carnis
991 3494 1100 3565 nollre
1151 3515 1201 3588 go
1216 3489 1394 3586 quesumus
1428 3489 1526 3573 hujus
1549 3487 1669 3570 jejunii
1698 3507 1857 3583 tempore
1886 3517 1957 3564 me·

295 3581 530 3681 glorificatum
562 3590 628 3659 esse
642 3588 675 3659 in
691 3589 800 3660 Deum
826 3614 836 3655 a
866 3585 1102 3685 glorificentur
1150 3589 1267 3662 diante
1290 3585 1459 3682 prolatam
1478 3613 1496 3660 a
1513 3587 1614 3657 nobis
1642 3587 1728 3657 huuc
1756 3591 1960 3684 perceptio·

216 3700 268 3779 30
296 3708 448 3779 corpora
465 3685 856 3780 nostraacapitecsrcut
894 3684 1103 3762 lorificarum
1149 3687 1200 3759 nis
1216 3705 1274 3760 tue
1291 3687 1433 3759 bolliam
1463 3710 1473 3752 a
1502 3679 1656 3759 tribuens
1672 3685 1771 3756 nobis
1786 3711 1850 3781 per
1867 3686 1956 3764 illam
2020 3733 2022 3737 ν

296 3802 402 3878 caput
420 3783 569 3856 nostrum
586 3785 770 3858 viderimus
797 3786 830 3856 in
849 3712 960 3880 gioria
974 3785 1101 3859 divini·
1149 3783 1412 3881 &presentibus
1440 3806 1508 3854 non
1536 3782 1637 3865 dejici
1657 3781 1690 3854 in
1708 3786 1857 3858 erumnis
1884 3815 1894 3856 ε
1920 3789 1955 3861 dr
1990 3794 2025 3885 85

296 3883 377 3954 tatis
391 3881 475 3952 sue.
505 3882 560 3954 Sic
587 3885 621 3954 δι
651 3907 714 3959 nos
739 3883 795 3977 qui
831 3880 937 3958 sumus
954 3884 1103 3958 membra
1148 3885 1270 3958 suturis
1286 3880 1435 3957 revelari
1447 3882 1490 3952 de
1501 3881 1636 3978 gaudiis
1655 3906 1750 3957 :cum
1764 3884 1805 3954 ad
1822 3903 1858 3955 re
1874 3911 1956 3982 pro·

295 3980 420 4073 capitis
437 3980 538 4054 nollri
552 3979 628 4063 Jesu
644 3982 783 4058 Chrillo
803 3979 960 4058 Domino
987 3984 1103 4056 nostro
1148 3981 1411 4060 clamaverimus
1427 4002 1446 4051 e
1463 3980 1565 4053 terris
1580 4027 1590 4046 .
1607 3982 1856 4054 Paternosler.

296 4100 364 4246 fro
375 4079 524 4173 acceptis
542 4081 733 4154 muneribus
764 4082 878 4178 gratie
909 4081 963 4154 sue
980 4106 1103 4156 conce·
1196 4085 1297 4152 Dicat
1311 4077 1431 4152 mess.
1449 4076 1634 4153 Humiliate
1662 4103 1728 4151 vos
1747 4078 1960 4171 benedi6iiof

219 4191 240 4267 3
247 4192 266 4265 5
308 4176 464 4248 ebremur
496 4177 660 4270 hymnum
687 4179 936 4270 redemptionis
960 4181 1074 4254 nostre
1091 4203 1102 4246 a
1148 4181 1184 4254 ni
1200 4229 1209 4247 .
1223 4180 1389 4252 Dominus
1405 4177 1446 4250 srt
1462 4176 1598 4277 semper
1614 4175 1819 4253 vobiscum.

227 4317 236 4348 r·
294 4270 548 4370 proclamantes
564 4296 663 4365 atque
681 4277 728 4348 ita
743 4277 920 4349 dicentes.
1198 4278 1416 4374 stnEtcum·
1990 4303 2035 4374 90

344 4385 392 4467 ijo
408 4374 574 4447 Sartslus.
591 4373 730 4445 Sanctus
746 4424 755 4443 .
774 4373 915 4444 Saucius
932 4421 943 4443 .

565 4467 643 4551 Posi
672 4471 837 4542 Sanssus.
1445 4477 1632 4549 Benedisiin
1654 4526 1665 4548 .

245 4611 246 4614 =
408 4568 470 4639 Ere
487 4565 616 4640 sancius
632 4596 643 4637 s
660 4593 742 4642 vere
758 4567 957 4643 bencdisius
978 4571 1105 4671 unige·
1250 4570 1380 4646 Hrillus
1396 4575 1464 4647 Dei
1480 4572 1565 4648 filius
1597 4605 1605 4642 ε
1636 4574 1692 4671 qui
1709 4574 1884 4648 mediante
1902 4573 1959 4650 dic

220 4689 270 4764 40
420 4673 509 4738 nitus
527 4665 614 4737 filius
648 4686 728 4741 tuus
758 4668 928 4740 Dominus
957 4675 1103 4744 noller.
1261 4673 1345 4745 sesto
1361 4672 1577 4747 ammirabilis
1594 4674 1888 4753 visuselldocens
1922 4675 1958 4745 in

299 4766 371 4846 Qui
410 4767 560 4859 passione
587 4767 697 4838 crucis
726 4766 784 4838 sue
823 4764 946 4841 allevat
973 4770 1103 4864 pondus
1149 4772 1304 4864 cemplos
1331 4771 1401 4866 ipse
1430 4797 1495 4846 vos
1520 4776 1661 4845 mundet
1685 4776 1726 4846 ab
1756 4772 1956 4845 omnicon·
1990 4792 2029 4863 95

300 4862 618 4955 iniquitatisnollre
649 4892 657 4932 a
685 4868 719 4936 dr
748 4867 807 4938 dat
836 4867 937 4938 finem
966 4866 1104 4961 piaculis
1148 4868 1621 4965 ragionepeccaminrrm.ssr.
1638 4877 1772 4944 Amen.
1802 4873 1872 4940 Det
1889 4895 1957 4943 vo·

297 4986 360 5056 per
375 4958 585 5035 oblationem
600 4963 702 5034 officii
718 4959 919 5060 singularis.
942 4970 1038 5039 Unde
1054 4986 1105 5040 ta·
1148 4967 1200 5038 bis
1226 4967 1260 5038 in
1290 4966 1342 5038 his
1368 4968 1522 5041 mediatis
1551 4972 1762 5055 ieiuniorum
1782 4969 1956 5062 obsequiis

299 5057 323 5128 li
338 5058 407 5151 spei
427 5060 554 5132 robore
572 5059 709 5134 solidati
740 5089 750 5128 ε
778 5087 852 5136 cum
880 5087 1001 5161 magna
1016 5065 1105 5141 fidu·
1149 5063 1309 5138 obtinere
1325 5089 1391 5160 que
1404 5066 1546 5160 poscitis
1563 5097 1571 5135 ε
1589 5088 1710 5140 utcum
1725 5064 1836 5138 fructu
1848 5067 1958 5138 bono·

138 5230 141 5234 ,
216 5176 266 5251 v45
297 5156 424 5227 ciac&
438 5183 476 5229 ea
494 5182 559 5251 que
576 5182 646 5230 non
664 5159 831 5252 reprobet
848 5158 1107 5239 salubriterim·
1150 5186 1223 5236 rum
1240 5164 1697 5257 operunadsacrosancrum
1730 5165 1856 5240 Pascha
1877 5190 1957 5260 per·

297 5275 474 5349 petremus
505 5281 514 5323 a
544 5257 710 5347 &eaque
733 5253 849 5351 diligit
880 5286 889 5325 s
919 5264 1106 5352 gratissime
1150 5261 1269 5332 venire
1284 5263 1442 5355 possitis.
1473 5278 1522 5358 132.
1538 5269 1666 5336 Amen.
1689 5261 1862 5355 Cujusquc
1880 5289 1958 5356 pre·
1994 5283 2046 5347 100

299 5353 490 5425 deferamus
511 5380 519 5420 c
538 5375 701 5445 ponamus
719 5355 855 5425 interim
883 5355 916 5424 in
934 5353 996 5431 illo
1013 5361 1105 5452 spem
1150 5357 1237 5431 sidio
1256 5358 1509 5434 retroaslorum
1536 5363 1666 5435 dierum
1679 5361 1887 5455 transegistis
1905 5368 1958 5448 ic·

297 5455 444 5525 aollram
458 5483 466 5521 s
481 5452 697 5526 confidentes
714 5450 1004 5525 demisericordia
1020 5453 1076 5527 sua
1098 5500 1109 5523 .
1150 5458 1242 5540 junia
1269 5485 1278 5524 a
1313 5463 1534 5553 ejusquoque
1561 5458 1795 5552 opitulatione
1824 5483 1891 5552 que
1907 5483 1961 5532 re·

297 5550 618 5647 lpseenimquihos
632 5553 841 5633 jejuniorum
861 5551 933 5623 dies
949 5552 1031 5625 fecit
1046 5576 1106 5625 nos
1143 5553 1238 5640 ¹siant
1279 5557 1490 5648 parcimonie
1527 5559 1711 5650 perficiatis
1753 5556 1956 5649 obsequia.

218 5672 265 5744 50
297 5650 436 5745 pietatis
458 5651 514 5722 sue
533 5648 708 5722 beneficiis
725 5648 877 5721 mediare
906 5651 1036 5723 esacict
1065 5652 1106 5722 ad
1152 5655 1397 5746 lje-AmemPer
1414 5655 1680 5729 misericordiam
1698 5659 1797 5752 ipsius
1813 5655 1958 5728 Dei&c.

213 5772 224 5792 ·
296 5745 438 5821 calicem
457 5747 619 5840 pamonis
636 5747 690 5817 sue
718 5777 726 5818 e
757 5753 897 5821 &nunc
915 5746 1108 5822 immacula·
1152 5750 1730 5848 Dominussrtsempervobiscum.
1757 5756 1959 5851 Mecum·
1996 5771 2044 5840 105

296 5867 353 5922 ros
372 5851 558 5917 accedere:
576 5849 611 5918 δι
629 5847 668 5916 ad
683 5845 830 5920 sansitrm
848 5846 972 5922 Pascha
984 5846 1110 5920 ablutis
1203 5849 1964 5949 Adaccedendum.u1nriphona.nmendico

292 5942 501 6018 delisiorrzm
530 5943 684 6017 sordibus
704 5947 887 6041 pervenire
916 5975 925 6016 a
947 5947 1102 6024 Christus
1153 5946 1250 6020 vobis
1267 5947 1289 6018 sr
1307 5952 1592 6024 manducaveritis
1618 5977 1753 6027 carnem
1772 5950 1833 6022 lilii
1853 5953 1964 6028 bomi-

290 6043 467 6117 Dominus
483 6064 520 6118 ac
535 6044 735 6142 redemptor
750 6064 917 6142 eternus.
1151 6045 1204 6145 nis
1228 6047 1262 6118 ἃ
1280 6045 1436 6126 biberitis
1461 6053 1536 6138 ejus
1560 6049 1757 6150 sanguinem
1771 6079 1785 6150 ‚²
1797 6050 1967 6159 habebitis

756 6185 763 6197 .
1496 6204 1498 6207 Ι
1901 6170 1961 6222 vlu
