4450 7209
530 810 533 816 ἵ
658 711 715 788 ΙΝ
736 711 816 789 DIE
841 702 1154 796 'ASCENSIONTS
1179 710 1395 792 DOMntr:
1646 776 1651 784 ·
1792 711 1880 820 2'5‘1¹

129 860 164 908 γ
202 810 875 896 'citnobiait'uodicum&nonvidebitia
890 819 1015 890 mer&
1067 817 1123 890 Ad
1142 815 1443 912 incomparabilem
1473 815 1573 893 nobit
1601 814 1794 900 claritatem
1820 848 1876 901 at·

204 916 331 992 iterum
345 916 517 992 modicum
550 915 609 985 t&
631 912 798 988 videbitis
813 937 870 987 me
897 941 908 984 t
937 915 1016 1006 quia
1065 916 1199 988 tonitus
1215 918 1392 990 vocandus
1409 916 1565 1008 aspectus
1593 947 1602 987 r
1632 919 1785 1001 estlesua
1807 926 1884 999 Do·
1914 943 1957 1018 55

205 1019 302 1091 vado
316 1019 358 1091 ad
373 1015 546 1092 Patrem?
576 1011 748 1086 Dicebant
775 1036 893 1110 ergo·
922 1013 1017 1104 Qid
1066 1012 1176 1088 minus
1197 1014 1332 1087 :nollet
1345 1012 1571 1094 humilitatem
1586 1016 1682 1091 nobie
1709 1038 1879 1102 tertarum

154 1134 180 1212 5
207 1115 254 1187 est
278 1118 371 1209 quod
391 1114 477 1186 dicit
494 1110 698 1187 modicum?
728 1111 906 1184 Nescimus
934 1112 1018 1208 quid
1066 1110 1221 1185 celorum
1240 1112 1410 1209 dignitate
1423 1133 1610 1189 commutat
1642 1143 1652 1184 a
1680 1138 1802 1194 acutus
1817 1143 1880 1193 ne·

206 1211 383 1310 loquitur·
398 1214 583 1310 Cognovit
596 1209 813 1288 autemlesut
832 1238 840 1278 ι
858 1209 936 1302 quia
952 1234 1021 1286 uo·
1067 1214 1153 1284 ceffe
1169 1213 1216 1283 esi
1238 1211 1329 1283 visits
1358 1215 1425 1287 effe
1453 1241 1464 1282 t
1490 1214 1657 1309 respicere
1675 1237 1744 1309 quo
1766 1216 1880 1314 sequi·
1913 1238 1915 1243 ·

205 1309 652 1408 iebanteuminterrogare
683 1336 693 1378 a
720 1312 757 1383 δι
772 1305 863 1383 dixit
875 1307 1019 1383 elene
1069 1331 1178 1384 mur.
1208 1308 1327 1382 Hodie
1350 1311 1513 1384 Salvator
1538 1315 1651 1388 noller
1668 1317 1881 1407 postailum·
1917 1302 1978 1392 60(

205 1410 273 1483 hoc
287 1410 435 1506 queritis
463 1407 637 1483 intervos
669 1404 874 1501 aquiad'uri
892 1405 1015 1483 vobisc
1065 1408 1224 1501 priorem
1237 1406 1373 1483 carnia:
1400 1408 1516 1481 sedem
1546 1411 1670 1483 rectit
1701 1411 1878 1489 Deitatis.

207 1511 383 1586 modicum
408 1510 444 1581 δι
470 1530 537 1580 non
552 1505 717 1585 videbitis
733 1528 788 1580 me
809 1532 820 1576 a
842 1504 1016 1582 &iterum
1066 1505 1185 1581 Hodie
1204 1506 1489 1582 hominemsuum
1506 1437 1620 1581 intulit
1637 1510 1730 1583 Patri
1747 1537 1756 1579 a
1773 1534 1877 1607 quem

131 1629 180 1688 ιο
207 1605 711 1682 modicum&videbitismce
746 1603 825 1700 quia
851 1603 945 1680 vado
972 1607 1014 1678 ad
1064 1600 1193 1677 obtulit
1209 1605 1383 1699 pattoni.
1411 1609 1514 1681 Hunc
1534 1603 1691 1680 exaltans
1708 1608 1743 1679 in
1758 1607 1871 1682 celici

208 1710 373 1792 Patrem.
399 1708 513 1780 Amen
538 1727 639 1778 amen
670 1700 867 1778 dicovobis
901 1728 911 1770 a
941 1705 1020 1798 quia
1068 1725 1170 1797 quem
1185 1699 1426 1777 humiliaverat
1440 1705 1474 1776 in
1493 1705 1635 1778 infernis
1661 1750 1671 1773 .
1702 1705 1769 1778 Hic
1785 1707 1882 1780 visu·
1930 1703 1942 1756 ·'

209 1803 436 1900 plorabitis&
454 1800 580 1876 flebitis
607 1823 673 1878 voa
696 1829 707 1872 a
733 1803 875 1878 mundus
904 1820 1019 1877 autem
1069 1820 1127 1874 rur
1143 1797 1293 1896 gloriam
1308 1828 1318 1870 ε
1333 1805 1390 1895 qui
1407 1803 1545 1876 viderat
1574 1798 1806 1898 sepulturam.
1837 1804 1881 1882 Et
1918 1805 1974 1902 ὅς

141 1902 146 1910 ’
208 1902 376 1996 gaudebit
409 1950 420 1971 .
448 1900 522 1976 Vos
547 1919 665 1973 autem
695 1899 1020 1974 contristabiminia
1069 1897 1128 1990 qui
1144 1898 1305 1970 adversus
1317 1917 1467 1974 mortem
1483 1900 1606 1973 mortis
1621 1900 1679 1973 sue
1709 1900 1806 1974 dedit
1818 1903 1881 1975 bc·

211 2003 268 2072 sed
289 1997 430 2074 trislicia
457 1998 571 2072 velita
596 2016 759 2072 vertetur
784 1998 816 2069 in
835 2001 1021 2092 gaudium.
1069 1996 1228 2070 neficium
1246 2030 1255 2067 a
1270 1997 1312 2068 ad
1340 1997 1432 2089 spem
1447 1998 1520 2072 vite
1542 1998 1687 2074 donavit
1712 2001 1883 2074 Resurre-

134 2120 180 2193 ις
209 2097 340 2178 Mulier
367 2121 442 2170 cum
472 2097 561 2191 parit
584 2095 759 2170 tristiciam
785 2095 889 2171 hahet
916 2126 926 2167 t
950 2097 1029 2190 quia
1077 2092 1203 2168 &ionis
1229 2092 1426 2190 exemplum
1455 2141 1467 2165 ·
1496 2097 1614 2170 Hodie
1639 2098 1741 2172 rediit
1754 2100 1797 2174 ad
1812 2102 1881 2174 Pa-

214 2198 314 2272 venit
336 2198 418 2267 hura
432 2199 531 2279 ejus·
555 2196 646 2267 Cum
664 2211 780 2268 autem
796 2196 932 2290 peperit
942 2219 1028 2289 pue·
1075 2211 1259 2268 tremtcum
1273 2210 1385 2267 tamen
1401 2194 1472 2266 fine
1484 2196 1593 2268 Patris
1607 2194 1684 2288 =qni
1701 2196 1759 2269 stbi
1775 2220 1883 2291 equa·
1933 2208 1943 2244 ²

149 2374 152 2379 ,
210 2320 288 2373 tum
317 2324 326 2365 ε
358 2299 427 2382 jam
442 2315 513 2366 non
528 2292 685 2369 meminit
704 2287 1019 2387 pressutepropter
1069 2288 1880 2384 liaeshpoteslatenonvenerit.Hodieascendit
1918 2315 1971 2392 70

212 2392 395 2492 g'audiuma
424 2389 501 2484 quia
528 2409 627 2466 natus
652 2391 699 2464 est
728 2391 836 2463 homo
863 2392 897 2462 in
919 2413 1020 2464 mun·
1071 2389 1107 2460 in
1126 2387 1264 2460 celuma
1289 2388 1347 2482 qui
1360 2389 1521 2482 obsequia
1536 2387 1714 2465 celestium
1729 2417 1806 2468 cum
1819 2394 1883 2465 de·

212 2496 295 2566 dum
313 2540 323 2562 .
353 2492 396 2564 Et
422 2509 488 2563 vos
515 2486 624 2585 igitur
652 2510 741 2563 nune
767 2488 905 2582 quidem
920 2487 1022 2561 tristi·
1073 2484 1258 2560 scanderet
1276 2514 1286 2554 a
1304 2508 1375 2559 non
1390 2487 1497 2564 amisit
1511 2535 1522 2558 .
1537 2490 1589 2561 Ita
1605 2489 1637 2561 in
1653 2491 1767 2564 Patris
1781 2511 1883 2566 natu·

133 2610 185 2670 20
212 2592 298 2665 ciam
312 2584 443 2662 habetis
471 2584 624 2661 :iterum
652 2605 769 2661 autem
782 2588 911 2663 videbo
929 2609 994 2660 voa
1011 2613 1021 2653 t
1074 2608 1110 2656 ra
1123 2587 1258 2655 unitate
1273 2585 1479 2659 consistens:
1496 2604 1535 2659 ut
1550 2611 1627 2663 cum
1644 2587 1756 2663 homo
1771 2586 1885 2667 celum

211 2695 248 2765 &
264 2686 428 2784 gaudebit
445 2706 505 2759 cor
518 2688 691 2758 vestrum.
716 2683 759 2756 Et
780 2685 942 2782 gaudium
959 2706 1023 2761 ve·
1071 2704 1184 2756 nouus
1201 2681 1347 2756 intraret
1362 2713 1371 2752 ε
1392 2703 1521 2756 novum
1537 2703 1649 2759 tamen
1663 2687 1756 2759 Deus
1767 2688 1887 2764 homi·
1935 2680 1949 2735 ἲ

138 2834 141 2841 -
214 2779 714 2864 sirumnemotolletavobis.
1070 2802 1151 2852 nem
1170 2801 1239 2850 non
1253 2781 1602 2856 haberet-Petamus
1615 2783 1728 2877 igitur
1745 2788 1787 2857 ab
1802 2809 1880 2861 om·
1918 2813 1972 2894 75
2089 2778 2092 2789 '

264 2900 314 2975 132.
330 2890 466 2958 Amen.
516 2966 519 2971 .
1073 2876 1392 2973 nipotential'atria
1410 2901 1473 2972 per
1488 2902 1610 2953 nomeu
1622 2878 1698 2955 Filii
1717 2881 1880 2960 Salvato-

219 3040 221 3045 .
263 2984 429 3054 Hicdicat
440 2975 823 3055 uresbrter.Dominus
836 2977 877 3051 fit
890 2978 1023 3078 semper
1072 2976 1152 3048 ris:
1181 2974 1294 3085 gratie
1323 2971 1485 3070 spiritalia
1504 2976 1686 3074 ingressum
1714 3003 1725 3047 a
1754 3001 1880 3070 eterne¹

138 3104 187 3178 ²5
217 3080 420 3158 vobiscum.
1076 3072 1567 3148 beatitudintudonumtbeate
1578 3076 1758 3151 mansionis
1769 3077 1887 3150 ascen·

265 3195 315 3271 132.
330 3181 372 3249 Et
389 3199 466 3251 cum
481 3171 627 3269 spiritu.
1076 3169 1148 3243 sum
1163 3197 1173 3241 ε
1191 3168 1363 3245 catholice
1389 3170 1603 3244 credulitatis
1636 3192 1885 3273 augmentum:
1935 3173 1953 3219 ²

144 3361 148 3367 ἦ
266 3277 404 3348 Lauda.
434 3269 608 3354 Alleluia.
631 3267 678 3358 pl.
694 3265 859 3343 Ascendit
882 3271 978 3345 Deus
993 3271 1028 3346 itt
1078 3268 1234 3340 heretice
1260 3267 1475 3344 infidelitatis
1503 3272 1717 3346 excidium.
1755 3276 1888 3352 Audiet
1921 3281 1993 3359 80.

216 3371 421 3462 iubilatione
437 3369 628 3446 tDominue
644 3367 679 3441 in
692 3389 783 3446 voce
798 3368 881 3443 tube
895 3367 1029 3449 .P.Al·
1078 3368 1241 3465 profesio
1256 3364 1290 3437 in
1307 3369 1519 3443 conseffione
1534 3394 1544 3438 =
1562 3394 1651 3466 quoa
1664 3370 1698 3443 in
1714 3373 1889 3468 perditio-

221 3469 353 3560 leluJ'a.
1075 3489 1119 3537 ue
1132 3464 1281 3563 quesivit
1298 3468 1465 3540 0Adslitit
1482 3466 1547 3540 suis
1564 3496 1574 3539 e
1590 3471 1648 3565 qui
1668 3492 1734 3542 non
1753 3471 1887 3551 destitit

460 3630 465 3635 ,
1073 3562 1361 3638 alienis.aderit
1376 3568 1515 3662 agnitus
1544 3568 1633 3666 equi
1666 3592 1735 3642 nou
1753 3570 1880 3648 defluit
2018 3585 2025 3601 '

510 3660 738 3752 Sacrificium
1074 3664 1332 3762 agnoscendus.
1358 3664 1441 3737 Non
1456 3663 1611 3759 patietur
1623 3668 1801 3762 orphanos
1817 3671 1887 3745 esse
1941 3662 1952 3737 ἶ

367 3839 375 3853 ,
1073 3764 1228 3840 devotos
1241 3763 1296 3858 qui
1311 3758 1694 3863 filiosfaceredignatus
1708 3767 1755 3838 ert
1768 3769 1883 3842 inimi·
1923 3771 1975 3872 82

330 3861 382 3936 Idi
400 3862 432 3935 in
451 3861 529 3939 ceio
542 3866 676 3940 turbam
690 3885 788 3956 quam
810 3859 1025 3938 dinumerare
1076 3883 1135 3932 cos
1161 3909 1173 3934 .
1198 3859 1304 3933 Dabit
1314 3857 1477 3936 ‚effectum
1498 3861 1757 3959 supplicationis
1784 3894 1794 3937 t
1822 3869 1886 3964 qui

340 3986 445 4034 nemu
462 3983 600 4056 poterat
633 3985 644 4030 t
671 3968 707 4034 δι
727 3961 919 4035 clamabant
936 3984 1026 4033 voce
1076 3958 1231 4055 promisit
1247 3957 1413 4055 Spiritum
1439 3956 1651 4037 sanctitatis.
1668 3977 1718 4060 Βι.
1736 3964 1860 4043 Chorus
1872 4010 1887 4039 ·

142 4080 189 4160 35
219 4083 343 4155 magna
370 4086 380 4126 ε
411 4060 494 4132 salus
519 4062 601 4134 Deo
630 4061 748 4132 nolito
771 4059 968 4133 ascendenti
994 4061 1031 4130 in
1084 4063 1224 4133 Amen.

219 4158 439 4231 thronum&
456 4157 643 4231 adorabant
655 4157 1036 4232 Deumdicentesrho·
1820 4224 1822 4228 ,
1921 4210 1959 4224 ..

218 4279 288 4330 nor
308 4253 422 4352 gloria
451 4260 486 4328 δι
510 4254 676 4348 sapientia
705 4257 1029 4350 vetusttpotestaa
1358 4251 1609 4330 Aliaoratr'oL
1855 4329 1859 4338 ,
1921 4279 1974 4354 90

220 4356 301 4426 data
324 4356 371 4426 est
386 4354 467 4427 Deo
483 4357 604 4426 nostro
621 4354 654 4423 in
668 4371 827 4428 eternum
841 4377 852 4422 a
868 4350 1030 4439 alleluja.

222 4451 271 4543 tl·
288 4450 419 4533 Audivi
434 4471 595 4546 tanquam
608 4452 726 4526 tubam
739 4449 941 4545 loquentem
958 4474 1028 4522 nte·
1185 4446 1415 4522 OmineDeus
1429 4452 1596 4528 virtutum
1609 4451 1882 4550 :quitransgtes-

140 4577 193 4653 40
222 4575 299 4622 cum
314 4553 347 4622 &
362 4550 534 4620 dicentem
562 4574 572 4615 t
595 4546 736 4619 ascende
754 4548 821 4617 huc
837 4550 897 4619 a&
913 4548 1026 4618 osten·
1200 4547 1250 4619 sus
1262 4549 1416 4621 occasum
1429 4551 1658 4624 transcendisti
1674 4553 1773 4647 super
1790 4549 1887 4626 celos

223 4651 302 4720 dam
321 4646 383 4718 tibi
396 4669 462 4736 que
475 4660 620 4738 oportet
643 4640 718 4712 fieri
734 4645 807 4736 posi
822 4643 911 4715 heca
928 4644 964 4715 δι
977 4667 1034 4715 ec-
1083 4644 1234 4716 telorum
1250 4646 1291 4715 ad
1305 4646 1476 4719 orientem
1503 4674 1513 4714 a
1542 4651 1679 4744 captiva
1706 4650 1816 4747 spolia
1841 4644 1886 4723 de
1930 4651 1961 4699 ἵ·

223 4741 588 4836 cesedespofitaerat
613 4740 647 4812 in
671 4737 823 4815 celot&
854 4739 952 4833 supra
981 4740 1033 4814 se·
1083 4742 1291 4836 captivitate
1306 4744 1427 4814 duxisti
1458 4772 1467 4813 ε
1499 4764 1538 4817 ut
1568 4771 1675 4842 genus
1704 4751 1886 4826 humanum
1915 4764 1971 4848 95

223 4846 303 4915 dem
317 4840 434 4913 sedens
447 4839 562 4912 fimilis
575 4837 724 4933 aspeClui
739 4835 859 4936 lapidis
874 4837 1026 4932 jaspidist
1075 4840 1170 4932 quod
1187 4857 1245 4911 tua
1259 4860 1369 4912 morte
1378 4842 1569 4917 redemeras
1585 4873 1593 4913 =
1613 4867 1738 4939 tuaque
1757 4849 1881 4924 Resur-

223 4942 258 5013 &
274 4939 372 5033 l'upra
401 4939 516 5012 sedem
542 4936 703 5013 sedentes
731 4937 885 5018 seniores
912 4935 1026 5015 amitii
1074 4939 1230 5012 rectione
1246 4937 1889 5045 vivificaveras:tuaAscenssoneglo·

144 5058 192 5136 45
227 5040 321 5113 velie
339 5037 437 5113 alba.
1079 5034 1233 5111 risieares
1247 5063 1257 5103 a
1270 5037 1305 5107 δι
1317 5038 1540 5130 promissione
1552 5042 1704 5116 ditares:
1718 5048 1811 5119 dona
1824 5047 1888 5123 Ec·

272 5139 367 5213 mlii
380 5139 593 5218 adorabant·
1080 5130 1252 5208 cletietue
1280 5138 1317 5208 dc
1343 5137 1385 5207 ad
1402 5157 1436 5210 te
1452 5141 1678 5232 perveniendi
1709 5142 1776 5217 iter
1801 5169 1888 5240 pro·
1921 5152 1965 5199 ·“

1077 5229 1240 5327 speruma
1263 5232 1300 5305 δι
1329 5236 1569 5327 quotidianum
1596 5240 1640 5311 de
1670 5241 1727 5313 die
1743 5242 1775 5314 in
1791 5243 1884 5320 diem
1921 5260 1992 5321 100

568 5329 690 5432 Miffiai
1076 5325 1274 5427 profestum
1297 5379 1310 5402 .
1332 5338 1380 5409 Ut
1393 5337 1644 5436 magnificentie
1658 5359 1717 5412 tue
1731 5343 1854 5435 reddat
1874 5368 1886 5416 t

1078 5431 1172 5526 quod
1188 5446 1319 5505 tantam
1332 5436 1501 5509 virtutem
1515 5437 1717 5512 concesseris
1733 5486 1744 5508 ·
1762 5443 1807 5514 Ut
1820 5441 1886 5515 ob-

142 5546 195 5635 '50
315 5534 436 5607 lacent
452 5529 655 5610 dileertffimr
681 5536 805 5611 fratrer
831 5526 1029 5610 secularium
1080 5528 1190 5604 tineat
1202 5529 1344 5608 devidio
1358 5534 1453 5609 hoste
1468 5561 1478 5604 t
1495 5536 1531 5607 ἃ
1545 5534 1742 5614 libertatem
1759 5540 1803 5611 de
1818 5557 1886 5618 tuo

328 5632 576 5730 cogitationum
590 5635 846 5730 fascedepostto
859 5630 982 5706 erectis
996 5630 1029 5704 in
1079 5627 1282 5704 auxilioz&
1300 5630 1447 5732 gloriam
1459 5636 1504 5711 de
1521 5635 1786 5738 triumphodjt.
1802 5637 1888 5736 cha·
1957 5648 1960 5665 '

225 5731 367 5805 sublime
383 5732 552 5805 mentibus
568 5732 1031 5826 sttnvolarezuimpofitam
1079 5733 1313 5813 amanen.
1841 5779 1845 5785 ·
1880 5750 1884 5823 j
1922 5748 1996 5832 105.

224 5830 354 5902 etheris
374 5832 508 5930 fastigio
525 5833 677 5928 assumpti
701 5833 850 5905 hominis
876 5854 1031 5907 commu·

222 5926 363 6008 aionem
375 5930 573 6029 sequacibus
588 5931 705 6014 cordia
719 5930 831 6013 oculis
845 5929 1027 6009 contueri.

138 3591 191 3672 30

1495 6025 1588 6107 lia
1809 6026 1890 6129 Pul
1985 6076 1990 6084 ·
