4450 7209
104 449 119 452 —-
129 447 610 459 -ν--Ἶν--υ--ι--ι--Ὗ-Ἷ-
639 449 657 453 -
672 449 679 451 -

542 637 848 778 sensato
888 696 1156 775 sarecto
1195 674 1478 777 rrscnsj
1781 729 1853 806 ¹79

98 827 102 832 ·
177 824 275 882 terra
299 799 442 881 animam
470 798 654 875 viventem
684 800 718 870 in
745 820 875 895 genere
890 797 981 872 suos
1082 801 1152 875 Per
1181 796 1452 876 misericordiam
1480 815 1575 877 turm
1611 797 1708 876 Deus
1738 809 1852 882 n0stef

171 911 326 994 iumenta
339 907 373 974 dr
392 897 556 1001 reptiliaa
583 901 619 972 δι
634 896 755 971 bestias
777 917 871 971 terre
884 901 984 982 juxta
1033 899 1142 992 quies
1156 895 1380 972 beneditftusr
1405 899 1441 972 &
1457 898 1549 978 vivis
1576 901 1743 982 &omnia
1757 906 1849 1006 regis
1878 923 1928 1002 ςςΔ

173 1005 305 1100 speeies
329 1001 402 1074 suas
418 1049 429 1072 .
458 995 668 1092 Fadumque
683 997 732 1070 cll
748 994 819 1070 ita·
845 995 889 1069 Et
905 997 989 1087 fecit
1040 995 1076 1069 in
1091 993 1203 1070 secula
1219 993 1412 1073 seculorum
1428 1043 1441 1067 .

174 1105 270 1178 Deus
297 1100 418 1188 bestias
444 1117 539 1172 terre
555 1103 656 1184 iuxta
673 1093 803 1192 species
818 1091 920 1167 suas:
954 1097 992 1169 dt

124 1222 145 1296 5
174 1208 331 1290 iumenta
356 1201 392 1270 dt
418 1219 524 1274 omne
546 1194 674 1292 reptile
703 1196 739 1268 in
754 1216 883 1292 genere
898 1194 993 1269 suo.
1091 1205 1142 1289 ¹3²·
1161 1191 1303 1266 Amen.

174 1302 218 1374 Et
244 1299 333 1375 uidit
349 1297 444 1372 Deus
465 1298 561 1394 quod
576 1295 661 1369 effet
675 1292 832 1368 bo‘numa
857 1295 893 1367 bt
919 1293 992 1366 ait.
1112 1357 1120 1370 ,

174 1397 354 1478 Faciamus
370 1395 546 1471 hominem
560 1395 601 1468 ad
616 1395 802 1492 imaginem
828 1387 994 1464 &nmil-
1601 1475 1606 1490 ,
1878 1393 1928 1472 50

175 1498 334 1573 tudinem
351 1496 521 1570 nostram:
549 1512 591 1568 ut
616 1495 722 1588 presit
748 1490 895 1584 piscibus
918 1513 993 1561 ma·
1091 1484 1204 1562 lessio
1232 1481 1318 1560 libri
1339 1485 1492 1580 Generis.
1531 1501 1581 1586 gc.
1597 1488 1679 1570 Deo
1695 1492 1851 1596 gratias.

174 1597 222 1671 ris
252 1591 507 1669 &volatilibus
519 1590 611 1666 celia
638 1593 675 1666 dt
702 1587 816 1663 bestiis
832 1585 994 1663 universe
1726 1601 1851 1692 capy,

100 1714 148 1771 10
174 1711 298 1768 terres
328 1693 493 1786 omnique
508 1688 626 1785 reptili
648 1690 929 1786 quodmovetur
955 1685 993 1759 iu

173 1813 290 1867 terra·
320 1793 362 1864 Et
378 1795 513 1864 creauit
531 1790 629 1862 Deus
644 1788 821 1864 bominem
840 1785 882 1861 ad
898 1783 983 1860 inra-
1092 1781 1128 1854 N
1143 1779 1265 1856 diebus
1280 1777 1345 1855 illis
1359 1828 1370 1853 .
1386 1781 1468 1858 Noe
1484 1803 1559 1866 curn
1572 1788 1845 1886 quingentorum

175 1891 292 1990 ginem
319 1894 355 1964 δι
376 1888 633 1962 similitudinem
659 1887 775 1964 suamc
801 1887 843 1959 ad
860 1885 982 1984 imagi·
1104 1881 1393 1960 effetannorumr
1422 1884 1541 1980 genuit
1561 1889 1788 1966 Sem-Clam·
1805 1891 1842 1966 u
1872 1885 1920 1975 65

174 2015 254 2065 nem
267 1990 334 2061 Dei
349 1991 481 2061 creavit
496 1985 609 2063 itlum=
631 1984 813 2060 masculum
826 1986 862 2059 dt
879 1983 984 2058 semi·
1029 1981 1179 2073 lapher.
1204 1981 1361 2075 Cumque
1373 1981 1538 2077 cepissent
1556 1985 1715 2060 homines
1729 1987 1844 2064 multi.
1871 1988 1966 2084 0121!¹

175 2112 252 2161 nam
265 2087 399 2162 creavit
413 2109 495 2159 eos·
512 2084 695 2164 benedixit
708 2080 855 2179 queillis
869 2084 984 2156 Densa
1033 2076 1153 2175 plicari
1170 2077 1408 2176 superterram
1422 2081 1457 2152 δε
1473 2078 1566 2157 filios
1583 2087 1813 2179 procreassent
1832 2118 1843 2160 a

97 2204 144 2280 15
175 2192 212 2261 &
229 2186 299 2261 ait.
324 2181 484 2258 Crescite
512 2187 548 2257 ἃ
566 2182 842 2279 multiplicamini
872 2188 908 2258 dt
926 2206 985 2255 re·
1032 2177 1196 2252 videntes
1228 2175 1374 2252 filiiDei
1402 2173 1491 2251 filias
1520 2181 1716 2261 hominumr
1744 2189 1841 2281 quod

173 2284 271 2382 plete
292 2304 445 2358 terrama
468 2285 504 2356 dt
519 2282 678 2368 subjicite
692 2305 796 2356 eam:
821 2281 985 2356 &domi·
1033 2277 1140 2351 essent
1156 2272 1294 2371 pulcre:
1319 2297 1527 2371 acceperunt
1550 2280 1613 2354 fibi
1639 2305 1766 2358 uxores
1796 2307 1844 2362 ert

173 2383 298 2458 namini
327 2381 473 2479 piscibus
486 2380 587 2454 maris
611 2384 648 2455 δι
670 2377 872 2455 volatilibus
884 2377 981 2452 celis
1031 2375 1188 2454 omuibus
1201 2397 1282 2469 quas
1306 2373 1511 2472 elegerant.
1541 2377 1710 2476 Dixitque
1723 2381 1844 2459 Deus.
1872 2399 1924 2477 70.

174 2483 213 2554 bt
227 2482 394 2554 univeros
407 2479 631 2554 animantibus
641 2500 714 2571 que
729 2496 915 2554 mouentur
930 2477 983 2553 su·
1032 2476 1115 2549 Non
1144 2475 1357 2569 permanebit
1371 2473 1509 2568 spiritus
1528 2498 1623 2552 meus
1651 2481 1684 2552 in
1700 2481 1840 2558 homine

172 2603 237 2675 per
261 2599 419 2654 terram.
446 2579 616 2672 Dixitque
645 2578 768 2650 Deus.
794 2578 881 2652 Ecce
903 2577 983 2650 dedi
1033 2572 1262 2646 ineternumr
1290 2573 1463 2667 quiacaro
1479 2577 1549 2648 est·
1574 2579 1751 2674 Eruntque
1766 2581 1841 2656 dies

89 2699 146 2753 ιο
173 2678 278 2753 vobis
309 2698 446 2750 omnem
472 2679 612 2751 herbam
643 2677 845 2751 afferentem
870 2676 982 2751 semen
1033 2671 1109 2744 vite
1124 2668 1236 2743 illius:
1263 2690 1404 2744 centum
1420 2673 1547 2770 viginti
1562 2701 1752 2758 annornm.
1779 2681 1846 2756 Vi·
1910 2678 1947 2726 '-

108 2799 114 2803 ·
173 2774 277 2870 super
292 2793 442 2849 terrama
474 2777 508 2846 ἃ
541 2773 699 2848 universa
715 2773 809 2871 ligna
835 2796 901 2868 que
920 2775 981 2847 ha·
1030 2770 1117 2840 dens
1144 2789 1256 2847 autem
1280 2771 1375 2842 Deus
1402 2772 1844 2868 quodmultamaliciaho.

173 2877 261 2950 bent
290 2872 324 2944 in
351 2872 535 2968 semetipsis
549 2874 736 2946 sementem
754 2872 891 2966 generis
908 2871 979 2944 suis
1002 2947 1008 2955 ,
1032 2871 1158 2942 minum
1175 2869 1256 2941 esset
1279 2869 1452 2943 interra:
1478 2873 1626 2966 penituit
1650 2899 1729 2948 euru
1746 2879 1844 2972 quod
1872 2888 1925 2974 75·

173 2974 292 3046 utfint
310 2973 410 3048 vobis
427 2971 462 3041 in
478 2971 587 3046 escam
611 2972 789 3046 &cunstis
806 2968 985 3044 animanti·
1033 2967 1206 3042 bominem
1226 2965 1355 3040 fecisset
1370 2967 1402 3040 in
1417 2984 1534 3043 terra·
1559 2969 1728 3068 Dixitque
1742 2975 1840 3052 Deus

174 3071 237 3145 bus
253 3090 348 3143 tetre
364 3101 374 3140 a
391 3071 552 3164 omnique
568 3067 702 3144 volucri
714 3066 778 3140 celi
795 3070 830 3141 δι
842 3069 985 3140 unirer·
1034 3067 1077 3138 ad
1093 3067 1170 3135 Noe
1186 3111 1198 3133 .
1223 3065 1315 3136 Finis
1338 3064 1498 3137 universe
1521 3067 1630 3141 carnis
1656 3069 1755 3145 venit
1776 3097 1843 3150 co-

93 3188 146 3264 25
180 3170 222 3241 sis
244 3193 310 3263 que
326 3189 517 3246 moventur
547 3170 582 3241 in
598 3186 715 3240 terrac
746 3167 781 3236 dt
810 3166 984 3260 inquibus
1034 3186 1106 3238 ram
1121 3185 1201 3254 mes
1228 3163 1292 3238 Fac
1313 3161 1376 3236 tibi
1391 3186 1501 3236 arcam
1532 3166 1575 3238 de
1590 3164 1693 3264 lignis
1706 3168 1843 3272 leriga·

175 3269 224 3340 eli
237 3268 349 3341 anima
364 3266 509 3340 vivensr
536 3286 576 3339 ut
603 3267 752 3338 babeant
777 3264 822 3336 ad
842 3265 985 3339 vescen·
1034 3262 1103 3335 tiss
1128 3261 1164 3332 dt
1190 3257 1371 3360 ingredere
1399 3260 1486 3335 inea
1511 3283 1550 3337 tu
1579 3265 1781 3343 &filiituir
1809 3275 1848 3348 dt

174 3367 286 3438 dum.
311 3367 353 3438 Et
378 3363 503 3440 sadum
532 3365 580 3436 est
603 3363 676 3434 ita.
700 3360 867 3458 Viditque
889 3364 986 3436 Deus
1035 3375 1208 3436 uxortua
1235 3362 1272 3433 δι
1304 3383 1433 3436 uxores
1463 3357 1615 3441 filiorum
1633 3384 1771 3444 tuorum
1789 3390 1846 3444 te·
1874 3369 1926 3446 80¹

175 3463 296 3538 cundia
310 3485 376 3561 que
389 3463 496 3535 secits
516 3464 552 3534 dt
567 3480 665 3534 erant
683 3457 784 3535 valde
802 3462 916 3537 bona.
942 3463 986 3534 Et
1034 3482 1137 3532 cumr
1162 3457 1198 3530 dt
1228 3479 1272 3532 er
1293 3459 1664 3538 cundlisanimanribns
1682 3467 1845 3545 universe

176 3561 303 3637 nuum
327 3563 374 3635 est
403 3559 546 3654 vespere
574 3563 725 3633 &mane
755 3559 988 3635 diessextus.
1036 3557 1174 3632 carnis.
1197 3556 1355 3631 Teenim
1381 3559 1718 3645 vidiiustumcoram
1732 3591 1785 3644 me
1808 3570 1845 3643 in
1875 3572 1978 3648 GVH

48 3658 149 3758 W-
176 3661 290 3760 Igitur
307 3657 453 3756 persedi
468 3661 544 3732 sunt
556 3656 622 3730 celi
635 3663 673 3732 δι
688 3677 806 3733 terta:
826 3661 986 3734 &omnis
1031 3653 1267 3830 generatione
1284 3657 1347 3731 bae
1364 3679 1427 3734 sut
1442 3656 1597 3736 salvetur
1608 3663 1723 3736 semen
1741 3666 1846 3764 super

97 3783 146 3858 30
176 3777 483 3838 ornatuseorum·
506 3755 779 3853 complevitque
805 3758 901 3832 Deus
925 3761 983 3833 die
1065 3757 1153 3832 ciem
1168 3755 1324 3830 universe
1342 3761 1608 3835 terre-Adhuc
1620 3762 1712 3836 enim
1727 3765 1763 3838 δι
1773 3768 1847 3862 poll

176 3857 327 3954 septimo
356 3881 444 3952 opus
459 3857 551 3931 suum
566 3857 660 3951 quod
677 3857 830 3930 fecerat·
857 3857 902 3929 Et
927 3883 984 3930 re·
1030 3856 1106 3928 dies
1121 3855 1252 3949 septem
1265 3883 1274 3924 =
1289 3880 1359 3954 ego
1374 3856 1487 3953 pluam
1503 3857 1747 3954 superterram
1762 3887 1845 3958 qua·
1874 3866 1922 3960 85

176 3957 315 4052 quievit
338 3957 396 4028 die
422 3954 567 4050 septimo
606 3954 649 4028 ab
681 3954 847 4028 universo
872 3967 984 4050 opere
1032 3955 1194 4052 draginta
1212 3953 1330 4030 diebus
1360 3957 1638 4056 &quadraginta
1659 3957 1843 4037 nodlibusr
1914 4020 1929 4046 ,

176 4059 272 4152 quod
287 4073 465 4150 patrarat·
489 4054 530 4125 Et
545 4052 722 4126 benedicit
737 4055 831 4125 Deus
846 4053 916 4127 diei
931 4055 984 4125 se·
1030 4055 1066 4124 dt
1093 4049 1222 4126 delebo
1245 4075 1383 4129 omnem
1409 4055 1625 4131 substantiam
1650 4077 1750 4150 quatu
1776 4061 1845 4140 ieci

99 4179 148 4254 35
180 4154 367 4251 primos&
384 4150 608 4224 sanctificavit
622 4145 735 4226 illum.
751 4152 843 4243 Qia
859 4152 892 4223 in
907 4151 982 4248 ipso
1030 4151 1076 4223 de
1090 4151 1274 4246 superficie
1291 4168 1385 4225 terre
1402 4199 1413 4222 .
1439 4151 1537 4227 Fecit
1561 4179 1652 4254 ergo
1666 4155 1745 4228 Noe
1766 4184 1844 4234 om·

178 4256 369 4329 cessaverat
399 4250 443 4323 ab
459 4250 552 4324 omni
565 4273 674 4346 opere
689 4254 753 4327 stro
777 4251 872 4350 quod
886 4273 984 4328 crea·
1032 4249 1089 4322 nia
1101 4263 1167 4344 que
1181 4251 1404 4324 mandaverat
1420 4250 1453 4323 ei
1466 4251 1658 4326 Dominus.
1686 4253 1845 4335 Fadium·
1871 4243 1881 4264 ’

179 4351 234 4426 uit
252 4352 346 4424 Deus
359 4349 562 4428 ursaceret.
1033 4369 1100 4444 que
1122 4349 1170 4421 est
1182 4346 1376 4426 diluviumr
1402 4351 1437 4422 δι
1453 4349 1586 4427 delevit
1611 4375 1748 4430 omnem
1763 4355 1839 4430 sub·
1868 4377 1921 4446 90

1034 4446 1187 4520 stantiam
1202 4475 1212 4516 a
1226 4470 1292 4542 que
1308 4466 1381 4520 erat
1399 4446 1499 4542 super
1511 4468 1662 4526 terram·
1682 4451 1842 4532 Adduxit

231 4561 283 4641 lja.
298 4550 408 4622 Amen
424 4590 436 4617 .
1036 4567 1127 4619 veto
1143 4543 1236 4619 Deus
1255 4545 1408 4642 spiritum
1432 4545 1536 4641 super
1547 4562 1701 4622 terram}
1728 4555 1765 4625 δι
1779 4554 1843 4628 im.

98 4671 156 4746 40
1035 4642 1166 4714 minute
1183 4642 1359 4736 sunraque
1388 4643 1615 4738 &prohibite
1632 4645 1707 4719 sunt
1720 4649 1838 4744 pluvie
1921 4683 1924 4689 ¹

231 4745 532 4817 otcarotaconus.
546 4740 619 4816 Pto
632 4738 835 4819 solennitate
847 4739 987 4840 pascha·
1034 4741 1079 4814 de
1094 4738 1200 4815 celos
1228 4739 1465 4836 requievitque
1493 4764 1569 4815 arca
1594 4741 1649 4814 die
1664 4744 1842 4842 septimo.

179 4835 230 4916 li.
256 4838 443 4918 Flebamus
460 4861 599 4938 genua.
623 4841 777 4916 Levate·
823 4920 827 4926 ,
1036 4838 1212 4933 Aperiens
1237 4841 1318 4913 Noe
1334 4839 1511 4916 fenestram
1534 4865 1612 4917 arce
1634 4863 1732 4936 quam
1748 4847 1838 4918 sece-
1864 4871 1964 4933 nam

1033 4957 1090 5015 rat
1103 4963 1115 5006 s
1135 4935 1256 5011 dimisit
1270 4959 1411 5010 corvum
1426 4984 1437 5009 .
1462 4937 1532 5030 Qui
1546 4941 1838 5036 egrediebatur&
1863 4971 1912 5044 95

510 5037 653 5108 orario.
803 5081 806 5084 -
1032 5035 1404 5122 revertebaturdonee
1418 5037 1624 5112 siccarentur
1638 5063 1724 5135 aque
1739 5044 1840 5137 super

97 5163 152 5240 45
1034 5150 1189 5208 terram.
1223 5131 1338 5210 Emisit
1368 5157 1506 5230 quoque
1536 5134 1728 5212 columbam
1764 5143 1839 5236 posi
1914 5149 1920 5165 '

272 5237 331 5310 Ro
356 5228 565 5312 solennitate
592 5228 737 5325 paschali
771 5231 869 5306 flexis
911 5227 987 5305 eni·
1034 5253 1134 5304 eum:
1160 5249 1198 5304 ut
1215 5229 1355 5308 videret
1378 5233 1666 5318 ssismcessassent
1681 5263 1766 5332 uque
1781 5241 1845 5312 su·'

283 5337 368 5406 burs
398 5353 435 5406 te
460 5335 564 5410 Pater
585 5329 809 5425 omnipotens
824 5334 870 5404 ob
888 5354 985 5406 ecra-
1033 5329 1230 5428 persaciem
1246 5349 1363 5404 terre.
1388 5335 1465 5424 Qe
1481 5355 1557 5404 cum
1575 5356 1644 5407 non
1658 5334 1839 5414 invenisset
1870 5359 1941 5418 roo

180 5457 275 5505 mus:
290 5451 329 5502 ut
343 5455 433 5503 mors
448 5428 620 5526 unigeniti
639 5431 689 5502 tui
706 5429 848 5505 Domini
866 5430 983 5502 nollrir
1034 5427 1091 5502 ubi
1121 5427 1345 5523 requiesceret
1370 5455 1429 5524 pes
1456 5435 1552 5518 eiust
1580 5432 1717 5506 reuersa
1733 5436 1838 5511 eliud

182 5531 241 5624 qui
258 5530 367 5601 vitam
382 5528 475 5601 omni
489 5524 637 5603 contulit
654 5531 805 5605 mundos
828 5529 896 5602 toti
911 5552 987 5624 gra·
1035 5549 1116 5599 eum
1151 5528 1186 5599 in
1212 5549 1340 5600 arcam.
1369 5528 1595 5624 Extenditque
1612 5533 1746 5606 manum
1764 5562 1773 5604 s
1799 5537 1836 5610 δι

101 5659 154 5732 50
185 5631 269 5704 tiam
300 5625 458 5700 conferat
480 5623 610 5720 populo
630 5629 833 5702 christiano.
860 5625 988 5700 ttesur-
1034 5623 1276 5721 apprehensam
1296 5624 1410 5700 intulit
1443 5627 1477 5697 in
1507 5649 1642 5701 arcam.
1672 5631 1838 5726 Expecta

185 5725 296 5802 rectio
308 5748 443 5817 quoque
455 5729 530 5808 ejus
544 5748 607 5798 nos
620 5728 661 5797 ad
675 5723 807 5800 celesiia
822 5721 989 5798 sublevere
1039 5725 1083 5796 tis
1099 5743 1214 5796 autem
1240 5721 1330 5796 ultra
1355 5722 1484 5820 septem
1500 5725 1618 5798 diebus
1633 5723 1706 5801 aliis
1723 5755 1733 5797 a
1761 5755 1838 5804 rur·

184 5829 220 5899 dt
253 5853 271 5899 a
294 5823 519 5918 corruptione
550 5823 624 5895 vite
651 5821 989 5920 huiusereptosim·
1038 5821 1108 5894 sum
1135 5819 1261 5894 dimisit
1286 5820 1479 5895 columbam
1506 5843 1550 5893 ert
1577 5848 1677 5900 arca.
1704 5831 1754 5900 At
1779 5825 1837 5901 illa
1870 5853 1938 5927 105

187 5921 391 5998 mortalitati
409 5941 530 5996 eterne
547 5922 749 5998 consociet·
1041 5920 1143 5994 ver-ir
1168 5919 1300 5994 adeum
1326 5922 1367 5994 ad
1399 5919 1598 6014 vesperum:
1625 5943 1767 6017 portans
1785 5951 1839 5998 ra·

230 6025 435 6119 floAmena
1041 6039 1136 6094 mum
1163 6017 1259 6093 olive
1274 6015 1575 6096 virentibussoliis
1604 6021 1727 6101 inore
1754 6021 1840 6097 suo·
1866 6092 1871 6102 .

1379 6119 1408 6194 Z
1433 6141 1452 6192 2
1711 6118 1852 6197 '·1ntel·
1877 6167 1879 6172 ·
