4450 7209
209 830 212 835 -
587 771 1404 866 PRAEFATIO.·
1683 782 1767 866 brt

140 886 223 976 tini
252 878 529 1000 Turonensis,
562 917 649 1000 qua
691 891 732 974 in
766 891 912 978 Millali
955 890 1086 977 nolito
1129 915 1275 1004 extat,
1317 887 1477 980 videtur
1511 897 1764 1013 composita.
1805 915 1808 921 ’
1859 993 1861 997 ,

140 1012 258 1096 Nam
299 1009 340 1094 in
368 1010 550 1097 oratione
574 999 666 1125 post
696 1005 874 1096 nomina:
890 1012 974 1096 hac
1008 1013 1128 1096 habet
1159 1008 1266 1100 bunc
1294 1009 1470 1122 virum,
1498 1045 1650 1131 quem,
1692 1045 1762 1105 coe·

140 1120 285 1215 siculis
314 1124 626 1237 admirandum,
659 1120 920 1244 Martyriba'r
947 1128 1281 1248 adgregandum,
1315 1162 1515 1218 nantis
1549 1162 1762 1222 nosrta

86 1288 89 1293 ·
141 1242 835 1334 uaniora-*nnorurunuur
871 1241 1236 1361 iubearauxilium
1264 1245 1548 1366 nostricferre
1572 1250 1764 1367 tempori·

140 1355 216 1451 bus
244 1361 342 1481 (a).
373 1375 477 1485 Qua
510 1365 653 1481 scripta
685 1365 905 1476 videntur,
937 1365 1106 1476 quando
1136 1369 1338 1453 virtutum
1369 1375 1407 1456 8.
1428 1371 1599 1456 Martini
1626 1399 1763 1456 recens

140 1507 230 1568 erat
263 1488 493 1590 memoria,
524 1490 563 1572 8<
590 1513 756 1593 eorum,
787 1486 859 1595 qui
887 1485 1019 1570 virum
1044 1486 1321 1574 admirabilem
1351 1486 1399 1570 de
1416 1487 1518 1572 sacie
1547 1511 1760 1600 noverant,

138 1601 284 1688 saltem
316 1606 441 1718 aliqui
480 1599 611 1690 adhuc
644 1605 869 1688 vivebant.
901 1604 1020 1692 Unde
1051 1607 1245 1717 conjicere
1286 1606 1380 1691 licet
1421 1605 1523 1691 hanc
1558 1608 1760 1717 Midam,
1887 1637 1889 1647 ·

139 1722 342 1837 triginta,
373 1749 444 1810 aut
475 1723 739 1836 quadraginta
771 1721 914 1829 annia,
956 1724 1040 1836 post
1072 1749 1246 1809 mortem
1278 1732 1317 1813 S.
1335 1726 1539 1833 Martini,
1570 1727 1761 1842 compost·

136 1865 227 1928 tam
259 1844 393 1930 soille.
420 1851 464 1930 P.
481 1850 620 1929 Petrus
648 1845 684 1926 le
707 1850 813 1930 Brun
842 1843 1030 1955 opinatur
1054 1841 1157 1928 hanc
1176 1845 1336 1930 Milsam
1369 1873 1449 1930 non
1481 1845 1552 1930 nist
1582 1846 1667 1960 post
1686 1874 1763 1931 an·
1796 1846 1885 1929 216

134 1989 237 2045 num
267 1963 632 2077 quingentesimum
664 1959 950 2074 sexagesimum
981 1961 1056 2045 else
1083 1960 1346 2079 conscriptam
1357 1957 1451 2080 (b),
1474 1963 1628 2050 'scilicet
1658 1964 1759 2080 poll·

133 2107 262 2191 quam
288 2083 412 2171 Suevi
427 2080 477 2166 ad
495 2081 747 2168 catholicam
770 2079 1110 2165 communionem
1136 2081 1358 2171 redierunt.
1396 2083 1648 2170 Tumienim
1670 2085 1755 2200 opi·

134 2224 259 2284 natur
271 2191 431 2287 cultum
460 2206 501 2289 S.
520 2199 692 2285 Martini
710 2197 908 2313 Hispanos
939 2197 1158 2314 suscepisse.
1188 2207 1249 2288 At
1274 2207 1362 2317 quis
1394 2229 1571 2314 unquam
1602 2201 1756 2288 diceret

135 2348 232 2404 eum
266 2320 478 2406 hominem
508 2315 647 2407 araris
686 2308 828 2434 nostrae
855 2336 1037 2431 tempora
1065 2313 1316 2434 protuliffir,
1354 2349 1479 2433 quem
1508 2343 1603 2407 ante
1633 2349 1756 2406 annos

133 2461 336 2549 centum,
367 2439 630 2553 &sexaginta
656 2459 862 2522 mortuum
894 2439 967 2521 else
994 2434 1212 2523 constaret?
1231 2446 1456 2548 Praeterea,
1491 2440 1562 2525 etsi
1595 2457 1756 2526 venera·

135 2559 196 2642 tio
228 2565 269 2647 S.
285 2559 459 2645 Martini
489 2558 709 2673 plurimum
747 2555 852 2671 apud
880 2555 1076 2671 Hispanos
1106 2553 1223 2644 aucta
1254 2559 1302 2644 stt
1332 2559 1658 2675 pollSue'vorum
1695 2587 1754 2644 re·

132 2676 269 2762 ditum
302 2679 352 2763 ad
381 2679 636 2764 catholicam
668 2675 1042 2783 communionem,
1075 2700 1213 2764 tamen
1243 2676 1313 2764 diu
1342 2703 1460 2766 antea
1490 2685 1528 2767 S.
1548 2682 1750 2764 Martinus
1855 2713 1858 2726 ·

134 2797 174 2883 in
209 2797 406 2912 Hispania
446 2799 679 2904 colebatur,
718 2796 779 2879 uti
817 2822 841 2880 a
880 2800 919 2883 S.
944 2795 1141 2910 Gregorio
1172 2798 1396 2885 Turonensr
1437 2798 1626 2884 docemur
1652 2793 1710 2913 (c)
1737 2860 1748 2884 .
1780 2818 1865 2906 217

130 2918 415 3024 Mabilloniuc,
447 2918 519 3027 qui
549 2912 754 3002 contendit
779 2913 1006 3029 Liturgiam
1028 2918 1352 3025 Mozarabicam,
1385 2917 1460 3003 hoc
1492 2916 1568 3025 est,
1588 2916 1744 3003 Gotho·

133 3036 382 3150 Hispanam,
404 3036 546 3119 'minus
575 3035 783 3145 antiquam
815 3034 888 3120 elie
920 3060 1044 3143 quam
1075 3036 1323 3122 Gallicanam
1345 3029 1442 3150 (d),
1473 3059 1613 3118 contra
1640 3035 1748 3120 hunc

132 3155 268 3241 locum
299 3155 424 3241 Milsa
455 3160 494 3243 S.
513 3152 715 3261 Martini,
746 3152 824 3237 duo
855 3152 1053 3267 opponit.
1083 3155 1299 3260 Primum,
1329 3154 1495 3264 inquit,
1527 3151 1623 3249 illud
1649 3176 1746 3239 aera·
1822 3220 1824 3224 <

131 3270 189 3361 tis
215 3267 360 3390 nostra
386 3273 490 3388 polle
516 3272 704 3386 protrahi·
724 3267 885 3389 longius
913 3299 1035 3387 quam
1052 3268 1248 3360 tad-unum
1265 3266 1491 3384 seculum.
1522 3278 1685 3380 Fateor,
1713 3273 1741 3358 st

132 3387 265 3478 sermo'
292 3394 396 3478 foret
426 3392 475 3476 de
502 3391 688 3506 longavit
719 3392 793 3476 illis
821 3391 1072 3498 hominibus,
1104 3391 1176 3503 qui
1203 3415 1297 3478 ante
1315 3389 1520 3477 deluvium
1541 3390 1742 3477 vixerunt.

131 3513 204 3602 Sed
236 3515 429 3624 quoniam
461 3537 643 3626 tempore
674 3516 712 3597 S.
724 3512 894 3596 Martini
923 3509 1136 3596 bominum
1160 3510 1247 3597 vita
1273 3538 1354 3595 non
1386 3509 1464 3595 suit
1495 3507 1744 3618 diuturnior,

161 3662 253 3718 uam
274 3631 395 3718 modo
412 3631 489 3740 est,
521 3657 670 3742 eaquae
697 3652 789 3714 ante
815 3658 937 3716 annos
962 3656 1126 3716 centum
1154 3630 1405 3741 acciderunt,
1434 3658 1512 3715 non
1531 3649 1653 3717 aetare
1678 3658 1746 3716 no·
1781 3663 1783 3666 ’
1850 3676 1853 3684 ·

123 3661 236 3870 ira,
262 3750 327 3838 sed
346 3758 534 3862 Petrum,
562 3776 633 3836 aut
651 3756 836 3836 Avorum
855 3773 970 3834 atate
988 3749 1092 3865 gesta
1120 3749 1376 3858 dicebantur,
1402 3747 1745 3864 quemadmodum
1775 3746 1858 3829 218

136 3872 254 3957 modo
284 3871 498 3958 dicuntur.
538 3869 694 3954 Deinde
724 3869 925 3984 opponit,
967 3861 1098 3956 verba
1125 3863 1203 3955 illa
1232 3869 1358 3955 atatis
1389 3867 1525 3952 nostra
1557 3899 1608 3955 ex
1635 3863 1742 3954 anri·

132 3986 268 4105 quiori
295 3984 490 4104 Lirurgia
524 3983 735 4103 desumpta
763 3980 921 4102 fuisse.
962 3990 1002 4076 Si
1036 3988 1100 4072 vir
1132 3989 1309 4074 eruditus
1347 3988 1521 4072 nomine·
1537 3983 1741 4102 Licurgiae

130 4110 327 4222 intelligat
356 4109 510 4194 Missale
541 4105 740 4217 aliquod,
769 4130 841 4192 aut
871 4106 1266 4218 Sacramentarium,
1297 4134 1376 4191 non
1409 4133 1616 4221 repugno.
1657 4108 1742 4191 Pla·

130 4256 227 4312 num
259 4229 370 4313 enim
409 4226 464 4314 est
506 4225 708 4340 plerasque
735 4225 902 4334 Missas,
943 4254 1030 4335 qua
1063 4225 1182 4310 modo
1224 4227 1266 4312 in
1304 4226 1451 4312 Millali
1481 4224 1742 4311 Mozarabico

128 4347 327 4432 habentur
358 4375 409 4432 ex
440 4347 657 4458 antiquiori
696 4345 832 4458 aliquo
856 4345 1003 4431 Miliali
1034 4346 1370 4460 Gotho-Hispano
1407 4342 1518 4431 luisse
1557 4342 1742 4458 deprom·
1843 4353 1846 4358 ’

129 4491 249 4581 ptas.
281 4464 357 4556 Sed
385 4465 541 4551 Millale
572 4462 681 4551 illud·
699 4463 872 4576 ejusdem
900 4488 986 4550 erat
1018 4465 1149 4574 ritus,
1179 4465 1290 4577 cujus
1318 4463 1372 4549 est
1399 4462 1514 4549 Milia
1544 4464 1741 4551 S.Marti·

127 4586 199 4696 ni,
234 4583 382 4671 scilicet
413 4583 647 4699 Hispanici,
681 4608 803 4698 atquc
835 4581 934 4670 adeo
963 4583 1081 4671 Missa
1111 4591 1150 4673 S.
1174 4583 1381 4692 Martini,
1423 4580 1609 4694 quamvis'
1640 4582 1740 4668 olim

125 4703 165 4789 in
190 4703 414 4814 antiquiori
445 4703 590 4790 Millali
621 4703 814 4820 descripta
843 4703 997 4812 fuerit,
1029 4704 1070 4788 in
1098 4726 1381 4818 argumentum
1409 4699 1661 4811 antiquitatis
1689 4701 1742 4785 ri·

124 4845 185 4908 tus
206 4821 392 4938 Hispani
424 4817 529 4906 resle
561 4820 797 4910 adducitur.
826 4823 925 4933 Sin,
956 4824 1119 4909 nomine
1147 4817 1348 4939 Litargiae
1376 4818 1501 4905 ritum
1528 4819 1579 4904 ab
1598 4818 1739 4934 Hispa·

125 4970 175 5028 no
193 4939 352 5033 Ordine
379 4941 576 5030 diversum
603 4943 831 5059 intelligat,
864 4944 922 5030 illi
950 4970 1029 5027 non
1061 4942 1269 5050 assentior,
1301 4940 1418 5052 eique
1437 4939 1554 5025 Milia
1580 4935 1742 5026 SMar·

124 5062 199 5147 tini
229 5063 481 5177 opponitur,
512 5089 598 5170 qua
631 5062 776 5172 ubique
806 5063 931 5152 ritum
964 5060 1344 5177 GothoHispanum
1378 5057 1659 5172 repraesentat,
1696 5062 1737 5146 8(

124 5203 399 5298 argumenta,
428 5177 619 5268 hedenus
648 5181 838 5298 prolata,
869 5180 990 5270 fidem
1021 5181 1209 5295 faciunt,
1247 5179 1473 5297 Liturgiatn
1503 5176 1737 5384 erpho-Hi·

1568 5325 1742 5414 panam,

1974 3720 2076 3812 ...s

131 5513 272 5602 maligno
290 5515 400 5602 nostrae
414 5517 585 5601 seriantar
608 5519 768 5588 cervices,
789 5519 898 5605 gladio
959 5511 1304 5581 seo.r.exn0c10co
1330 5513 1428 5581 Miss'ae
1450 5507 1628 5576 S.Martini
1656 5503 1739 5570 scite

128 5605 221 5668 verbi
238 5610 292 5672 tur,
307 5629 357 5671 not
371 5606 496 5669 reddito
520 5603 648 5689 efficaces
665 5648 673 5665 .
702 5605 798 5671 Plora
812 5603 900 5685 ejus·
915 5673 917 5677 ,
959 5605 1196 5672 animadvertit
1207 5604 1388 5689 Liturgiam
1403 5597 1644 5665 Mozarabicam
1658 5609 1741 5657 ata-

130 5694 218 5756 modi
235 5692 268 5758 iu
280 5693 519 5767 Orationibus,
542 5694 571 5757 St
588 5695 684 5758 Millis
702 5710 898 5759 occurrunt.
962 5705 1029 5757 tem
1046 5694 1205 5757 S.ls1dori
1222 5694 1319 5776 longe
1332 5688 1507 5778 superare.

132 5779 280 5867 Quorum
297 5782 410 5866 aliqua
423 5780 579 5845 alludunt
593 5782 634 5843 ad
651 5782 735 5847 Loca
751 5786 903 5857 munita,
1006 5782 1065 5867 (b)
1090 5783 1223 5866 Explic.
1240 5781 1325 5845 Mill.
1339 5783 1472 5844 Toma.
1488 5785 1638 5861 pag.284.

133 5866 246 5955 inque
262 5869 399 5958 Hispani
417 5868 449 5936 se
461 5870 671 5957 recipiebant,
688 5871 767 5935 dum
780 5875 905 5938 Barba·
1008 5874 1064 5960 (t)
1087 5874 1138 5934 De
1152 5870 1265 5935 Mirac.
1282 5875 1313 5934 8.
1327 5866 1461 5930 Martini
1478 5863 1568 5944 lib.3.
1578 5870 1683 5949 cap.8.

133 5954 157 6020 ti
167 5958 295 6024 omnem
308 5978 422 6048 agrurn
438 5956 736 6046 depopularentur.
758 6038 759 6041 Ἴ
1011 5963 1072 6047 (d)
1096 5953 1488 6044 DeLiturgiaGallicana
1510 5952 1606 6021 liba.
1632 5971 1741 6045 cap·4.

85 6100 90 6113 ,
174 6050 232 6139 (a)
252 6049 434 6120 amaon
458 6068 522 6119 rer.
533 6049 651 6146 liturg.
662 6046 757 6132 liba,
778 6065 905 6143 capnt.
966 6066 1116 6115 numuo.
