4450 7209
287 701 362 776 194
700 681 752 757 lN
777 681 857 759 DIE
882 674 1292 761 RESURRECTIONIS
1317 670 1531 750 DoMltur
1582 768 1588 775 ἰ

282 782 343 852 bus
373 801 448 853 cunr
481 775 619 857 lallucis
646 783 832 881 agrestibus
870 812 879 854 z
914 778 1078 878 populum
1130 777 1240 850 secula
1258 775 1450 847 seculorum
1467 793 1589 844 amen.
1617 761 1851 843 maliferae
1877 788 1950 842 no·
1975 785 2016 866 55

280 899 376 952 tuum
390 875 562 952 celebrare
577 883 718 965 julsrsti.
745 884 868 974 quique
896 882 998 954 etiam
1016 903 1078 974 per
1129 878 1179 949 bis
1193 871 1357 958 alleluia.
1384 876 1421 943 si
1440 869 1610 964 placuerit
1635 869 1726 939 dicct
1748 863 1945 966 Presbyter

280 972 472 1054 Samuelem
498 996 611 1050 vatem
639 980 847 1054 formidante
866 976 999 1074 populo
1014 995 1076 1051 tuo
1128 974 1281 1069 hymnum
1310 973 1414 1042 trium
1438 984 1643 1062 puerorum·
1673 964 1883 1039 Benedictus
1899 990 1942 1040 es

283 1071 516 1170 applicandum
533 1065 570 1146 te
585 1075 618 1145 in
635 1102 756 1173 agnum
784 1074 967 1150 lactentem
987 1074 1074 1168 piam
1126 1071 1305 1145 Domine.
1322 1073 1472 1139 Invenies
1500 1087 1555 1137 eos
1579 1067 1612 1136 in
1641 1068 1785 1138 omnium
1798 1064 1942 1159 offirm-

229 1191 249 1263 5
282 1171 499 1246 arfinceram
527 1171 590 1243 tibi
619 1174 787 1249 orationis
807 1176 944 1248 hostiam
959 1172 1080 1245 offerri
1130 1173 1244 1242 tium·
1271 1177 1396 1239 lterum
1421 1165 1511 1236 ditat
1524 1158 1707 1260 Presbyter
1732 1163 1767 1234 in
1792 1165 1941 1239 medium

207 1357 212 1367 Ι
281 1268 488 1365 precepisti.
512 1269 689 1343 offerimus
719 1274 823 1346 etiam
850 1275 885 1345 &
910 1296 969 1344 nos
991 1272 1080 1344 indi·
1128 1266 1275 1339 altaris.
1307 1265 1375 1337 Per
1390 1262 1504 1341 omnia
1518 1260 1655 1356 semper
1670 1256 1783 1336 secula
1797 1258 1939 1344 seculo·
1971 1262 2013 1336 60

284 1367 345 1462 gni
363 1365 476 1438 famuli
492 1368 563 1440 tui·
592 1371 636 1440 Α.
660 1371 840 1466 posisacra
857 1367 1083 1444 solenniahu-
1136 1365 1447 1457 rum-&Amem
1573 1360 1717 1433 orello·

281 1468 335 1550 ius
362 1464 429 1537 diei
465 1462 625 1558 paschalis
653 1468 739 1541 hanc
766 1489 958 1544 creaturam
975 1468 1080 1563 agnis
1133 1461 1276 1640 Tibi
1293 1455 1658 1560 gloriamconcinimus
1675 1455 1826 1535 Domine
1839 1458 1942 1534 Deus

282 1585 382 1656 quam
408 1564 503 1636 nobis
544 1563 671 1638 exactis
714 1568 923 1652 jejuniorum
961 1566 1081 1638 diebus
1242 1557 1766 1652 nollerstuamquepoteutiam
1787 1556 1943 1654 pollula-

208 1680 252 1733 to
284 1661 504 1755 preparandis
529 1656 699 1755 paulisper
729 1663 934 1757 corporibus
966 1661 1081 1737 indul·
1133 1678 1207 1728 mus
1241 1683 1251 1725 =
1281 1657 1415 1730 utficut
1431 1656 1616 1753 pronubis
1638 1657 1946 1749 peccatoribusdi·

284 1781 367 1856 gere
389 1758 528 1842 iulhlli.
555 1761 735 1835 Precanrut
762 1783 798 1834 ut
823 1783 899 1834 eum
929 1785 991 1855 per
1020 1785 1084 1835 nos
1137 1773 1260 1848 gnatus
1289 1781 1325 1827 es
1347 1757 1437 1830 mori
1465 1783 1475 1823 ε
1502 1757 1537 1827 bt
1567 1752 1774 1829 clarificatus
1787 1754 1945 1834 secundo
1969 1755 2010 1848 ὅς

286 1852 430 1929 famulos
457 1877 536 1929 tuos
554 1878 593 1926 ac
611 1855 779 1931 minillros
811 1883 874 1931 ore
891 1859 1006 1934 tenuo
1021 1878 1084 1933 tuo
1134 1851 1210 1943 post
1226 1854 1369 1927 tertium
1387 1853 1479 1926 diem
1494 1852 1676 1949 apparuisti
1692 1852 1726 1924 in
1736 1849 1855 2022 gloria
1885 1879 1945 1928 te·

285 1952 1088 2030 benedicas:udexteratuasanctificesamen.
1136 1947 1391 2027 surrectionis:
1421 1952 1470 2026 ita
1499 1976 1563 2045 per
1595 1969 1632 2022 te
1654 1948 1737 2026 abso
1751 1951 1803 2023 uti
1830 1950 1865 2023 in
1901 1971 1942 2026 te

286 2051 408 2147 Sitque
429 2048 524 2124 illum
552 2052 650 2125 nobis
667 2053 845 2147 percipere
861 2057 979 2138 jubeas
1008 2084 1016 2125 s
1044 2073 1084 2127 ut
1136 2068 1326 2123 mereamur
1350 2050 1476 2124 habere
1503 2066 1708 2144 perpetuum
1738 2049 1904 2144 gaudium
1934 2077 1946 2121 s

210 2165 253 2238 ις
286 2146 426 2224 baculos
455 2149 525 2244 spei
550 2150 714 2224 habentes
746 2151 959 2227 inmanibus
989 2177 998 2217 ε
1030 2177 1085 2225 re·
1137 2142 1350 2222 itautnobis
1377 2149 1536 2242 preceffit
1570 2169 1653 2222 vere
1682 2145 1946 2223 resurredionis
2004 2174 2011 2193 ·

239 2334 244 2345 ι
286 2248 382 2320 nibus
411 2245 568 2320 accinffls
596 2247 751 2341 turpibus
777 2247 876 2321 rebus
902 2250 1084 2323 renovatis
1136 2243 1328 2340 exemplum
1344 2295 1355 2319 .
1374 2253 1574 2338 nahmen·
1972 2258 2016 2346 70'

286 2345 321 2418 in
347 2344 505 2421 novitate
536 2346 611 2421 vite
644 2346 688 2415 fic
715 2345 956 2421 amaritudines
984 2346 1086 2422 seculi
1419 2342 1658 2417 Aliaoratio.

284 2443 518 2539 pretereuntis
547 2441 748 2517 omittamus
778 2473 786 2514 s
820 2468 862 2517 ne
889 2465 990 2519 retro
1017 2445 1087 2519 res·
1236 2440 1415 2520 Eexcelsa
1444 2441 1515 2518 laus
1536 2442 1571 2513 in
1600 2437 1766 2514 altissimis
1795 2443 1900 2516 decet
1932 2471 1946 2516 t

285 2540 451 2634 picitntes
489 2568 508 2614 a
545 2541 683 2613 tramite
715 2542 845 2628 iusticie
883 2546 1086 2617 recedamus
1249 2538 1470 2615 tibieterris
1489 2539 1637 2639 gloriam
1656 2537 1798 2612 Ecclefia
1819 2543 1943 2616 canite

206 2652 255 2707 so
286 2659 408 2710 emen.
436 2636 681 2732 Sicquevitam
698 2642 889 2734 presentem
919 2641 1086 2716 trisseli-
1136 2654 1239 2727 atque
1265 2638 1364 2728 hujus
1389 2661 1530 2715 caterve
1564 2655 1754 2710 concentus
1783 2641 1824 2710 ad
1852 2642 1939 2716 allra

211 2770 245 2837 '.
285 2734 349 2807 hus
366 2736 520 2811 finiamus
549 2763 560 2805 s
590 2756 628 2808 ut
656 2757 691 2812 te
720 2737 952 2831 pretedlorem
967 2763 1006 2813 ac
1022 2741 1083 2812 de·
1134 2732 1300 2825 hymnum
1331 2738 1486 2813 emittit.
1509 2739 1688 2833 Rogamus
1720 2753 1756 2808 te
1774 2739 1943 2834 omnipo·
1970 2755 2010 2835 75

284 2832 456 2910 seniorem
470 2835 619 2907 noslrutn
633 2836 765 2931 semper
781 2836 816 2909 in
832 2833 940 2910 oculis
958 2839 1084 2912 habea·
1137 2847 1216 2940 tens
1230 2832 1325 2907 Deus
1355 2865 1364 2903 ε
1394 2855 1432 2909 ut
1446 2836 1531 2912 ficut
1552 2857 1626 2910 tuas
1644 2831 1835 2908 solenniter
1849 2861 1937 2930 por·

284 2954 360 3004 mus
387 2952 509 3009 amen.
539 2934 586 3005 Ut
611 2938 654 3008 ad
682 2953 807 3007 terram
832 2937 968 3009 beatam
984 2960 1083 3030 quam
1138 2927 1282 3024 trgimus
1306 2932 1423 3007 laudes
1453 2961 1464 3001 s
1489 2935 1539 3006 ita
1572 2954 1712 3026 precum
1750 2933 1944 3011 nostrarum

284 3025 350 3102 illis
363 3029 541 3126 promisisti
559 3055 621 3125 ptr
633 3033 777 3130 figuram
793 3063 801 3102 ε
818 3032 917 3106 nobis
935 3032 1083 3106 reserasti
1135 3028 1254 3110 jubeas
1268 3031 1453 3107 efficaciter
1463 3031 1631 3125 suscipere
1641 3038 1943 3120 vocesssanmen.

205 3142 255 3220 ος
287 3149 350 3222 per
364 3129 511 3225 gratiam
538 3153 549 3197 r
575 3147 611 3201 te
628 3130 713 3202 duce
728 3154 958 3225 cumoperum
973 3132 1087 3206 bono.
1139 3127 1208 3196 Per
1221 3127 1487 3204 misericordiam
1515 3149 1606 3204 tuam
1632 3129 1727 3200 Deus
1741 3129 1857 3201 noster
1873 3133 1943 3205 &o

284 3247 362 3297 rum
377 3224 489 3299 srudu
504 3225 696 3300 exultantes
712 3227 1086 3325 perveniamushmen.
1137 3224 1311 3297 Dominus
1325 3229 1367 3301 fit
1380 3228 1517 3326 semper
1530 3225 1717 3299 vobiscum.
1736 3227 1829 3319 habt
1849 3251 1941 3300 curn.
1971 3225 2011 3300 80

285 3324 414 3396 Deinde
430 3321 605 3397 dicit.Deo
620 3326 748 3423 gratias
761 3323 872 3423 tribus
885 3326 1029 3400 uicibus.
1045 3337 1087 3400 Et
1162 3324 1371 3418 Principium
1385 3321 1591 3422 apocalipsss
1607 3325 1758 3398 lobannis
1773 3322 1946 3422 Apostoli.

282 3416 353 3518 poll
365 3421 425 3493 hec
438 3420 570 3493 dicit.ln
585 3421 723 3497 nomine
740 3422 880 3498 Domini
895 3425 998 3499 nostri
1009 3427 1087 3504 lesu
1141 3433 1189 3511 8²·
1206 3417 1285 3492 Deo
1302 3424 1453 3519 gratias.

284 3517 679 3595 Christiesandlificatus
692 3521 747 3596 hic
763 3543 867 3621 agnus
879 3544 1089 3617 permaneat.
1247 3519 1430 3615 Pocalipfis
1463 3519 1540 3599 Jesu
1579 3519 1704 3596 Christi
1740 3543 1841 3617 quam
1879 3522 1944 3595 de·

97 3655 105 3674 ι
209 3630 259 3710 30
1256 3617 1308 3692 dit
1336 3616 1383 3690 illi
1417 3619 1513 3692 Deus
1542 3618 1650 3714 palam
1685 3618 1798 3692 facere
1830 3619 1942 3693 servis

245 3750 251 3761 ·
398 3713 452 3786 IN
469 3713 548 3788 DIE
563 3709 970 3794 RESURRECTIONIS
1137 3713 1202 3786 suis
1231 3742 1241 3783 s
1270 3738 1335 3811 que
1348 3737 1494 3810 oportet
1509 3718 1582 3790 fieri
1596 3719 1692 3790 cito.
1718 3718 1758 3790 Et
1784 3717 1941 3814 signavit
1973 3712 2011 3808 85

579 3814 764 3887 DOMINI
785 3865 796 3886 .
1137 3811 1278 3885 mittens
1295 3813 1461 3910 Angelum
1479 3812 1571 3888 suum
1581 3815 1681 3888 servo
1695 3813 1755 3888 suo
1767 3818 1940 3892 lobannis

495 3909 692 4006 ddMfficm
707 3910 877 4002 Officium}
1135 3911 1193 4002 qui
1212 3911 1438 3986 testimonium
1452 3913 1626 4009 perhibuit
1654 3915 1765 3987 verbo
1791 3915 1861 3986 Dei
1878 3942 1889 3985 s
1904 3916 1942 3989 81

285 4007 476 4181 Libera
490 4035 553 4086 nos
570 4012 659 4085 filius
673 4011 740 4083 Dei
754 4010 917 4088 Salvator
942 4013 1085 4089 noster.
1135 4007 1369 4085 testimonium
1391 4010 1469 4088 lesu
1495 4008 1621 4085 Christi
1646 4033 1859 4106 quecumque
1885 4013 1942 4084 vi·

209 4118 253 4198 35
390 4106 536 4198 alleluja:
553 4105 1084 4202 allelujasalleluja.rb·Cantate
1135 4105 1205 4179 dit.
1234 4113 1362 4184 Beatus
1391 4109 1447 4201 qui
1470 4105 1559 4205 legit
1576 4110 1610 4180 δι
1625 4106 1682 4202 qui
1708 4110 1800 4180 audit
1829 4112 1938 4184 verba

283 4203 437 4278 Domino
463 4208 638 4280 canticum
664 4230 796 4279 novum
822 4210 929 4303 :quia
944 4209 1084 4282 mirabi-
1133 4204 1315 4297 prophetie
1342 4234 1350 4274 ε
1377 4210 1411 4279 δι
1429 4208 1541 4279 servat
1564 4231 1603 4279 ea
1626 4228 1692 4296 quc
1706 4205 1738 4276 in
1757 4231 1798 4278 ea
1809 4205 1939 4304 scripta
1970 4214 2017 4293 90

285 4298 329 4372 ha
346 4301 431 4373 lecit
448 4314 513 4373 .t>.
529 4301 699 4387 Alleluia.
721 4299 770 4394 sl.
784 4302 904 4378 Gloria
918 4307 953 4376 &
967 4307 1084 4380 honor
1133 4301 1235 4370 sunt·
1254 4293 1411 4394 Tempus
1435 4305 1524 4377 enim
1546 4327 1656 4398 prope
1670 4302 1740 4372 est·
1767 4303 1940 4384 lohannes

284 4397 380 4473 Patri
394 4399 428 4470 bt
442 4398 531 4475 Filio
546 4405 581 4475 ἃ
598 4399 743 4494 Spiritui
757 4399 884 4475 Sansio
913 4402 945 4473 in
972 4401 1082 4477 secula
1132 4396 1264 4490 septem
1278 4397 1429 4475 Eccleliis
1455 4425 1522 4494 que
1540 4401 1615 4473 sunt
1633 4400 1664 4469 in
1683 4401 1785 4472 nna.
1812 4402 1940 4478 Gratia

284 4492 473 4570 seculorum
489 4523 585 4572 amen
602 4545 613 4567 ·
643 4494 856 4584 halleluia.
882 4507 919 4570 ln
938 4503 1081 4574 medium
1133 4494 1286 4568 vobis&
1303 4522 1370 4593 pat
1386 4499 1426 4573 ab
1441 4525 1486 4575 eo
1501 4499 1614 4591 quiesi
1630 4525 1640 4565 s
1655 4498 1688 4566 lt
1704 4500 1761 4589 qui
1784 4520 1861 4573 erat
1876 4528 1886 4570 s
1902 4505 1941 4575 δι

209 4607 259 4681 4ο
284 4594 406 4665 altaris
422 4593 722 4691 licararesbyter.
735 4598 802 4672 Per
818 4597 931 4670 omnia
948 4598 1081 4693 semper
1133 4593 1190 4685 qui
1208 4614 1368 4668 venturus
1383 4599 1428 4669 esl
1444 4601 1502 4670 s&
1516 4624 1533 4671 a
1545 4596 1674 4691 septem
1688 4596 1862 4689 spiritibus
1876 4602 1935 4695 qui
2000 4619 2010 4641 ··

283 4689 395 4763 secula
408 4690 618 4769 seculorum.
634 4694 954 4788 132.Amen.Gloria
970 4697 1002 4767 in
1021 4719 1083 4768 erc·
1132 4689 1164 4761 in
1182 4692 1365 4786 conspeetu
1383 4697 1497 4769 throni
1512 4699 1586 4779 eius
1604 4693 1678 4765 sunt
1704 4719 1714 4762 ε
1740 4697 1777 4766 &
1800 4695 1843 4766 ab
1854 4698 1935 4774 Jesu
1969 4716 2013 4791 95

281 4784 375 4859 celsis
389 4790 470 4861 Deo
487 4839 497 4860 .
511 4797 620 4864 Finita
635 4791 755 4867 Gloria
771 4793 924 4865 dicantur
938 4790 990 4878 illi
999 4817 1081 4867 ver·
1130 4788 1269 4861 Christo
1283 4790 1339 4884 qui
1353 4793 1502 4868 clitellis
1523 4789 1633 4865 fidelis
1650 4819 1659 4857 =
1673 4791 1937 4890 primogenitus

273 4887 356 4975 sus.
376 4885 516 4961 sandius
540 4891 635 4960 Deus
653 4891 708 4981 qui
723 4890 819 4961 sedes
836 4890 934 4985 super
946 4892 1082 4964 Cheru·
1129 4894 1364 4961 mortuorum:
1379 4894 1413 4963 dt
1429 4892 1589 4985 princeps
1604 4913 1721 4987 regum
1739 4907 1849 4963 terre.
1864 4896 1937 4984 Qi

282 4982 360 5053 bin.
391 4983 494 5056 Solus
510 4985 712 5058 invisibilis.
740 4987 879 5063 sanlius
903 4990 1006 5064 fortis
1022 4987 1080 5082 qui
1131 4981 1255 5057 dilexit
1272 5011 1333 5058 nos
1348 5018 1357 5056 r
1372 4990 1404 5058 St
1421 4987 1507 5062 lavit
1521 5009 1614 5064 nosa
1630 4990 1782 5083 peccatis
1803 4992 1930 5064 nostris

210 5086 259 5164 45
283 5080 315 5151 in
333 5079 471 5153 excelsis
500 5082 707 5181 glorificaris
724 5085 866 5156 vocibus
889 5087 1079 5182 angelicis.
1131 5083 1164 5153 in
1182 5081 1345 5177 sanguine
1363 5085 1453 5159 luo.
1480 5087 1524 5160 Et
1551 5087 1635 5160 fecit
1652 5110 1716 5159 nos
1732 5110 1878 5182 regnum
1894 5094 1932 5163 δί

282 5175 424 5250 Sardus
439 5177 637 5255 immortalis
650 5180 707 5272 qui
722 5178 810 5253 solus
833 5206 868 5252 es
885 5183 1077 5258 immacula·
1130 5178 1324 5252 sacerdotes
1348 5183 1486 5257 Deo&
1513 5185 1607 5258 Patri
1626 5182 1710 5260 suo·
1736 5185 1803 5278 lpli
1820 5185 1935 5282 gloria
1971 5200 2029 5256 100

284 5295 338 5348 tus
365 5274 561 5350 :Salvator
588 5276 747 5351 miserere
764 5278 890 5351 nobist
920 5277 1079 5352 alleluia.
1129 5276 1165 5346 in
1181 5275 1315 5348 secula.
1347 5281 1432 5353 Ecce
1461 5282 1558 5354 venit
1585 5305 1663 5355 cum
1691 5283 1836 5356 nubibus
1860 5311 1870 5353 s
1900 5287 1938 5359 dt

284 5370 331 5467 pl.
347 5374 483 5470 Dignus
507 5398 543 5444 es
570 5374 720 5450 Domine
738 5373 833 5446 Deus
862 5377 975 5449 noster
989 5377 1080 5449 acci·
1130 5371 1263 5465 videbit
1280 5398 1356 5449 eum
1371 5378 1479 5454 omnis
1493 5376 1611 5452 oculus
1626 5408 1635 5448 ι
1653 5382 1689 5452 bt
1702 5381 1757 5473 qui
1773 5404 1852 5456 eum
1863 5379 1935 5478 pu·

275 5471 530 5568 ,peregloriam
560 5475 595 5546 bl
619 5473 787 5543 honorem
811 5473 845 5540 bt
873 5470 1080 5543 virtutem.
1129 5490 1300 5565 pugerunt
1329 5522 1339 5542 .
1366 5477 1406 5545 Et
1445 5472 1614 5570 plangent
1652 5478 1686 5549 se
1724 5475 1824 5572 super
1859 5505 1936 5556 enm

214 5585 259 5653 ,ο
283 5579 325 5642 Ρ.
356 5568 495 5641 sanetus
523 5571 622 5644 fortis
648 5618 658 5639 .
686 5565 731 5660 rb:
758 5567 930 5656 Qoniam
956 5592 1078 5639 omnes
1130 5589 1248 5639 omnes
1262 5567 1369 5641 tribus
1388 5591 1493 5643 terre.
1508 5575 1585 5669 Ego
1603 5575 1672 5649 sum
1689 5572 1804 5669 alpha
1821 5580 1858 5650 St
1874 5583 1935 5653 0:

284 5687 405 5763 gentes
435 5669 575 5740 venient
608 5673 642 5742 bt
672 5665 858 5739 adorabunt
890 5664 1080 5756 inconspe·
1131 5662 1491 5758 principium&finis=
1509 5673 1592 5744 dicit
1609 5672 1780 5747 Dominus
1813 5676 1936 5750 Deus.
1972 5692 2023 5763 105

283 5763 339 5834 ltu
354 5783 418 5837 tuo
432 5765 582 5838 Domine
597 5769 631 5838 δι
648 5765 786 5837 dicent.
810 5773 854 5832 Ἰ).
870 5764 1006 5836 Sanslus
1021 5761 1082 5833 im·
1131 5758 1203 5846 Qi
1220 5761 1265 5830 ell
1289 5789 1297 5829 r
1320 5767 1353 5834 dt
1368 5766 1424 5855 qui
1439 5788 1512 5841 erat
1540 5797 1550 5836 s
1581 5774 1615 5840 δι
1631 5771 1687 5864 qui
1703 5791 1873 5844 venturus
1891 5779 1938 5847 cll

282 5860 438 5933 mortalis
457 5911 467 5930 .
495 5863 543 5949 rb.
559 5863 758 5937 Benedidlio
782 5864 816 5933 &
833 5862 944 5939 honor
957 5862 991 5931 dt
1002 5856 1082 5953 glo·
1133 5856 1366 5948 omnipotens.
1381 5877 1428 5954 132.
1440 5867 1796 5940 Amenmicarvresb.
1811 5873 1939 5945 Domi.

278 5957 664 6058 tiuvirtus&potcstss
693 5961 759 6040 tihi
791 5960 875 6038 Deo
903 5958 1020 6044 nostro
1050 5956 1086 6034 lu
1136 5977 1198 6032 ¹1⁰⁵
1212 5954 1252 6028 stt
1266 5953 1397 6053 semper
1414 5962 1838 6062 vobiscunmcfireum.
1963 5973 1966 5979 '

1847 6065 1953 6161 rnr-
