4450 7209
285 697 376 808 2⁰4,
632 683 771 770 1²13th
798 689 1000 786 omnum
1026 693 1145 769 POST
1172 691 1619 771 RESURRECTIONEM.

200 823 212 839 ·
286 788 445 892 largiaris
459 788 561 867 nobis
575 789 753 889 quesumus
774 813 852 865 cum
878 792 1091 888 regeneratis
1891 809 1896 815 ·
1988 822 2028 894 55

290 890 475 967 infantibus
490 889 703 964 conscientie
717 887 908 983 puritatem
924 892 972 963 ita
985 890 1092 964 habe·
1254 889 1394 967 FERIA
1409 891 1612 985 QJARTA
1633 894 1845 973 PASCHE.

283 1016 328 1069 oe
344 991 425 1064 dum
441 988 588 1062 vivimus
604 1010 615 1056 r
632 1005 670 1058 ut
702 1009 748 1057 ex
764 987 832 1059 hoc
849 989 924 1081 posi
941 989 1015 1061 vite
1031 988 1095 1062 hu·

282 1094 343 1177 'jus
359 1085 536 1161 excursum
548 1108 624 1158 cum
641 1081 767 1158 eisdem
786 1109 806 1157 a
830 1102 866 1157 te
883 1085 1013 1182 pariter
1028 1109 1093 1161 co·
1356 1085 1556 1182 Aerffitm
1569 1086 1737 1179 Officium.
1841 1147 1843 1150 Α

227 1208 255 1288 5
289 1185 571 1272 ronemur.Quo
586 1181 776 1276 omnesqui
792 1205 881 1256 nunc
899 1204 961 1256 tue
978 1184 1092 1259 resur·
1192 1182 1311 1261 Dicite
1342 1189 1376 1263 in
1400 1187 1600 1263 nationibus
1626 1234 1638 1257 .
1675 1193 1824 1286 Require
1856 1206 1953 1262 retro

214 1314 220 1332 ·
288 1282 451 1360 ῐοᾶἱοηίε
465 1279 630 1355 vibiorias
644 1279 789 1356 ovando
814 1278 1029 1356 excolimus=
1053 1283 1088 1356 in
1142 1285 1199 1355 in.
1230 1287 1376 1374 Μυῖα
1401 1287 1661 1379 Refiarreiiionit
1683 1293 1818 1363 Domini
1830 1336 1841 1358 .
1861 1286 1953 1373 folio
1983 1290 2027 1361 60

207 1436 210 1440 n
288 1376 552 1457 resurrectionis
566 1375 692 1458 ultimo
707 1378 764 1453 die
780 1378 838 1454 ain
866 1382 966 1467 hujus
982 1378 1095 1457 hostie
1150 1391 1290 1455 crctrt.
1310 1385 1440 1458 Oratio·
1455 1373 1532 1456 Tibi
1548 1381 1695 1480 gloriam
1710 1387 1924 1460 concinimus
1940 1430 1953 1453 .

286 1477 446 1555 litatione
461 1474 657 1575 salvemurg
1195 1485 1341 1579 Require
1360 1496 1451 1553 retro
1475 1484 1509 1553 in
1523 1483 1575 1556 die
1593 1479 1853 1578 &successionis
1877 1492 1951 1555 Do·

335 1583 559 1677 qunen„
1149 1582 1256 1651 mini.
1274 1579 1514 1667 fortocrcru.

209 1700 257 1756 10
1671 1703 1674 1710 '

438 1781 501 1852 tad
522 1777 707 1858 orationem
722 1781 954 1858 Dominicam}
1201 1774 1410 1891 adparalipsss
1427 1776 1593 1870 primnis
1609 1773 1789 1878 Apostoli.
1817 1782 1952 1873 &.Deo
1982 1781 2024 1873 65

475 1926 478 1931 ·
1179 1899 1303 1952 ratras.
1853 1886 1956 1951 cadi.

397 1976 434 2048 D
449 1978 637 2055 terribilem
663 1981 826 2056 thronum
855 1977 971 2056 altaris
1001 1975 1102 2053 cursu
1153 1900 1177 1976 g
1260 1972 1378 2072 Ngelo
1392 1977 1551 2073 Pergami
1568 1975 1714 2052 Ecclefie
1727 1978 1836 2054 scribe
1852 2026 1863 2047 .
1879 1980 1958 2050 Hec

411 2079 552 2155 concito
563 2083 666 2156 Pater
680 2080 901 2173 omnipotens
910 2090 1101 2174 properatu-
1269 2075 1351 2147 dicit
1367 2075 1425 2169 qui
1440 2076 1544 2148 habet
1559 2075 1759 2171 rompheam
1784 2100 1831 2149 ex
1861 2095 1959 2151 utra·

209 2190 258 2269 ῦς
296 2175 534 2274 tesavestigia
548 2177 630 2276 agni
658 2177 814 2250 viventis
842 2199 917 2251 cum
946 2174 1095 2249 lacrimis
1147 2194 1213 2265 que
1228 2192 1326 2265 parte
1340 2193 1495 2249 acutam·
1522 2174 1605 2251 Scio
1620 2173 1674 2247 ubi
1688 2175 1820 2247 habitas
1854 2202 1866 2244 e
1898 2171 1958 2248 ubi

292 2267 488 2346 osculantes
505 2301 514 2344 e
531 2292 787 2374 unguentorum
813 2295 852 2357 ac
870 2273 1029 2346 flesluum
1054 2272 1098 2344 li·
1146 2269 1243 2343 sedes
1256 2272 1303 2342 est
1321 2273 1471 2343 Sathane
1488 2299 1498 2339 a
1514 2275 1547 2344 dt
1561 2290 1661 2344 tener
1676 2295 1801 2348 nomen
1816 2298 1954 2346 meuma
1981 2293 2023 2370 70

194 2432 199 2439 .
293 2366 450 2444 bameutt
464 2371 846 2450 offerimus.Poscimus
861 2372 975 2467 itaque
992 2370 1097 2467 piilsr·
1144 2372 1181 2442 δι
1199 2392 1268 2443 non
1283 2368 1411 2466 negasti
1429 2369 1531 2445 fidem
1544 2394 1654 2446 meam
1670 2415 1684 2440 .
1713 2371 1754 2442 Et
1782 2372 1815 2442 in
1830 2371 1953 2443 diebus

291 2489 348 2543 me
363 2470 459 2544 Deus
476 2495 485 2538 a
503 2489 542 2545 ut
557 2473 753 2567 penitentie
777 2472 929 2545 flectibus
944 2468 1097 2545 omnium
1146 2469 1292 2566 Antipas
1320 2469 1410 2544 tellis
1439 2491 1534 2539 meus
1552 2467 1663 2542 fidelis
1680 2470 1736 2561 qui
1758 2467 1889 2545 occisus
1906 2469 1955 2541 est

291 2583 434 2660 peccata
448 2564 673 2645 inventura&
687 2566 927 2667 indulgentiali
942 2592 1098 2665 unguen·
1146 2569 1238 2661 apud
1267 2590 1331 2641 vos
1350 2597 1360 2633 a
1375 2564 1432 2638 ubi
1448 2566 1610 2640 Sathanas
1624 2566 1755 2641 habitat
1770 2617 1781 2638 .
1807 2569 1875 2638 Sed
1890 2569 1954 2640 ha·

207 2679 262 2746 bo
293 2679 337 2737 to
361 2665 658 2743 oss'aEccleliasiici
685 2671 847 2767 corporis
879 2665 1096 2780 solidentur..
1147 2665 1217 2737 beo
1232 2664 1393 2737 adversus
1410 2683 1586 2776 repaucar
1616 2666 1720 2738 habes
1740 2663 1955 2739 itlicdoctri·

294 2761 1099 2958 itstltllliblinfflhllt‘ltlllt
1148 2761 1958 2937 hlahlttnllrlhilttllhhlzl
1980 2781 2021 2858 ⁷⁵

291 2956 509 3039 Hierusalem
534 2958 691 3039 celestem
719 2957 898 3038 modulata
913 2978 1098 3057 portantes
1149 2956 1342 3030 nicari.Ita
1355 2961 1458 3030 habes
1474 2960 1508 3031 ὃ(
1524 2981 1561 3030 tu
1578 2979 1735 3034 tenentes
1751 2959 1946 3034 doctrinam

291 3053 458 3135 sacrificia
472 3058 621 3136 introire
639 3083 827 3134 mereamur
843 3058 1098 3155 proclamantes
1151 3052 1421 3131 Nicolaitarum·
1445 3055 1614 3131 Similiter
1621 3059 1847 3154 penitentiam
1864 3082 1928 3155 age
1946 3085 1956 3125 a

210 3173 260 3256 μ’
294 3156 434 3230 eterris
452 3206 463 3230 .
479 3163 584 3235 Pater
598 3159 712 3231 noster
750 3159 785 3232 ui
799 3181 835 3229 es
857 3156 891 3228 in
910 3155 993 3231 celis
1010 3203 1021 3224 -
1038 3160 1101 3230 Hic
1151 3152 1369 3244 fiquominus
1383 3155 1486 3228 venio
1497 3154 1558 3228 tibi
1573 3156 1690 3233 citor&
1705 3156 1868 3253 pugnabo
1880 3179 1957 3226 cum

236 3256 239 3263 ’
292 3253 576 3330 dicarPresbiter
588 3303 599 3326 .
613 3255 707 3329 Vicit
727 3183 793 3331 leo
816 3256 860 3326 de
889 3255 981 3328 tribu
990 3254 1100 3339 Juda.
1150 3248 1217 3322 illis
1242 3253 1273 3324 in
1289 3252 1407 3350 gladio
1424 3255 1496 3326 oris
1514 3255 1580 3326 mei
1595 3302 1606 3323 .
1622 3255 1691 3349 Qui
1705 3255 1807 3327 habet
1835 3276 1952 3327 aurem
1982 3246 2026 3320 ὅθ’

291 3347 423 3423 ⁴Tribus
434 3349 569 3428 viribus
581 3399 593 3423 .
605 3356 752 3448 Require
766 3356 800 3425 in
814 3354 869 3428 die
886 3353 1003 3443 sausio
1028 3364 1103 3427 Pa·
1152 3348 1266 3422 audiat
1283 3381 1292 3421 a
1306 3350 1389 3446 quid
1404 3351 1551 3444 Spiritus
1564 3351 1654 3427 dicat
1670 3351 1824 3426 Ecclefiis
1844 3399 1855 3421 .
1874 3351 1958 3422 Viu-

287 3442 370 3536 scbe
384 3495 396 3519 .
411 3452 501 3526 Folio
518 3458 688 3523 carthtt.
1152 3447 1246 3520 centi
1260 3451 1351 3523 dabo
1367 3451 1472 3522 edere
1487 3473 1608 3523 manna
1634 3451 1873 3524 absconditum
1890 3480 1901 3519 a
1917 3451 1953 3521 δι

342 3547 470 3620 Deinde
495 3552 586 3622 dicar
597 3546 800 3622 Pressius.
815 3543 1006 3622 Humiliate
1035 3571 1102 3624 vos
1152 3544 1469 3622 daboeicalculum
1484 3549 1739 3622 candiduma&
1765 3550 1798 3621 in
1828 3543 1959 3623 calculo

207 3661 263 3743 30
292 3637 528 3719 benedictioni
544 3645 741 3722 .Dominus
755 3645 797 3723 fit
819 3642 953 3744 semper
980 3640 1106 3722 vobis·'
1153 3667 1277 3718 nomen
1292 3669 1405 3720 meum
1420 3644 1692 3743 scriptumrquod
1710 3670 1813 3726 nemo
1828 3646 1891 3722 scit
1906 3644 1959 3720 ui·

291 3743 639 3844 cumyqtglitcum·
1090 3793 1092 3797 v
1152 3742 1640 3842 fiquiaccipitdjorlmen·
1986 3740 2024 3833 85

1203 3844 1305 3915 Dicat
1331 3840 1509 3916 rresbirer
1533 3891 1544 3912 .
1569 3843 1740 3921 Dominus
1753 3843 1798 3916 fit
1826 3842 1960 3937 semper

589 3945 803 4023 Beatissimi
1155 3940 1330 4016 vobiscum
1347 3943 1591 4036 .152.Etcum.
2009 3942 2016 3959 '

1202 4041 1514 4131 Pfiallendo.Deus
1537 4042 1651 4115 noller
1675 4039 1709 4114 in
1736 4036 1815 4114 celo
1831 4072 1840 4110 ε
1856 4044 1891 4114 dt
1922 4041 1957 4115 in

210 4152 264 4243 ξς
296 4137 530 4324 Cllridus
544 4144 718 4223 Dominus
731 4167 775 4217 ex
788 4148 882 4231 cuius
898 4142 1008 4217 latere
1022 4165 1102 4240 pro·
1151 4157 1269 4212 terra·
1300 4140 1429 4212 Omnia
1460 4163 1670 4235 quecumque
1701 4136 1816 4214 voluit
1847 4140 1958 4213 fecit.

208 4246 220 4271 ²
407 4241 508 4313 fluxit
525 4241 659 4340 sanguis
674 4246 709 4315 δι
724 4267 810 4337 aqua
827 4272 835 4311 a
853 4244 974 4314 horum
991 4242 1100 4315 sacra·
1150 4234 1199 4328 ir.
1213 4238 1250 4308 ln
1266 4237 1362 4311 exitu
1376 4237 1476 4310 lsrael
1494 4241 1537 4310 de
1552 4238 1695 4335 Egypto
1711 4240 1833 4311 domus
1844 4238 1954 4316 Jacob
1987 4246 2036 4317 90

294 4354 493 4413 mentorum
506 4339 778 4437 participatione
793 4341 829 4411 δι
842 4340 996 4411 neofitos
1011 4361 1099 4411 enu·
1148 4339 1193 4408 de
1207 4332 1338 4432 populo
1352 4335 1498 4412 barbaro
1511 4385 1521 4407 ·
1532 4349 1576 4408 Ῥ.
1586 4342 1711 4411 Omnia
1724 4358 1953 4431 quecumque.

291 4432 379 4509 tritt
394 4436 463 4510 fide
481 4461 492 4505 r
508 4438 544 4509 bt
573 4459 637 4511 vos
668 4462 686 4509 a
716 4435 868 4532 peccatis
899 4432 1098 4508 emaculet.
1196 4436 1298 4505 Dicat
1316 4431 1710 4509 Presbiter.Silentium
1725 4436 1827 4508 facite
1851 4482 1863 4504 .

293 4543 346 4630 δε.
362 4535 503 4607 Amen·
528 4537 587 4607 Ad
608 4533 864 4630 inllarquoque
891 4550 1097 4609 renatorum
1225 4534 1336 4608 cattio
1360 4529 1445 4606 libri
1455 4535 1607 4607 Adrum
1622 4529 1886 4629 Apostolorum.

209 4647 271 4729 'o
294 4630 476 4707 infantium
492 4629 564 4708 rita
578 4633 734 4730 precium
761 4630 1011 4726 redemptionis
1039 4656 1100 4704 ve·
1152 4633 1295 4728 ljaDeo
1310 4633 1462 4727 gratias.
1802 4637 1879 4726 Cap.
1893 4642 1960 4705 m.

294 4731 360 4803 ilre
374 4729 590 4805 sumatisrut
604 4756 719 4827 parem
747 4754 823 4807 cum
853 4727 920 4803 illis
936 4729 1098 4803 innocen·
1148 4792 1152 4802 .
1213 4729 1248 4799 N
1272 4727 1339 4802 illis
1367 4730 1485 4803 diebus
1513 4757 1524 4801 a
1555 4732 1680 4805 Petrus
1710 4729 1745 4801 &
1768 4729 1947 4806 lohannes
1986 4736 2031 4814 95

295 4828 379 4901 tiam
397 4830 593 4903 retentetis.
609 4833 784 4922 nahmen.
799 4834 883 4924 Qo
909 4825 1099 4902 rationabi·
1223 4828 1487 4901 ascendebantin
1505 4823 1671 4922 templum
1686 4827 1728 4900 ad
1739 4825 1865 4900 horam·
1876 4856 1961 4907 ora·

294 4923 346 4999 les
360 4947 398 5000 ac
414 4927 485 5000 stne
499 4925 585 5001 dolo
600 4927 714 5002 effecti
727 4958 737 4996 ε
749 4930 822 5002 dies
838 4929 919 5001 illos
935 4923 1097 5020 paschalis
1151 4926 1257 5000 tionis
1273 4951 1400 5002 nonam
1416 4975 1426 4996 .
1442 4928 1485 5001 Et
1501 4923 1640 5002 claudus
1656 4948 1703 4999 ex
1717 4942 1818 4998 utero
1834 4930 1960 5001 matris

294 5019 413 5101 leticie
423 5025 619 5098 mereamini
631 5023 1098 5117 celebrareinless.1p.nmen.
1150 5024 1206 5097 sue
1224 5022 1460 5108 bajulabatur:
1477 5048 1577 5118 quem
1590 5026 1766 5120 ponebant
1800 5026 1962 5116 quotidie

220 5132 269 5216 ᾖς
298 5122 367 5196 Per
379 5122 645 5198 misericordiam
661 5123 764 5219 ipsius
781 5123 848 5195 Dei
862 5124 965 5198 noslri
978 5125 1035 5219 qui
1051 5123 1099 5196 eli
1149 5126 1191 5198 a'd
1205 5142 1341 5218 portam
1357 5122 1489 5216 Templi
1504 5146 1570 5216 que
1584 5124 1711 5196 dicitur
1723 5122 1900 5215 Speciosa:
1916 5143 1956 5197 ut

296 5220 496 5294 benedidus
511 5248 525 5289 a
540 5227 574 5294 δι
591 5220 682 5296 vivit
699 5227 735 5296 bt
750 5222 864 5295 omnia
879 5223 973 5317 regit
991 5223 1026 5293 in
1045 5221 1097 5291 se·
1149 5238 1286 5317 peteret
1300 5216 1554 5316 eleemosynam
1577 5224 1622 5295 ab
1642 5219 1902 5296 introeuntibus
1922 5222 1958 5296 in
1990 5223 2044 5284 10²

287 5315 371 5391 -cula
397 5316 590 5393 seculorum
614 5367 624 5390 .
648 5324 821 5414 &.Amen
837 5319 1029 5392 .Dominus
1057 5318 1101 5395 fit
1149 5314 1400 5411 Templumds
1425 5342 1501 5395 cum
1523 5320 1657 5393 vidiffet
1675 5320 1818 5393 Petrum
1848 5323 1961 5400 &Jo-

294 5415 430 5514 semper
444 5416 619 5492 vobiscum
635 5464 644 5486 .
662 5430 710 5512 ltu
724 5417 766 5488 Et
780 5439 879 5492 cum.
967 5478 970 5483 .
1148 5417 1297 5490 hannem
1311 5417 1343 5489 in
1373 5421 1517 5492 ressuros
1531 5417 1565 5489 in
1582 5418 1762 5515 Templum
1780 5447 1790 5488 ε
1807 5424 1960 5518 rogabat

348 5519 410 5588 Ad
421 5515 782 5588 accedentes.Gaudete
802 5504 1099 5611 populiscitu-Re·
1150 5535 1189 5588 ut
1207 5444 1461 5608 eleemosynam
1477 5513 1674 5611 acciperet.
1689 5519 1829 5592 Intuens
1845 5540 1974 5594 autem-

215 5617 273 5710 '50
301 5611 382 5687 fecti
396 5611 524 5687 Chrisli
536 5636 713 5710 corpore.
1151 5612 1186 5687 in
1201 5637 1278 5690 eum
1291 5617 1413 5688 Petrus
1426 5612 1665 5696 cumJohanne
1689 5614 1779 5687 dixit
1796 5663 1808 5685 .
1825 5617 1959 5713 Aspice

192 5726 195 5733 ·
351 5710 502 5804 Require
523 5726 615 5784 retro
641 5716 674 5784 in
704 5711 828 5810 vigilia
843 5710 1101 5804 Resurresiionis
1152 5711 1187 5783 in
1201 5715 1343 5785 nor-Ar
1357 5707 1414 5782 ille
1426 5711 1628 5785 intendebat
1644 5713 1676 5785 in
1691 5735 1752 5785 eos
1765 5712 1905 5809 sperans
1921 5715 1957 5788 se
1990 5720 2043 5796 105

296 5809 434 5882 Domini
448 5856 459 5877 .
474 5808 543 5882 Fui.
558 5816 695 5884 cxctrt.
710 5815 826 5885 oratio
839 5858 848 5878 .
862 5806 1014 5904 Expletis
1027 5811 1101 5893 Do·,
1153 5807 1280 5903 aliquid
1302 5827 1519 5901 accepturum
1535 5812 1577 5883 ab
1590 5810 1639 5883 eis
1657 5859 1667 5882 .
1685 5815 1809 5886 Petrus
1838 5833 1959 5887 autem

298 5906 391 5984 mine
422 5954 433 5977 .
469 5915 615 6006 Rttquin
642 5916 678 5987 in
707 5912 762 5991 die
799 5907 1101 6012 &stercilinum
1152 5906 1267 5980 dixit.
1295 5910 1494 5999 Argentum
1516 5911 1693 5984 &aurum
1720 5933 1790 5980 non
1818 5910 1960 5984 estmi-

299 6006 532 6081 cthchli.
710 6017 720 6033 “
969 6100 972 6105 ,
1023 6071 1047 6079 Α,
1150 6004 1210 6076 hia
1233 6004 1326 6100 quod
1345 6023 1462 6078 autem
1477 6005 1711 6085 habeoaboc
1726 6006 1789 6081 tibi
1807 6010 1891 6084 do.
1919 6011 1961 6079 In

1858 6107 1973 6186 noum-
