4450 7209
259 839 262 845 ·
293 805 401 882 tione
422 806 636 906 transgere:
664 804 811 909 'qualiter
842 808 888 892 ’δι
915 817 1101 894 substantiis
1153 821 1343 898 Dominum
1362 814 1827 893 nostrumsesumchrinu'm
1859 740 1969 888 filiur7n
2010 821 2072 909 55'

284 929 369 980 -non
383 905 587 1002 privemur:
613 913 788 987 &divinis
805 916 975 1007 obsequiis
992 916 1102 990 devo·
1154 941 1276 995 tuum:
1306 941 1406 1010 quem
1429 916 1464 987 in
1489 911 1620 984 unitate
1649 915 1815 986 trinitatis
1846 912 1968 985 throni

296 1003 395 1105 tione
409 1001 557 1100 optabili
575 1006 828 1105 obsequamur·
853 1015 899 1090 R·
912 1018 1052 1093 Amen.
1152 1016 1411 1093 dominationes
1430 1016 1464 1085 &
1480 1011 1668 1107 potestates
1694 1013 1764 1082 srne
1780 1008 1967 1108 cessatione

1151 1110 1394 1191 conlaudant:
1424 1110 1472 1180 ita
1500 1107 1680 1180 dicentes·
1711 1122 1763 1200 Bc·
1780 1105 1928 1181 sandius
1956 1149 1967 1176 ι
2083 1158 2093 1178 ι

243 1211 264 1279 5
588 1200 666 1286 Posi
677 1209 831 1280 nomina.
1157 1213 1325 1286 Sanslus.
1352 1205 1493 1282 Sansius
1509 1251 1520 1274 .

298 1293 498 1475 CHrille
514 1299 631 1394 quies
657 1299 757 1397 alpha
782 1307 819 1376 &
849 1330 899 1382 o:
927 1303 1108 1382 initium&
1911 1319 1913 1322 ’
2002 1307 2052 1378 60

411 1394 486 1494 linis
503 1421 513 1462 :
535 1411 573 1468 tu
589 1396 788 1476 benedicito
800 1399 852 1472 his
866 1402 1042 1477 sacrificiis
1058 1404 1105 1477 ob
1349 1400 1426 1486 Posi
1442 1401 1576 1475 Sensim
1595 1449 1606 1470 .
1631 1407 1746 1473 oratio
1762 1405 1774 1474 ξ

301 1489 507 1584 principium
527 1491 695 1589 presentis
713 1497 791 1572 anni
808 1498 872 1570 tibi
890 1497 1015 1573 oblatis
1034 1527 1043 1567 :
1072 1502 1109 1571 dc
1256 1504 1320 1579 Ere
1333 1500 1491 1575 sandius:
1522 1521 1605 1569 vere
1622 1498 1825 1570 benedislus
1842 1496 1969 1574 Domi·

300 1586 348 1658 ita
360 1586 583 1663 offerentium
600 1592 766 1667 vocabula
780 1595 814 1667 in
830 1593 924 1670 libro
936 1595 1007 1668 vite
1018 1619 1110 1668 con-
1279 1628 1340 1674 nus
1355 1600 1463 1672 noster
1474 1594 1569 1679 „lesus
1586 1595 1740 1667 Christus
1762 1594 1849 1669 filius
1868 1616 1966 1669 tuus:

230 1695 267 1748 10
302 1683 481 1757 scribens:
511 1705 550 1759 ut
582 1687 751 1763 defundis
780 1694 931 1790 requiem
959 1694 1110 1787 prestes·
1159 1722 1230 1790 quo
1246 1700 1432 1795 inspirante
1460 1699 1596 1780 januam
1624 1692 1792 1785 presentis
1822 1695 1899 1762 anni
1931 1693 1966 1762 in

301 1801 374 1873 (1ὓο
391 1804 514 1854 Omnes
528 1787 584 1874 qui
603 1785 699 1860 initia
720 1789 819 1874 huius
847 1791 923 1862 anni
952 1789 1107 1881 tripudio
1158 1797 1367 1869 consessione
1377 1795 1565 1866 intramus:
1583 1812 1701 1880 quove
1719 1788 1786 1860 asli
1803 1811 1970 1882 compun·
2002 1788 2027 1861 6
2030 1811 2054 1878 ς

303 1876 510 1954 laudationis
523 1879 734 1956 attollimus:
749 1886 915 1981 reliquum
927 1885 1106 1960 excursum
1156 1892 1292 1986 gimur:
1323 1911 1359 1966 ut
1375 1888 1523 1982 reliquos
1540 1885 1700 1957 excursus
1714 1904 1913 1980 ¹temporum
1929 1885 1966 1957 in

302 1977 378 2058 eius
396 1977 430 2046 in
445 1976 681 2055 tuaservitute
697 1984 886 2081 transigere
900 2004 1106 2058 mereamur.
1160 1990 1289 2066 divinis
1311 1987 1482 2083 obsequiis
1510 1983 1698 2080 transgere
1730 1981 1970 2076 deleslemurt

302 2085 352 2165 BC·
365 2076 501 2149 Amen·
688 2115 692 2120 ·
1160 2087 1236 2178 lpse
1251 2090 1298 2158 est
1310 2108 1392 2157 vere
1421 2078 1585 2154 Salvator
1608 2081 1721 2151 noller
1748 2082 1782 2150 s:
1798 2077 1968 2174 Domiqus

232 2175 268 2247 ¹5
614 2179 822 2272 Asparem.
1010 2269 1012 2272 y
1161 2183 1255 2258 lesus
1270 2181 1423 2256 Christus
1438 2176 1526 2252 filius
1543 2175 1718 2267 tuusrqui
1734 2174 1969 2249 estmconse·

303 2269 520 2442 BEnedic
545 2271 695 2344 Domine
724 2294 886 2346 coronam
915 2273 992 2348 anni
1018 2270 1114 2344 beni·
1163 2281 1275 2352 erario
1289 2301 1504 2373 temporum:
1527 2270 1938 2347 &conditorseeulorum
1955 2302 1973 2343 :·
1999 2289 2048 2360 70

402 2366 544 2462 gnitatis
571 2387 654 2442 tue:
682 2389 720 2441 ut
734 2376 768 2443 ὅ(
782 2371 890 2464 campi
906 2372 957 2442 tui
973 2369 1115 2442 uberta·
1163 2376 1288 2450 Cirristi
1304 2374 1445 2450 Domini
1458 2400 1497 2447 ac
1518 2370 1767 2464 Redemp'toris
1783 2371 1918 2443 eterni.
1935 2377 1972 2409 ''³'-

308 2477 344 2532 te
357 2460 577 2558 pinguedinis
605 2465 827 2560 repleantur.
852 2471 887 2538 δι
916 2491 979 2539 nos
991 2466 1050 2559 'qui
1078 2466 1116 2536 in
1664 2473 1692 2501 ³
1939 2481 1972 2507 »-

304 2559 498 2633 convallem
515 2559 723 2656 plorationis
752 2566 980 2659 consistimus:
1003 2562 1112 2634 abun·
1453 2562 1532 2648 Posi
1544 2565 1677 2661 pridie.

233 2659 274 2715 ²0
305 2653 420 2731 dantia
452 2660 543 2752 pacis
575 2681 616 2733 ac
641 2660 828 2736 dulcedinis
860 2662 1110 2736 redundemus·
1260 2662 1428 2762 Espertini
1443 2664 1542 2748 hujus
1556 2662 1708 2739 sacrificii
1723 2661 1982 2760 litatione-pla-⁸

304 2757 505 2850 152·Amen·
1118 2790 1120 2797 ·
1166 2676 1256 2846 V
1283 2765 1349 2836 cari
1366 2784 1402 2837 te
1417 2760 1598 2857 cupientes·
1608 2764 1826 2858 omnipotens
1837 2763 1934 2833 Deus
1950 2766 1969 2832 :¹
1999 2773 2049 2848 75‘

435 2890 440 2898 ·
635 2858 779 2932 salario.
1159 2864 1334 2958 quesumus
1352 2882 1390 2936 ut
1416 2859 1608 2954 appositum
1633 2859 1697 2930 tibi
1716 2861 1782 2933 hoc
1800 2855 1969 2932 belocus-²

407 2952 527 3049 lgssu'ffl
542 2957 577 3027 ὅ(
598 2954 717 3039 lustum
734 2959 781 3028 est
809 2980 872 3031 nos
899 2954 961 3029 tibi
979 2951 1108 3052 gratias
1158 2961 1261 3032 stum:
1292 2959 1342 3030 ita
1357 2956 1488 3055 placide
1505 2971 1683 3046 acceptare
1701 2955 1853 3051 digneris
1870 2965 1972 3047 :quo'

411 3110 414 3115 .
432 3072 536 3146 agere
553 3053 836 3133 Dominesansle
859 3073 958 3148 pater
988 3071 1107 3123 eterne
1129 3140 1131 3145 Ι
1156 3054 1272 3129 omnes
1286 3051 1371 3148 quia
1387 3074 1422 3126 te
1437 3049 1636 3124 sanslisicari
1652 3051 1753 3134 hujus
1766 3049 1843 3123 anni
1865 3052 1963 3125 initia

234 3146 271 3217 ²5
303 3148 524 3242 omnipotens
540 3151 633 3223 Deus
662 3173 725 3244 per
746 3152 858 3227 lesum
883 3149 1052 3220 Christum
1066 3145 1108 3216 fi·
1157 3153 1338 3245 cupimus:
1363 3147 1533 3222 infandis
1565 3169 1643 3218 eum
1671 3170 1736 3217 nos
1765 3145 1971 3248 transegisse

304 3244 387 3319 lium
411 3265 507 3318 tuum
531 3247 715 3319 Dominum
741 3250 885 3321 nostrum
903 3294 913 3315 .
932 3245 1002 3334 Qi
1028 3263 1110 3317 ante
1158 3249 1284 3325 assibus
1299 3242 1530 3345 gratulemur·
1553 3245 1695 3317 Amen.
1962 3235 2047 3307 “80

233 3412 239 3419 .
288 3342 1110 3439 ‘tempusnatusexteDeopatretecumpari·
1552 3373 1555 3376 ⁴
1875 3371 1905 3423 s
1959 3358 1966 3367 “

303 3459 357 3514 ter
370 3447 406 3514 δι
419 3463 498 3518 cum
515 3442 644 3535 Spiritu
660 3440 785 3514 saneto
800 3441 954 3513 condidit
972 3461 1109 3535 tempo·
1266 3459 1281 3513 .’
1303 3443 1365 3515 ’.Διὶ
1380 3443 1568 3515 orationem
1584 3437 1817 3512 nominitami
2061 3530 2064 3534 ι

304 3541 555 3634 :ndignatus
571 3537 854 3632 est‘nsscidcipse
870 3536 927 3608 sub
951 3555 1113 3631 tempore
1266 3543 1391 3616 Omine
1416 3538 1476 3632 qui
1505 3557 1647 3636 magnus
1669 3534 1741 3608 dies
1765 3560 1804 3608 es
1819 3534 1965 3632 angelo-¹
2060 3598 2062 3603 s
2132 3532 2135 3541 '

238 3638 272 3707 30
304 3654 463 3708 extitero
478 3633 622 3732 virginis
641 3634 773 3706 Marie.
803 3635 872 3718 Qui
891 3654 1007 3706 tamen
1033 3658 1107 3711 cum
1280 3661 1373 3712 uim:
1394 3653 1519 3731 parvus
1535 3637 1570 3706 in
1586 3634 1643 3705 die
1657 3631 1955 3733 hominum-Ver·

302 3733 342 3804 lit
360 3731 607 3830 sempiternus:
630 3732 770 3804 statutos
795 3753 959 3806 annorum
981 3729 1107 3804 disere·
1157 3735 1236 3808 bum
1250 3738 1434 3807 Deusante
1448 3731 1561 3807 omnia
1577 3733 1960 3823 temporaverbum'ca·
1995 3727 2042 3816 ὃς

303 3827 360 3901 vit
376 3829 553 3903 recursus:
581 3853 643 3923 per
668 3853 755 3920 quos
770 3825 930 3902 evolutus
960 3829 1107 3904 deduce·
1158 3858 1200 3907 ro
1224 3849 1427 3926 opportuno
1451 3829 1483 3901 in
1508 3850 1667 3923 tempore
1684 3826 1865 3899 conditus.
1892 3825 1963 3899 Sub

295 3944 402 3999 uetur
415 3926 470 3998 hic
488 3933 630 3999 mundus
642 3973 652 3995 .
663 3925 882 4023 Distinguens
895 3948 1017 3998 annum
1034 3948 1109 3997 cer·
1157 3929 1227 4002 sole
1242 3928 1407 4002 conditor
1422 3925 1523 3999 solis:
1554 3929 1595 3996 da
1610 3923 1709 3996 nobis
1727 3925 1826 4008 hujus
1840 3920 1908 3995 diei
1925 3922 1961 3993 in

305 4024 350 4097 tis
376 4043 478 4115 atque
518 4023 790 4121 congruentibus
830 4021 1108 4097 vicissitudinibus
1158 4027 1226 4100 tuis
1241 4020 1635 4097 laudibus-ecclefiastice
1656 4018 1833 4128 dignitatis
1849 4017 1961 4102 solen·

235 4121 268 4196 35
303 4137 530 4214 temporum:
559 4121 684 4214 quibus
713 4119 774 4194 Sol
789 4137 883 4191 certa
912 4118 1026 4190 cursus
1056 4119 1106 4190 sui
1157 4147 1233 4194 nem
1248 4122 1549 4196 conventum.Ut
1565 4117 1622 4211 qui
1637 4115 1862 4213 initiumanni
1880 4112 1961 4189 tali·
2014 4155 2017 4160 ·

304 4218 517 4292 dimenfione
547 4217 625 4290 anni
643 4215 761 4291 orbem
780 4216 813 4286 in
836 4215 978 4288 confusa
992 4216 1105 4287 varie·
1155 4224 1216 4294 bus
1232 4216 1393 4314 primitiis
1412 4213 1545 4302 tibimet
1562 4213 1787 4288 consecrasli:
1817 4213 1961 4286 benedic
1991 4234 2043 4299 90

301 4330 374 4386 tate
401 4316 648 4407 distingueret.
677 4310 730 4384 llli
758 4307 889 4386 etenim¹
911 4313 992 4383 Deo
1020 4313 1104 4383 vivo
1155 4317 1255 4390 nobis
1285 4310 1417 4388 famulis
1444 4313 1511 4384 tuis
1543 4338 1552 4378 :
1585 4314 1620 4386 δι
1646 4311 1813 4388 sanctifica
1839 4308 1891 4382 his
1910 4311 1961 4383 sa·

300 4411 406 4482 hodie
420 4415 454 4484 &
472 4414 573 4486 finem
587 4407 719 4505 expleti
734 4410 811 4482 anni
828 4437 837 4477 :
854 4413 888 4482 &
903 4409 1104 4501 subsequen·
1154 4411 1291 4487 crificiis
1318 4411 1381 4482 tibi
1406 4406 1556 4481 oblatis:
1588 4429 1625 4481 ut
1657 4409 1767 4484 totius
1794 4408 1961 4502 temporis

303 4507 348 4577 tis
365 4506 497 4582 initium
528 4506 653 4579 oblatis
673 4505 868 4579 muneribus
886 4506 1104 4578 dedicamus.
1154 4504 1298 4604 spatium
1327 4506 1390 4583 tibi
1419 4505 1553 4600 placitis
1597 4507 1787 4578 excursbus
1817 4530 1826 4568 ι
1859 4524 1963 4596 atque

228 4601 267 4677 40
300 4627 363 4698 per
388 4628 487 4699 quem
503 4607 537 4675 &
555 4603 728 4676 decursum
742 4626 906 4675 annorum
935 4603 1105 4699 transegi·
1156 4606 1317 4701 operibus
1334 4605 1435 4678 facias
1448 4597 1615 4676 immolari
1632 4624 1641 4669 ι
1665 4604 1721 4695 qni
1738 4626 1801 4674 nos
1811 4598 1955 4669 docuisti

301 4725 400 4773 mus:
426 4705 460 4771 δι
482 4701 684 4798 principium
709 4699 847 4784 alterius
860 4700 1106 4775 inchoamuus·
1157 4698 1306 4778 orare&
1328 4701 1443 4770 dicere
1464 4721 1483 4767 e
1502 4696 1602 4768 terris
1616 4702 1632 4766 .’
1652 4702 1757 4772 Pater
1772 4693 1958 4790 noster‘qui
1991 4713 2041 4783 95

299 4797 403 4870 Hunc
419 4799 524 4895 igitur
548 4799 673 4893 quiain
692 4821 813 4869 annum
845 4821 908 4869 nos
927 4793 1108 4892 adsuppli³
1157 4802 1485 4887 es&c·132·Amen'.
1560 4812 1565 4825 ·
1832 4793 1834 4797 ’
1945 4824 1948 4831 ’

300 4891 570 4975 candumsansia
598 4900 634 4968 δι
660 4891 843 4967 communis
861 4892 943 4964 fecit
961 4894 1107 4968 devotio
1458 4888 1669 4961 Benediliioss
1760 4913 1765 4927 ·

297 4992 516 5068 convenire:
536 4992 597 5066 tibi
617 4994 709 5064 Deus
726 4995 827 5065 Pater
848 4986 1010 5083 simplices
1028 4990 1107 5061 fun·
1254 4991 1353 5060 Mne:
1369 4986 1425 5079 qui
1440 4986 1570 5058 initium
1600 4985 1763 5082 presentis
1788 4987 1866 5062 anni
1885 4985 1958 5064 laud

225 5082 264 5156 45
281 5166 284 5172 ,
300 5091 411 5162 dimus
427 5113 566 5182 preces.
584 5094 631 5162 Ut
644 5089 700 5181 qui
713 5089 747 5160 in
763 5081 943 5159 nativitate
956 5086 1105 5168 ejusdem
1267 5085 1377 5157 dibus
1394 5080 1621 5158 excolendum
1648 5082 1808 5159 attollitis
1839 5085 1958 5160 Salva·
2026 5093 2028 5098 ’

299 5183 363 5258 filii
389 5190 439 5259 tui
453 5186 621 5281 presentis
646 5180 814 5280 temporis
840 5179 1104 5257 curriculacon-
1156 5186 1245 5258 toris
1276 5180 1513 5256 nollrirnuniti
1541 5181 1718 5275 presidiis:
1746 5184 1867 5276 absque
1895 5185 1963 5256 cri·
1996 5197 2065 5250 100

296 5282 453 5378 sec‘rasli:
480 5284 622 5377 prebeas
640 5281 739 5356 nobis
754 5281 843 5352 hunc
859 5305 946 5351 annu
1025 5279 1105 5352 abe·
1135 5277 1137 5284 ’
1154 5280 1246 5354 mine
1262 5284 1304 5352 ad
1320 5281 1423 5351 finem
1440 5284 1513 5364 ejus
1528 5279 1629 5371 usque
1643 5281 1853 5374 perveniati:
1870 5325 1880 5348 .
1913 5292 1962 5370 132.

290 5381 336 5475 ‚re
354 5379 576 5473 placabilem:
602 5382 636 5453 dl
662 5379 733 5450 dies
749 5382 823 5463 ejus
848 5378 880 5447 in
900 5371 1105 5473 tribft'snfi·
1152 5383 1291 5450 Amen.
1309 5377 1401 5448 ldem
1414 5400 1550 5471 quoque
1560 5378 1773 5470 Redemptor
1789 5375 1904 5446 nostes
1914 5376 1964 5449 ita

300 5501 386 5573 gere
401 5477 568 5550 servitute
584 5522 594 5543 ·
621 5476 759 5547 Terram
773 5494 909 5566 quoque
938 5464 1113 5562 fruslibus
1152 5475 1353 5548 contribuat
1369 5473 1468 5546 vobis
1486 5476 1576 5544 hunc
1592 5484 1713 5544 annum
1744 5470 1868 5544 habere
1892 5468 1963 5562 ple·

220 5566 264 5639 50
291 5570 413 5666 reple:
443 5575 566 5648 animas
598 5593 816 5666 corporaque
842 5569 946 5644 facito
973 5570 1100 5642 morbis
1152 5572 1263 5643 cidum
1278 5595 1316 5643 ac
1339 5573 1549 5656 jocundum:
1580 5590 1617 5641 ut
1633 5569 1854 5642 c'orvesirum
1873 5566 1963 5640 sem·

299 5669 505 5766 deliciisque
533 5693 650 5742 carere
672 5717 682 5738 .
717 5665 888 5742 Scandsla'
924 5690 1066 5739 remove
1090 5715 1100 5737 .
1151 5691 1216 5763 per
1231 5667 1360 5741 sibimet
1375 5667 1499 5739 efficiat
1517 5683 1761 5761 preparatum.
1777 5669 1964 5756 momen.
1997 5677 2065 5756 ιοςΙ

299 5789 439 5840 contere
467 5763 777 5840 hostem.'Cohibe
806 5764 951 5837 famem:
979 5767 1101 5837 &om·
1154 5769 1201 5837 Ut
1230 5765 1398 5838 benedicti
1426 5788 1444 5833 a
1467 5765 1561 5835 κ1)ιο
1589 5762 1645 5854 qui
1676 5762 1758 5832 fecit
1788 5758 1897 5834 celum
1925 5764 1962 5835 dc

286 5873 358 5935 'nes
375 5865 408 5935 in
424 5887 601 5936 commune
619 5865 824 5956 nocivorum
852 5858 984 5932 casuum
998 5882 1105 5932 even·
1155 5864 1307 5933 terr'am:
1335 5859 1427 5954 quod
1442 5883 1529 5933 nunc
1545 5858 1712 5931 inchoatis
1727 5858 1758 5929 in
1779 5854 1960 5950 lacrymis:

297 5979 351 6033 tus
382 5987 400 6034 a
415 5961 536 6033 nostris
552 5960 672 6036 finibus
693 5955 814 6056 procul
840 5953 984 6029 exclude
1001 6001 1010 6024 ·
1038 5956 1104 6031 Per
1142 5987 1145 5994 ·
1154 5958 1231 6051 post
1248 5956 1282 6029 in
1298 5954 1439 6029 canticis
1455 5953 1683 6052 spiritualibus
1698 5954 1867 6056 expleatis
1884 6003 1894 6024 .
1912 5968 1962 6048 132.
2076 6004 2079 6010 -

277 6065 281 6073 '
393 6060 621 6150 MissMozar·
660 6157 668 6164 .,
1508 6055 1542 6131 H
1824 6059 1963 6154 Amen:
1995 6070 1997 6074 ·
