4450 7209
382 679 528 768 'fanin
554 677 760 784 anntn
784 675 1036 768 bomiuler.
1059 675 1244 782 Qumis
1267 673 1678 780 Ql'ADRAGESlME'·
1728 773 1733 778 Ι
1797 675 1879 775 ἰῇ

194 787 350 887 monynis
365 785 600 865 liberalesrut
615 787 776 886 promide
791 783 1009 862 retributio·
1058 807 1153 864 tuam
1170 784 1322 863 Domine
1363 808 1403 858 er
1418 780 1571 880 lingulos
1598 781 1672 858 dies
1687 789 1874 872 operemur
1905 797 1951 878 55

192 892 247 967 nis
262 886 408 990 gloriam
421 915 432 959 s
445 898 574 966 devota
586 888 657 963 fide
667 888 703 960 dt
716 884 1011 966 fluduosadevo·
1059 887 1097 961 in
1121 888 1277 961 omnibus
1292 809 1515 961 voluntatem
1530 905 1540 948 s
1554 875 1807 976 proclamantes
1820 895 1873 952 ate

198 990 299 1064 tione
314 985 728 1085 mereamurperclpere.
1057 1007 1126 1082 que
1157 984 1206 1059 ira
1233 983 1388 1059 dioenter
1414 1027 1428 1056 .
1451 989 1502 1079 μ
1523 975 1665 1056 sandius
1684 972 1876 1058 manens.

251 1099 303 1179 itt·
316 1089 458 1163 Amen.
1058 1081 1227 1164 sanum.
1536 1135 1544 1151 .

144 1200 166 1275 5
481 1185 729 1260 Alia'oratisi
1339 1179 1597 1270 vallianlias.

310 1284 377 1358 llus
403 1280 460 1355 eui
488 1308 549 1359 cor
574 1285 735 1361 mundum
776 1306 787 1352 s
823 1279 861 1356 tt
885 1289 1011 1376 eorpus
1170 1279 1234 1356 lire
1261 1279 1395 1358 sandius
1422 1305 1506 1355 vere
1533 1273 1733 1352 benedictus
1747 1272 1875 1352 Domi·

320 1380 434 1479 placet
473 1379 638 1458 intrdlum
667 1431 678 1454 .
707 1379 845 1474 Cuique
876 1381 1009 1476 puritas
1183 1405 1244 1457 nus
1259 1385 1373 1456 noller
1383 1378 1478 1460 lesus
1492 1376 1646 1452 Christus
1659 1371 1751 1448 filius
1766 1393 1869 1447 tuusa

198 1478 327 1556 mentis
355 1481 392 1552 dt
420 1480 597 1556 sinceritas
625 1503 697 1556 non
720 1475 882 1574 displicet
897 1477 1010 1552 carnia
1058 1477 1120 1573 qni
1136 1501 1201 1551 nos
1215 1479 1253 1552 δι
1269 1481 1365 1555 vitiis
1379 1479 1545 1568 abstinere
1561 1473 1693 1549 &cibis
1708 1471 1872 1548 edocuit.

197 1579 560 1678 subiugasquesumus
586 1602 650 1677 per
678 1575 880 1653 abstinentie
908 1576 1009 1672 rigo·
1061 1575 1119 1650 Ab
1147 1573 1212 1652 illo
1239 1580 1366 1678 quippe
1407 1577 1444 1650 dt
1483 1572 1672 1650 abstinendi
1707 1573 1873 1648 doeemur

121 1697 170 1751 ιο
200 1701 273 1751 rent
297 1676 587 1754 animeacarnem
604 1708 615 1750 a
630 1693 734 1771 atque
765 1671 1010 1770 peremerunt
1058 1673 1301 1772 exempliss&
1327 1673 1530 1752 abstinentie
1557 1692 1870 1750 remuneramuren
1894 1752 1901 1766 .

198 1776 338 1854 timoris
351 1769 595 1851 &dilectionis
607 1775 755 1852 animam
770 1771 837 1846 tibi
846 1769 1009 1848 adsociet
1056 1772 1159 1847 donis
1174 1819 1185 1843 .
1201 1775 1353 1852 Proinde
1377 1793 1413 1848 ee
1430 1773 1527 1847 Deus
1553 1791 1652 1867 pater
1680 1789 1867 1862 rogamusa
1897 1813 1922 1884 6

203 1879 253 1952 Ut
265 1896 305 1949 tu
316 1870 408 1950 solus
420 1872 605 1950 domineris
622 1875 655 1947 in
670 1869 786 1947 omnia
807 1869 908 1945 nobis
925 1867 1009 1964 aqui
1058 1889 1096 1942 ut
1110 1893 1175 1966 per
1188 1869 1284 1946 illum
1297 1875 1338 1949 fit
1352 1871 1453 1946 nobis
1468 1901 1477 1946 t
1491 1877 1529 1950 δι
1545 1871 1578 1942 in
1593 1867 1748 1968 presenti
1766 1867 1863 1950 hujus
1926 1833 1947 1906 5

200 1973 365 2047 eonditor
393 1975 509 2048 noller
531 1973 599 2048 etse
625 1967 819 2072 agnosceris
840 2004 851 2029 ·
870 1967 1009 2050 Posside
1057 1969 1173 2042 mnndi
1198 1967 1318 2046 labore
1335 1969 1531 2046 consolatio
1546 1996 1556 2036 s
1570 1973 1605 2044 dt
1623 1971 1658 2040 in
1674 1983 1794 2038 eterna
1810 1963 1870 2037 vi-

202 2096 291 2171 ergo
307 2070 344 2143 dt
369 2070 504 2146 redime
532 2094 596 2144 nos
610 2069 763 2146 Domine
777 2093 786 2137 a
799 2084 841 2142 ut
859 2068 918 2164 qui
938 2067 1008 2143 boc
1060 2067 1252 2144 redonetur
1265 2069 1483 2148 beatitudinis
1496 2059 1870 2166 plenitudo-Peerri·

124 2185 171 2260 15
200 2168 364 2260 ieiunium
380 2168 559 2245 studiolea
588 2167 745 2246 'musste
766 2165 940 2242 tribuente
955 2166 1010 2243 sa·
1057 2165 1144 2242 nun
1157 2165 1345 2266 Dominum
1361 2191 1402 2244 ac
1415 2169 1673 2262 redemptorem
1687 2179 1869 2240 eternum·
1924 2215 1930 2225 .

202 2194 613 2368 cietaeeincorruptibiils
635 2287 696 2344 tue
713 2261 826 2370 glorie
854 2266 1011 2366 perfrua-
1352 2263 1430 2352 Post
1442 2269 1578 2364 pridie.
1895 2320 1950 2402 70

150 2409 155 2416 ·
203 2387 278 2442 mur
292 2415 304 2439 .
318 2377 369 2464 132·
382 2370 524 2446 Amen.
1058 2365 1155 2546 D
1170 2369 1236 2444 Eur
1250 2367 1309 2466 qui
1333 2395 1370 2446 es
1390 2363 1623 2442 sanctificator
1646 2357 1865 2458 oblationem
1944 2372 1946 2378 ’

383 2531 388 2538 .
407 2465 486 2554 Pati
498 2471 653 2544 nonina.
667 2470 809 2544 osirim
1180 2471 1217 2542 dt
1231 2463 1457 2546 substentatio
1472 2463 1708 2542 abstinentium
1724 2488 1735 2529 a
1749 2479 1786 2534 tu
1805 2459 1872 2530 be·

120 2681 172 2735 20
200 2567 292 2748 A
312 2567 364 2640 Te
378 2565 474 2642 Deus
485 2567 634 2665 piissime
656 2567 904 2646 benedicantur
917 2571 1009 2656 ieiu-
1057 2565 1256 2642 medidione
1287 2567 1399 2667 gratie
1426 2565 1565 2639 ruer&
1581 2559 1775 2660 appetitum
1803 2553 1870 2630 tibi

319 2665 473 2741 nantium
502 2665 943 2764 votassacrificiorumque
965 2664 1009 2738 li·
1056 2664 1258 2743 sacrificium
1281 2665 1454 2742 sanctifica
1481 2663 1541 2739 r&
1566 2660 1867 2750 ieiunantiumpe·
1923 2712 1932 2722 .

198 2763 612 2862 bamina.Acceptentur
624 2788 761 2860 quoque
777 2763 955 2841 orationes
967 2763 1010 2836 fi·
1056 2760 1156 2838 diora
1195 2767 1238 2842 ab
1275 2766 1372 2843 omni
1408 2759 1622 2858 contagione
1658 2754 1865 2830 dlinorun

199 2861 328 2935 delium
343 2887 381 2936 ac
397 2862 537 2960 suspiria
552 2864 868 2938 contritorumaut·
881 2865 1006 2940 votiva
1055 2865 1319 2959 emunda.Qo
1341 2866 1406 2938 lree
1433 2858 1550 2938 oblata
1575 2769 1711 2936 uberils
1726 2851 1868 2928 benedi·
1894 2811 1943 2890 75

198 2959 386 3034 abstinendi
399 2961 571 3036 devotior
585 2964 622 3036 dt
637 2957 780 3036 cunnos
798 2961 833 3033 in
852 2984 1006 3039 commu·
1054 2981 1137 3034 cens
1153 2990 1163 3034 r
1180 2965 1305 3040 horum
1333 2960 1559 3060 perceptione
1574 2953 1718 3029 inediam
1747 2950 1861 3025 nostre

198 3081 243 3130 ne
255 3055 377 3131 fideles
392 3059 562 3136 santificet
577 3088 587 3129 e
600 3065 638 3133 δι
659 3055 830 3133 demonis
847 3061 1004 3138 omnibns
1054 3057 1308 3137 debilitationis
1336 3059 1544 3134 substentera
1562 3052 1761 3146 internaque
1787 3047 1866 3120 san·

124 3169 170 3246 ²5
201 3157 352 3254 requiem
365 3157 584 3254 prestet-132·
601 3163 738 3234 Amen.
945 3221 949 3225 .
1055 3159 1424 3258 &incarne-Amen.

418 3261 606 3354 Adparent
619 3303 630 3326 .
645 3258 787 3330 orario}
1106 3261 1169 3331 Ad
1189 3259 1443 3350 confralls'onem
1466 3253 1562 3352 patris
1577 3247 1790 3338 ..derisorem
1805 3244 1860 3317 Tu
1894 3289 1943 3362 30

283 3355 401 3430 Oveat
417 3355 640 3452 omnipotens
655 3354 753 3429 Deus
764 3355 915 3433 charitas
944 3376 1007 3435 tua
1054 3356 1260 3434 Domineda
1271 3357 1379 3434 escam
1394 3355 1492 3428 nobis
1508 3352 1542 3424 in
1556 3369 1718 3448 tempore
1730 3370 1863 3444 oppor-

294 3456 523 3541 iejunantium
548 3451 743 3529 ariditatem
758 3453 950 3532 intentante
964 3475 1005 3534 ut
1057 3475 1148 3533 tuno
1162 3487 1171 3526 ε
1185 3457 1279 3554 aperi
1293 3479 1426 3534 manum
1438 3449 1592 3532 tuanta&
1605 3447 1709 3547 imple
1722 3466 1858 3524 omnem

197 3553 291 3625 dono
302 3553 481 3629 affluamus
496 3551 690 3629 dilectionis
703 3579 714 3624 s
725 3551 783 3648 qui
800 3555 863 3628 tibi
876 3555 1004 3632 afflidle
1054 3556 1202 3635 animam
1215 3553 1482 3631 benedidione.

118 3667 170 3741 30
199 3649 418 3729 immolamus
432 3654 575 3732 bolliam
596 3652 708 3728 carnis
724 3699 736 3725 .
755 3665 806 3751 nr·
816 3659 957 3732 Amen.
1216 3659 1473 3731 adorationem
1487 3653 1719 3729 Dominiram.

531 3751 680 3828 inlatio.
1158 3756 1374 3834 HristeDeus
1387 3756 1445 3851 qui
1458 3755 1580 3842 ieiunii
1594 3773 1662 3824 non
1677 3741 1789 3822 renuis
1801 3765 1865 3816 vo·
1893 3767 1945 3872 8.,
2007 3745 2012 3754 .

196 3847 612 4030 Dignum&iustum
625 3854 675 3929 eil
689 3856 1007 3952 equummsatuta-
1054 3906 1059 3917 ·
1167 3843 1863 3956 tumaquinobispertemagnumabsti3

320 3955 423 4026 retii
451 3982 462 4023 r
489 3977 554 4026 uos
584 3971 622 4024 te
651 3952 869 4052 magnificare
883 3958 917 4031 in
932 3958 1008 4030 die·
1054 3955 1159 4031 nendi
1171 3955 1332 4052 prebuilli
1351 3951 1563 4049 exempluma
1578 3949 1704 4043 quique
1719 3939 1860 4012 docuisti

198 4046 552 4126 bursannificationis
568 4068 628 4124 tue
646 4051 702 4122 a&
718 4051 917 4130 venerabile
940 4080 1006 4129 no·
1054 4075 1093 4131 te
1119 4053 1391 4154 perorationem
1417 4069 1542 4149 petere
1565 4085 1574 4119 a
1599 4070 1662 4143 per
1673 4041 1863 4117 leiilonem

123 4161 172 4240 35
201 4143 447 4261 meniandlum
475 4167 572 4266 tuum
586 4147 736 4223 Domine
763 4150 876 4226 tanne
905 4173 1006 4253 pater
1052 4177 1221 4254 quererer
1238 4151 1447 4246 elemosynis
1474 4141 1651 4226 etiamvel
1680 4139 1862 4256 lachrymis

197 4247 778 4444 tttttnliltttltdft
791 4255 1006 4428 sintin
1053 4250 1286 4450 tollitis
1296 4249 1859 4427 t‘ssttltlttttt‘llln:
1888 4271 1944 4364 ⁹⁴-

195 4439 395 4515 salutis.ln
407 4446 529 4539 quibus
541 4446 685 4541 Moyses
698 4445 840 4524 famulus
853 4466 1006 4525 tuusaut
1054 4448 1298 4548 &lachrymas
1313 4450 1442 4527 nostras
1471 4446 1535 4520 tibi
1563 4429 1857 4518 commendabiles

195 4531 315 4638 legem
328 4558 418 4618 tuam
430 4563 620 4619 mereretur
635 4543 820 4641 acciperes
835 4549 907 4623 dies
924 4573 1007 4647 qua·
1052 4549 1179 4626 reddat
1191 4595 1203 4621 .
1216 4553 1264 4624 Ut
1275 4571 1354 4626 cum
1378 4540 1632 4640 repetierimus
1644 4531 1778 4610 orando
1796 4557 1805 4598 =
1821 4549 1861 4602 te

120 4655 173 4732 go
198 4636 361 4736 draginta
387 4641 422 4714 in
435 4641 541 4737 sinay
553 4661 675 4717 monte
690 4644 1003 4731 ieiunavit.Simi·
1052 4670 1119 4722 nos
1132 4645 1295 4725 invenisse
1307 4640 1518 4742 gratulemur
1530 4635 1711 4736 querendo
1726 4629 1860 4740 ·Cum·

198 4731 281 4810 liter
291 4736 386 4816 lesus
398 4740 560 4816 Salvator
587 4743 705 4817 noller
718 4741 874 4819 Chrilius
891 4745 925 4817 in
939 4747 1004 4819 de·
1051 4769 1119 4844 que
1134 4744 1344 4822 lacrimando
1354 4737 1600 4839 pulsaverimus
1613 4729 1859 4807 rateexaudr·
1882 4765 1936 4848 95

198 4833 296 4911 serto
310 4861 320 4904 ε
332 4839 492 4924 jejunatis
504 4839 731 4936 quadraginta
742 4839 861 4914 diebus
873 4844 910 4917 dt
921 4867 1004 4939 qua·
1051 4845 1083 4922 ri
1097 4862 1380 4940 promereamur.
1395 4841 1499 4914 Pater
1517 4836 1658 4913 noster·
1830 4923 1838 4940 ·

199 4933 362 5030 draginta
385 4934 702 5012 nodibussomnia
728 4937 856 5014 diaboli
886 4957 1004 5014 tenta·
1100 4943 1205 5013 orcae
1231 4934 1383 5012 eresbtr.
1407 4932 1595 5011 Humiliate
1621 4950 1688 5005 vos
1716 4924 1859 4998 benedt·
1958 4962 1965 4976 ·

199 5049 315 5106 menta
339 5033 507 5108 delirurit
524 5063 534 5103 a
552 5035 713 5130 nobisque
739 5034 939 5112 abstinentie
964 5059 1003 5108 e·
1052 5036 1161 5114 trioni
1182 5082 1195 5107 .
1216 5034 1389 5114 Dominus
1416 5035 1459 5108 lit
1489 5033 1622 5131 semper
1649 5023 1861 5106 vobiscum.

120 5147 169 5221 45
196 5127 371 5224 templum
402 5129 568 5228 reliquit.
594 5131 695 5206 Nunc
722 5132 832 5232 igitur
858 5137 937 5230 quia
965 5154 1003 5210 te
1102 5135 1211 5224 ltnEt
1227 5154 1332 5210 cum·
1464 5203 1466 5208 ,

198 5228 350 5302 docente
363 5231 643 5308 Dominerbeati
657 5230 736 5305 sunt
750 5232 809 5326 qui
822 5233 1001 5333 esuriunta
1154 5230 1468 5314 HriilusDei'lilius
1491 5221 1860 5339 obcujusexenplum
1888 5267 1964 5325 toe
2098 5301 2102 5308 .

198 5327 236 5400 dt
263 5327 562 5414 litiuntiuliiciam
577 5328 764 5422 :quoniam
779 5328 844 5425 ipli
870 5331 1000 5406 satura·
1164 5331 1349 5427 corporale
1374 5333 1540 5422 jejunium
1565 5333 1739 5406 exercetis
1760 5346 1860 5398 aaut·

198 5425 547 5536 bunt-ursprecamur
561 5447 598 5502 ut
611 5428 647 5499 in
660 5423 836 5527 vigiliis&
865 5427 1001 5515 ejuniiss
1051 5453 1124 5504 mas
1140 5431 1265 5508 vestras
1278 5431 1445 5509 virtutum
1458 5431 1590 5530 repleat
1612 5423 1858 5506 sacramentis.

195 5541 309 5594 carnis
323 5525 487 5598 defideria
499 5529 535 5600 dt
554 5525 729 5604 universas
743 5550 820 5602 mun
847 5549 1001 5603 seoncu·
1052 5543 1103 5624 ξι.
1118 5529 1232 5601 Amen
1247 5575 1258 5598 .
1275 5529 1370 5606 ldenr
1391 5553 1528 5624 quoque
1542 5524 1716 5604 Dominus
1742 5521 1858 5600 cordi·

120 5643 169 5716 50
196 5619 380 5716 piscentias
395 5637 431 5698 te
444 5622 663 5719 propiciante
675 5648 694 5700 a
706 5624 809 5697 nolirl
837 5625 1004 5722 corpori·
1053 5628 1114 5704 bus
1131 5625 1251 5700 vestris
1265 5646 1367 5722 atque
1379 5627 1582 5724 corporibus
1594 5625 1729 5716 ieiunio
1741 5621 1862 5700 aridise

198 5717 261 5793 bus
274 5719 531 5796 abscindamus.
545 5724 627 5816 Qu
640 5717 842 5823 abomnibirs
861 5723 1007 5808 vitiisac
1052 5727 1162 5801 vitam
1178 5741 1298 5797 tenere
1312 5724 1439 5801 tribuat
1456 5724 1860 5823 sanctioris-pannes-
1887 5755 1959 5834 ¹05

194 5815 440 5914 voluptatibus
454 5819 609 5916 profanis
637 5843 701 5894 nos
718 5817 877 5904 omnibus
892 5819 1003 5894 modis
1053 5827 1101 5898 Ur
1116 5843 1193 5894 cum
1207 5820 1408 5898 abstinentia
1422 5823 1598 5900 servantes
1610 5822 1777 5900 unitatem
1791 5817 1857 5916 spi·

196 5938 381 5990 caveamus
396 5944 406 5988 ε
422 5936 461 5992 ut
488 5917 524 5990 in
549 5917 669 5992 diebus
693 5915 906 6005 jejuniorum
930 5942 1002 5993 non
1050 5922 1139 5997 ritus
1153 5919 1187 5991 in
1205 5919 1343 5994 vinculo
1357 5923 1449 6015 pacis
1463 5948 1474 5991 r
1487 5921 1699 6019 perveniatis
1721 5923 1859 5996 adeum

196 6014 419 6096 inveniantur
436 6013 640 6095 voluntates
655 6017 770 6096 nostre
784 6045 795 6090 a
809 6015 867 6094 sed
890 6015 1003 6098 etiam
1047 6017 1257 6116 recipientes
1271 6020 1313 6096 ab
1329 6017 1391 6098 illo
1417 6019 1583 6117 premium
1599 6039 1719 6102 eterne
1752 6009 1861 6100 salva·

272 6116 541 6218 defigentem·
915 6213 919 6220 .
1416 6121 1446 6191 T
1742 6117 1874 6218 tionis(
