4450 7209
82 812 87 825 ,
590 716 1426 816 IN'QUADR'RGESIMA0'
1758 746 1828 819 roy

161 818 309 918 scipulos
325 816 415 893 illius
430 818 471 893 lie
502 846 512 889 e
546 844 610 900 noa
634 842 750 899 autem
778 822 895 919 Moyse
914 822 968 897 di·
1018 824 1133 896 Omue
1164 842 1273 918 genua
1297 824 1481 899 nummum
1500 818 1671 923 fignificat
1689 820 1748 897 ine
1765 848 1831 897 ee··
1865 844 1906 911 55

158 918 282 1019 scipuli
299 920 405 993 sumus
423 967 435 990 .
466 918 542 996 Nos
556 922 673 997 scimur
689 922 768 1017 quia
780 921 897 1016 Moysi
912 917 967 997 ln·
1017 944 1100 993 cus.
1129 922 1231 993 lianc
1258 920 1349 993 eninr
1364 920 1486 1017 piaculi
1501 922 1686 997 cecitatem
1700 924 1823 997 tradu-

159 1018 321 1090 eutusest
333 1018 453 1090 Deus.
481 1021 706 1096 Huncautem
721 1017 886 1091 nescimus
902 1042 968 1093 un·
1016 1022 1104 1095 siam
1127 1016 1280 1102 ducimur
1297 1020 1492 1094 exhomine
1508 1021 1621 1115 primo
1646 1048 1658 1093 a
1684 1021 1730 1093 de
1753 1038 1826 1115 quo

160 1116 205 1185 de
220 1116 287 1187 lit.
315 1116 506 1211 Respondit
528 1116 586 1191 ille
612 1120 718 1194 horno
733 1122 769 1191 dc
784 1118 874 1191 dixit
887 1117 964 1189 eie.
1010 1140 1085 1211 „non
1113 1114 1228 1191 solum
1250 1115 1423 1214 originem
1452 1118 1617 1191 trahimus
1644 1120 1824 1194 nationiea

115 1240 136 1313 5
161 1214 201 1287 In
217 1214 285 1287 hoc
296 1213 387 1285 enim
402 1211 554 1289 mirabile
568 1219 617 1289 ell
634 1220 735 1311 :quia
746 1238 810 1291 voa
828 1215 964 1289 nescitre
1013 1213 1072 1289 sed
1089 1220 1127 1289 dc
1138 1216 1276 1310 pondus
1296 1214 1511 1311 iniquitatis.
1540 1215 1694 1310 Ideoque
1720 1218 1746 1289 li
1780 1236 1828 1289 er

160 1314 253 1385 unde
275 1311 319 1383 srt
346 1336 356 1379 a
383 1314 420 1385 dc
449 1315 583 1407 aperuit
605 1313 728 1389 oculor
741 1336 866 1389 meos.
888 1314 964 1386 Sci·
1013 1309 1379 1387 illoluuenamiuuus
1409 1340 1421 1381 r
1448 1315 1544 1407 quod
1558 1317 1678 1389 nolito
1691 1334 1737 1385 er
1753 1313 1825 1389 rne-
1860 1316 1908 1385 60

157 1432 232 1485 mus
247 1426 362 1483 autem
393 1436 403 1479 a
430 1410 510 1507 quia
538 1430 738 1507 peccatores
762 1412 860 1485 Deua
890 1434 963 1487 non
1012 1410 1086 1484 rito
1119 1411 1154 1482 in
1182 1408 1281 1483 nobie
1322 1432 1485 1579 reparare
1513 1434 1583 1484 non
1610 1410 1823 1508 possumne.

157 1508 330 1582 exaudit·
357 1509 426 1581 Sed
451 1510 477 1581 si
500 1512 577 1606 quis
602 1512 670 1583 Dei
685 1509 797 1585 cultor
811 1513 859 1583 eli
887 1537 896 1579 r
925 1512 963 1583 dc
1011 1506 1099 1585 licee
1113 1508 1206 1584 adest
1229 1504 1322 1585 lesus
1336 1529 1360 1577 u
1375 1525 1521 1585 troneue
1545 1509 1588 1584 ed
1610 1509 1794 1584 sanandum
1813 1532 1827 1581 a

157 1603 383 1681 voluntatem
411 1611 485 1693 eius
514 1609 596 1683 iacit
620 1636 630 1678 a
656 1611 748 1682 hune
779 1608 921 1681 exaudit
947 1652 961 1678 .
1010 1607 1068 1702 qui
1084 1605 1358 1681 corcontritum
1374 1604 1820 1701 spedatdtbumiliatumr

87 1730 133 1785 ro
157 1710 190 1777 A
211 1699 325 1779 seculo
353 1726 423 1777 non
447 1706 667 1781 mauditum
691 1732 704 1775 r
734 1704 962 1801 quisuperuit
1011 1706 1069 1797 qui
1095 1704 1363 1797 lacrymantibus
1382 1706 1466 1778 dare
1492 1704 1668 1799 promittit
1695 1724 1820 1778 eterne

157 1800 281 1876 oculor
311 1801 384 1871 ceci
415 1802 516 1875 nati.
545 1804 618 1877 Nili
645 1803 729 1877 elset
754 1803 962 1875 bicaDeoe
1014 1800 1263 1877 consolationis
1291 1803 1506 1878 remedium·
1532 1802 1819 1880 Deseramurnor
1856 1799 1905 1890 65

153 1900 517 2072 citizensi
525 1900 967 2095 ‚qllqiiiirlil'lldii
1013 1918 1184 2091 {lilii}
1204 1901 1411 2071 cleiis?
1428 1900 1823 2072 &ferentilli

143 2112 256 2168 notua
273 2124 282 2165 r
299 2094 335 2165 dc
353 2111 393 2167 tu
404 2096 512 2170 doces
529 2118 592 2171 nos
606 2100 623 2166 ?
637 2096 681 2171 Et
694 2102 871 2183 eiecerunt
884 2116 963 2169 eum
1013 2093 1091 2167 dam
1108 2121 1119 2165 e
1150 2090 1334 2186 lachrymis
1346 2092 1453 2188 pedet
1477 2096 1552 2177 einr
1569 2098 1718 2192 rigemur
1747 2110 1758 2163 e
1786 2098 1825 2170 dt

84 2214 129 2291 15
161 2192 255 2267 sorar
271 2243 283 2266 .
307 2190 350 2264 Et
365 2190 594 2277 audivitlesue
605 2196 873 2287 quiaeieeerunt
888 2214 965 2271 eum
1015 2212 1092 2263 cunt
1106 2190 1251 2264 internis
1264 2192 1297 2263 ei
1313 2191 1483 2293 rugitibus
1500 2189 1753 2291 supplicemus.
1774 2196 1826 2267 Ue

156 2294 279 2365 sorar.
306 2286 347 2362 Et
361 2310 436 2363 curn
449 2292 631 2367 invenisset
645 2314 725 2366 eum
747 2286 764 2363 'a
796 2291 887 2368 dixit
902 2292 966 2364 ei.
1013 2292 1084 2375 iam
1097 2287 1233 2361 auferat
1261 2290 1407 2364 anubin
1433 2286 1595 2363 tenebrae
1618 2288 1820 2367 nollrieor·
1856 2305 1906 2382 70

157 2385 386 2464 Tucredisin
400 2386 508 2467 filium
522 2391 617 2463 Dei?
648 2388 841 2485 Respondit
855 2387 914 2463 ille
929 2390 967 2461 ἃ
1016 2384 1098 2457 die.
1120 2388 1157 2459 dc
1180 2384 1230 2458 ita
1256 2384 1292 2457 in
1323 2386 1423 2462 nobie
1445 2388 1563 2460 sirmec
1579 2384 1723 2465 vimsue
1735 2386 1825 2459 dile·

157 2485 277 2560 dixit.
301 2486 450 2575 Qirell
463 2488 615 2563 Dornine
646 2518 656 2561 r
684 2491 872 2564 uteredant
888 2489 967 2563 itu
1017 2480 1140 2557 dionis
1154 2495 1222 2554 a'ne
1231 2478 1401 2559 ullatenus
1411 2482 1685 2563 decedentem
1697 2480 1826 2585 lapsum

165 2588 276 2658 eurnl
299 2584 342 2658 Et
359 2586 447 2658 dixit
474 2586 508 2659 ei
525 2586 645 2659 lesus.
676 2582 719 2657 Et
736 2588 850 2667 vidilli
864 2608 966 2662 eurut
1018 2580 1164 2677 proprie
1178 2578 1362 2657 cecitatis.
1462 2596 1468 2607 ·

85 2704 132 2777 ao
159 2680 195 2754 δι
208 2685 267 2777 qui
283 2682 436 2775 loquitur
447 2701 561 2761 teeuru
575 2684 647 2781 ipse
662 2684 735 2755 est.
751 2688 799 2760 At
819 2681 876 2755 ille
890 2684 938 2756 ait
955 2727 968 2754 .
1624 2772 1629 2779 .

157 2780 284 2860 Credo
309 2780 462 2857 Domine
487 2810 498 2855 e
526 2786 563 2859 dt
586 2780 772 2879 procident
801 2780 963 2859 adoravit
1295 2776 1387 2854 vilio
1405 2782 1545 2856 metio.
1855 2792 1911 2871 75·

155 2896 326 2974 comata
343 2883 478 2955 Amen.

178 2974 440 3052 ‘oicarnresn
464 2975 638 3054 Dominus
667 2980 708 3055 srt
734 2980 869 3075 semper
894 3000 964 3053 vo-
1127 2976 1192 3049 Eur
1208 2974 1276 3075 ‚qui
1306 2975 1531 3053 bumanorum
1561 2974 1730 3051 mentium
1758 2970 1821 3050 lut

154 3070 308 3153 hiscum.
325 3076 435 3169 lle-,Et
451 3100 527 3154 cunt
544 3080 700 3150 dando.
723 3078 964 3153 laudabono·
1138 3091 1258 3146 eterna
1294 3096 1306 3139 e
1329 3091 1370 3147 tu
1400 3073 1555 3167 paternit
1579 3071 1823 3173 iniquitatibun

78 3196 128 3273 ³5
158 3174 317 3248 menDei
329 3173 394 3244 mei
409 3195 486 3249 curn
500 3174 638 3248 cantico
655 3202 665 3243 e
685 3180 721 3250 δι
734 3174 963 3271 magnificabo
1013 3170 1214 3243 obscuratos
1229 3168 1380 3246 illumina
1403 3198 1414 3237 a
1442 3190 1481 3247 ut
1509 3172 1673 3246 rellauret
1691 3168 1827 3271 gratui·
1892 3188 1898 3197 ·

152 3292 233 3342 eum
260 3272 296 3345 in
323 3268 450 3365 laude.
475 3269 523 3367 pl
548 3272 703 3346 laudent
733 3271 827 3345 illurn
843 3266 909 3344 celi
924 3296 963 3344 ac
1011 3285 1048 3341 ta
1080 3268 1193 3365 gratia
1221 3296 1232 3339 e
1256 3267 1418 3363 quicquid
1434 3267 1586 3365 perdidit
1614 3269 1742 3346 viciata
1763 3292 1823 3342 na·
1857 3263 1908 3343 80'

155 3372 296 3443 terra&
313 3392 404 3449 mare
420 3373 456 3444 dt
470 3369 669 3461 omniaque
685 3371 719 3443 in
735 3368 896 3443 eissunt.
1012 3382 1112 3438 tura.
1136 3368 1182 3439 Ut
1208 3368 1268 3459 qui
1293 3365 1329 3437 in
1358 3366 1460 3441 nobie
1477 3364 1662 3461 aliquando
1676 3366 1821 3441 tenebre

204 3468 268 3536 Hic
279 3468 369 3539 dicat
385 3470 761 3541 sacerdonl’enitenter
776 3486 875 3539 orate
891 3464 959 3539 &o
1013 3462 1137 3536 suimus
1165 3488 1175 3529 a
1203 3462 1237 3534 in
1263 3480 1302 3537 te
1331 3460 1464 3559 semper
1489 3462 1591 3539 lucidi
1622 3466 1689 3538 ese
1715 3464 1822 3560 polsn-

153 3560 515 3637 Illomodootdisturn
543 3560 585 3647 ell
615 3584 706 3637 retro
727 3565 957 3659 feriaquarto
1011 3583 1086 3633 mua
1108 3607 1120 3630 .
1142 3557 1246 3632 Nulla
1275 3559 1375 3634 nobis
1412 3559 1557 3656 amplius
1586 3563 1824 3635 deliciorum
1929 3560 1944 3573 ‘

81 3686 129 3769 30
146 3662 263 3757 prime
277 3658 477 3733 hebdomade
485 3660 573 3749 solio
589 3670 700 3735 XCIX.
1006 3657 1131 3729 nebula
1146 3658 1381 3735 dominetur-t
1410 3655 1502 3733 nulla
1528 3682 1603 3733 nox
1630 3658 1821 3756 iniquitatis
1867 3676 1900 3689 ·“

86 3796 91 3808 «
208 3757 437 3842 Sacrificium.
465 3760 510 3831 Hi
526 3760 598 3832 dier
613 3756 831 3833 exorationis
852 3752 957 3827 saneti
1008 3754 1042 3827 in
1060 3752 1160 3828 nobis
1176 3775 1213 3826 te
1227 3755 1362 3853 jugiter
1380 3752 1515 3831 lucente
1532 3756 1716 3832 nascatur.
1743 3756 1820 3830 Ello
1857 3752 1904 3845 85

154 3856 374 3929 eruntvobir
401 3882 413 3923 e
442 3858 477 3929 δι
511 3857 731 3931 humiliabitis
760 3858 962 3930 animaene·
1010 3849 1142 3925 famulis
1171 3852 1238 3925 tuit
1266 3853 1539 3945 perpetuordier
1571 3878 1583 3920 a
1614 3851 1650 3924 in
1674 3850 1827 3947 quoamss

155 3953 240 4027 siras
253 3978 263 4019 a
278 3950 487 4049 applicantes
501 3956 697 4029 holocausta
715 3954 870 4027 Domino
881 3951 962 4021 Deo
1015 3946 1173 4023 bulantee
1185 3972 1253 4021 non
1269 3972 1422 4023 erremue
1435 3947 1582 4021 ulteritu
1613 3974 1625 4020 r
1641 3950 1699 4023 sed
1715 3948 1830 4042 profi·

156 4052 302 4125 vestro.
333 4052 378 4143 ri.
393 4054 516 4125 Omnis
532 4053 964 4144 animaquecunrque-non
1014 4045 1139 4121 cientur
1170 4048 1204 4118 in
1232 4044 1380 4123 melior.
1408 4050 1454 4119 Ut
1480 4052 1549 4133 iam
1561 4047 1690 4121 Citrilli
1707 4040 1760 4118 tui
1774 4045 1843 4123 di·.

84 4170 129 4253 35
157 4146 193 4217 se
207 4145 770 4224 observaverit:exterminabitur
791 4150 834 4219 de
850 4168 964 4237 popu·
1015 4142 1126 4218 lanato
1152 4146 1262 4219 eorde
1287 4161 1468 4218 currentes
1494 4172 1505 4215 a
1528 4148 1567 4218 ἃ
1592 4144 1736 4245 relligio
1751 4139 1827 4215 Sal-
1901 4168 1906 4178 ·

82 4277 86 4287 2
155 4242 198 4317 lo
214 4245 583 4326 suna-istienimvobir
602 4242 775 4321 suntdiee.
789 4246 964 4323 PAExora·
1014 4240 1149 4315 vatorir
1164 4240 1668 4335 cumeoquiceeurnatnnesl
1689 4238 1821 4336 ample·
1854 4242 1910 4339 oo]

157 4342 297 4436 tionis„
903 4406 937 4423 ,.
1011 4340 1172 4417 denna.
1199 4340 1339 4416 Hecesl
1354 4342 1445 4413 enim
1474 4340 1617 4417 vifflma
1646 4339 1835 4416 salutariae

178 4455 184 4465 ’
907 4444 952 4455 ”
1014 4436 1080 4507 hec
1095 4439 1143 4511 est
1156 4437 1290 4513 oblatio
1302 4436 1461 4511 sacrificii
1490 4438 1696 4535 singularia.
1721 4439 1830 4511 nno·

501 4536 623 4637 Miffia.
1015 4556 1095 4607 rare
1112 4535 1326 4637 unigenitum
1345 4553 1442 4611 tuum
1469 4534 1684 4623 inneritate
1713 4531 1831 4605 nollri

80 4656 130 4742 '4⁰
1015 4634 1173 4728 eorporis
1189 4654 1339 4710 natuma
1364 4632 1400 4702 de
1422 4631 1541 4724 spreta
1561 4628 1822 4727 malignantium
1896 4649 1912 4685 λ

151 4735 417 4926 ERigamus
449 4738 559 4835 queso
600 4734 804 4812 nileoinni
834 4734 959 4810 fratrer
1014 4728 1181 4831 sinagoga
1206 4760 1218 4803 a
1246 4724 1461 4825 cognoscere
1475 4746 1513 4802 te
1529 4728 1564 4802 in
1579 4726 1822 4823 geanburea·
1853 4736 1904 4821 95

260 4840 367 4912 cor‘da
384 4838 495 4911 nollra
512 4866 522 4908 e
539 4838 580 4911 ad
595 4834 964 4911 confiderandardivi·
1016 4824 1189 4902 altarum.
1590 4858 1594 4863 ·
1833 4870 1839 4883 ·

150 4942 190 5007 ni
224 4933 376 5017 mosterii
398 4935 632 5010 sacramenta.
662 4930 779 5007 Lectio
806 4932 966 5006 etenim,

151 5032 264 5107 sandli
279 5032 457 5131 Evangelii
478 5044 494 5103 'a
521 5054 587 5123 que
603 5030 772 5107 hodierna
785 5030 842 5101 die
854 5032 897 5105 ad
908 5055 968 5104 au·
1066 5028 1269 5120 ill-‘Amena

78 5150 127 5229 45
152 5134 317 5206 diendum
332 5154 395 5204 ros
412 5126 659 5204 etresollicitos
689 5126 966 5209 aefficietetiam

60 5219 80 5259 ‘⁴
151 5228 354 5305 eternitatis
386 5226 549 5302 fructibus
577 5225 788 5325 epulentur.
815 5226 858 5301 Et
882 5226 966 5302 ficut
1294 5208 1542 5301 Mennim.
1639 5278 1642 5283 .
1857 5235 1931 5297 100'

150 5328 277 5406 auditu
291 5350 364 5399 eam
374 5327 441 5401 lide
455 5326 593 5423 integra
614 5322 812 5423 percepistis
837 5350 848 5395 r
874 5324 967 5399 ita:

149 5447 296 5522 quoque
323 5425 416 5499 fideli
443 5423 636 5503 devotione
664 5423 822 5521 quiddam
851 5418 963 5494 inille
1010 5414 1135 5629 Jl'nsu
1162 5415 1384 5513 Redemptor
1410 5412 1546 5489 bornuni
1570 5409 1711 5513 geberic
1729 5415 1837 5485 ete-'3

150 5524 333 5617 mysticum
350 5523 555 5621 requiratis.
581 5523 630 5598 ‘ia
646 5523 774 5621 quippe
800 5544 867 5615 que
881 5520 964 5593 fecit
1082 5516 1248 5589 staurator
1262 5535 1383 5588 eterne
1396 5509 1481 5585 lucia
1495 5556 1507 5583 .
1520 5512 1636 5587 Presta
1656 5507 1755 5584 nobie
1770 5508 1822 5581 sa·

72 5635 126 5723 '50
151 5620 328 5695 Dominus
357 5626 472 5713 noster
490 5618 754 5698 lesuaClrrillur
781 5618 966 5715 obstupeo·
1016 5612 1113 5691 rnulie
1128 5613 1231 5686 tuirr
1259 5606 1642 5685 utsicutoblutisumur
1655 5604 1819 5721 originali
1872 5637 1922 5703 ’ἦ

148 5722 199 5795 da
225 5738 328 5817 atque
343 5720 496 5797 miranda
524 5720 593 5791 a&
624 5744 731 5817 opera
763 5719 902 5791 fuerunt
927 5717 963 5787 dc
1013 5730 1163 5811 peooato
1180 5734 1244 5805 per
1261 5706 1463 5805 tirdionem
1478 5705 1692 5801 baptismam·
1722 5730 1735 5774 r
1762 5727 1836 5779 cu·¹
1856 5718 1924 5803 105

149 5821 276 5919 signa.
304 5815 611 5913 QiaRoperatio
624 5817 744 5893 extitit
757 5816 792 5889 in
806 5814 963 5889 virtuter
1013 5817 1067 5901 jur
1079 5806 1371 5905 significationem
1383 5804 1507 5917 babuit
1520 5804 1646 5900 piscina
1660 5800 1836 5907 illaeque

149 5919 191 5990 dr
220 5918 353 6015 signum
381 5918 414 5990 in
440 5914 597 5989 villone.
624 5914 660 5990 Si
688 5936 778 6012 ergo
800 5914 895 6005 quod
915 5910 958 5985 ll·
1011 5903 1820 5997 oculirlumenpreditrtceeueitaquoquenoe

151 6010 301 6165 gnirieet
314 6016 384 6094 boc
396 6014 492 6115 quod
504 6008 634 6095 sadum
662 6016 717 6097 eil.
726 6014 933 6113 nequinum
946 6056 977 6086 ‚.
1010 6008 1164 6086 seeundo
1196 6002 1432 6171 lacrymorutg
1442 5998 1659 6173 baptismate
1690 5998 1837 6170 puricfiaes..
