<?xml version="1.0" encoding="UTF-8"?>
<!DOCTYPE html PUBLIC "-//W3C//DTD XHTML 1.0 Transitional//EN"
    "http://www.w3.org/TR/xhtml1/DTD/xhtml1-transitional.dtd">
<html xmlns="http://www.w3.org/1999/xhtml" xml:lang="en" lang="en">
 <head>
  <title>
</title>
<meta http-equiv="Content-Type" content="text/html;charset=utf-8" />
  <meta name='ocr-system' content='tesseract 3.04.00' />
  <meta name='ocr-capabilities' content='ocr_page ocr_carea ocr_par ocr_line ocrx_word'/>
</head>
<body>
  <div class='ocr_page' id='page_1' title='image "./missalemixtumse00leslgoog_0397.png"; bbox 0 0 4450 7209; ppageno 0'>
   <div class='ocr_carea' id='block_1_1' title="bbox 315 727 1861 824">
    <p class='ocr_par' dir='ltr' id='par_1_1' title="bbox 315 727 1861 824">
     <span class='ocr_line' id='line_1_1' title="bbox 315 727 1861 824; baseline -0.012 -1"><span class='ocrx_word' id='word_1_1' title='bbox 315 746 393 824; x_wconf 69' lang='lat' dir='ltr'>esu</span> <span class='ocrx_word' id='word_1_2' title='bbox 463 734 716 819; x_wconf 78' lang='lat' dir='ltr'>DOMINICA</span> <span class='ocrx_word' id='word_1_3' title='bbox 742 730 872 810; x_wconf 77' lang='lat' dir='ltr'>ANTE</span> <span class='ocrx_word' id='word_1_4' title='bbox 892 727 1114 812; x_wconf 71' lang='lat' dir='ltr'>tunulum</span> <span class='ocrx_word' id='word_1_5' title='bbox 1138 728 1477 810; x_wconf 75' lang='lat' dir='ltr'>Kntsmnnntm</span> <span class='ocrx_word' id='word_1_6' title='bbox 1502 728 1861 816; x_wconf 70' lang='lat' dir='ltr'>mouumentum:</span> 
     </span>
    </p>
   </div>
   <div class='ocr_carea' id='block_1_2' title="bbox 162 821 2031 6165">
    <p class='ocr_par' dir='ltr' id='par_1_2' title="bbox 162 821 2031 6165">
     <span class='ocr_line' id='line_1_2' title="bbox 227 821 2030 932; baseline -0.007 -17"><span class='ocrx_word' id='word_1_7' title='bbox 227 874 230 879; x_wconf 51' lang='grc'>’</span> <span class='ocrx_word' id='word_1_8' title='bbox 316 837 322 845; x_wconf 77' lang='grc'><strong><em>’</em></strong></span> <span class='ocrx_word' id='word_1_9' title='bbox 365 831 1017 915; x_wconf 75' lang='lat' dir='ltr'>DicatPresbiter.Silentiumfacite.</span> <span class='ocrx_word' id='word_1_10' title='bbox 1162 836 1240 908; x_wconf 76' lang='lat' dir='ltr'>tiata</span> <span class='ocrx_word' id='word_1_11' title='bbox 1255 856 1357 908; x_wconf 91' lang='lat' dir='ltr'>nemo</span> <span class='ocrx_word' id='word_1_12' title='bbox 1373 831 1571 909; x_wconf 87' lang='lat' dir='ltr'>secularium</span> <span class='ocrx_word' id='word_1_13' title='bbox 1583 831 1804 929; x_wconf 86' lang='lat' dir='ltr'>voluptatum</span> <span class='ocrx_word' id='word_1_14' title='bbox 1823 821 1984 906; x_wconf 56' lang='lat' dir='ltr'>delectae</span> <span class='ocrx_word' id='word_1_15' title='bbox 2011 852 2030 932; x_wconf 74' lang='lat' dir='ltr'>p</span> 
     </span>
     <span class='ocr_line' id='line_1_3' title="bbox 366 929 1985 1037; baseline -0.006 -24"><span class='ocrx_word' id='word_1_16' title='bbox 366 929 947 1037; x_wconf 70' lang='lat' dir='ltr'>Epistula-RevelabituriraDei.</span> <span class='ocrx_word' id='word_1_17' title='bbox 969 934 1115 1033; x_wconf 66' lang='lat' dir='ltr'>Reperire</span> <span class='ocrx_word' id='word_1_18' title='bbox 1162 950 1280 1007; x_wconf 83' lang='lat' dir='ltr'>menta</span> <span class='ocrx_word' id='word_1_19' title='bbox 1312 931 1496 1026; x_wconf 84' lang='lat' dir='ltr'>perficiat.</span> <span class='ocrx_word' id='word_1_20' title='bbox 1522 929 1739 1026; x_wconf 84' lang='lat' dir='ltr'>Repellamue</span> <span class='ocrx_word' id='word_1_21' title='bbox 1773 930 1869 1006; x_wconf 89' lang='lat' dir='ltr'>mala</span> <span class='ocrx_word' id='word_1_22' title='bbox 1892 950 1985 1023; x_wconf 56' lang='lat' dir='ltr'>cong</span> 
     </span>
     <span class='ocr_line' id='line_1_4' title="bbox 316 1024 1986 1129; baseline -0.01 -17"><span class='ocrx_word' id='word_1_23' title='bbox 316 1039 535 1112; x_wconf 66' lang='lat' dir='ltr'>cinomanna</span> <span class='ocrx_word' id='word_1_24' title='bbox 549 1033 726 1129; x_wconf 76' lang='lat' dir='ltr'>utseepra.</span> <span class='ocrx_word' id='word_1_25' title='bbox 1167 1028 1279 1126; x_wconf 82' lang='lat' dir='ltr'>loqura</span> <span class='ocrx_word' id='word_1_26' title='bbox 1297 1055 1306 1097; x_wconf 78' lang='lat' dir='ltr'>e</span> <span class='ocrx_word' id='word_1_27' title='bbox 1326 1054 1403 1104; x_wconf 91' lang='lat' dir='ltr'>cum</span> <span class='ocrx_word' id='word_1_28' title='bbox 1434 1029 1625 1103; x_wconf 87' lang='lat' dir='ltr'>velocitate</span> <span class='ocrx_word' id='word_1_29' title='bbox 1654 1029 1770 1102; x_wconf 87' lang='lat' dir='ltr'>divina</span> <span class='ocrx_word' id='word_1_30' title='bbox 1795 1024 1986 1123; x_wconf 68' lang='lat' dir='ltr'>complea-</span> 
     </span>
     <span class='ocr_line' id='line_1_5' title="bbox 362 1124 1984 1230; baseline -0.005 -21"><span class='ocrx_word' id='word_1_31' title='bbox 362 1135 474 1209; x_wconf 73' lang='lat' dir='ltr'>cestio</span> <span class='ocrx_word' id='word_1_32' title='bbox 501 1130 613 1202; x_wconf 74' lang='lat' dir='ltr'>enne</span> <span class='ocrx_word' id='word_1_33' title='bbox 642 1131 823 1230; x_wconf 73' lang='lat' dir='ltr'><em>Evangelii</em></span> <span class='ocrx_word' id='word_1_34' title='bbox 840 1128 1022 1221; x_wconf 76' lang='lat' dir='ltr'>secundum</span> <span class='ocrx_word' id='word_1_35' title='bbox 1047 1136 1118 1205; x_wconf 79' lang='lat' dir='ltr'>Lu·</span> <span class='ocrx_word' id='word_1_36' title='bbox 1167 1153 1241 1202; x_wconf 88' lang='lat' dir='ltr'>mus</span> <span class='ocrx_word' id='word_1_37' title='bbox 1258 1128 1475 1222; x_wconf 77' lang='lat' dir='ltr'>imperiaesrt</span> <span class='ocrx_word' id='word_1_38' title='bbox 1496 1129 1532 1201; x_wconf 92' lang='lat' dir='ltr'>in</span> <span class='ocrx_word' id='word_1_39' title='bbox 1547 1124 1669 1199; x_wconf 89' lang='lat' dir='ltr'>nollris</span> <span class='ocrx_word' id='word_1_40' title='bbox 1686 1126 1984 1222; x_wconf 75' lang='lat' dir='ltr'>operibuschnri⁴</span> 
     </span>
     <span class='ocr_line' id='line_1_6' title="bbox 263 1222 1978 1327; baseline -0.001 -28"><span class='ocrx_word' id='word_1_41' title='bbox 263 1253 284 1327; x_wconf 88' lang='lat'><em>5</em></span> <span class='ocrx_word' id='word_1_42' title='bbox 312 1259 414 1306; x_wconf 75' lang='lat' dir='ltr'>eam.</span> <span class='ocrx_word' id='word_1_43' title='bbox 964 1237 1114 1326; x_wconf 66' lang='lat' dir='ltr'>cepam</span> <span class='ocrx_word' id='word_1_44' title='bbox 1163 1243 1215 1299; x_wconf 86' lang='lat' dir='ltr'>tas</span> <span class='ocrx_word' id='word_1_45' title='bbox 1241 1251 1252 1295; x_wconf 82' lang='lat' dir='ltr'>e</span> <span class='ocrx_word' id='word_1_46' title='bbox 1280 1227 1314 1296; x_wconf 89' lang='lat' dir='ltr'>in</span> <span class='ocrx_word' id='word_1_47' title='bbox 1337 1225 1550 1302; x_wconf 74' lang='lat' dir='ltr'>sermonibus</span> <span class='ocrx_word' id='word_1_48' title='bbox 1568 1224 1744 1323; x_wconf 81' lang='lat' dir='ltr'>gravitas:</span> <span class='ocrx_word' id='word_1_49' title='bbox 1761 1223 1794 1295; x_wconf 90' lang='lat' dir='ltr'>in</span> <span class='ocrx_word' id='word_1_50' title='bbox 1811 1222 1978 1298; x_wconf 86' lang='lat' dir='ltr'>oratione</span> 
     </span>
     <span class='ocr_line' id='line_1_7' title="bbox 375 1320 2031 1425; baseline -0.007 -19"><span class='ocrx_word' id='word_1_51' title='bbox 375 1327 435 1406; x_wconf 81' lang='lat' dir='ltr'>tlo</span> <span class='ocrx_word' id='word_1_52' title='bbox 449 1327 484 1400; x_wconf 90' lang='lat' dir='ltr'>in</span> <span class='ocrx_word' id='word_1_53' title='bbox 503 1345 660 1423; x_wconf 88' lang='lat' dir='ltr'>tempore</span> <span class='ocrx_word' id='word_1_54' title='bbox 689 1357 698 1398; x_wconf 76' lang='lat' dir='ltr'>z</span> <span class='ocrx_word' id='word_1_55' title='bbox 720 1347 821 1403; x_wconf 89' lang='lat' dir='ltr'>erant</span> <span class='ocrx_word' id='word_1_56' title='bbox 834 1328 1115 1425; x_wconf 88' lang='lat' dir='ltr'>appropinquan-</span> <span class='ocrx_word' id='word_1_57' title='bbox 1164 1321 1388 1419; x_wconf 74' lang='lat' dir='ltr'>compunctio</span> <span class='ocrx_word' id='word_1_58' title='bbox 1402 1352 1412 1394; x_wconf 85' lang='lat' dir='ltr'>e</span> <span class='ocrx_word' id='word_1_59' title='bbox 1427 1322 1486 1398; x_wconf 89' lang='lat' dir='ltr'>sub</span> <span class='ocrx_word' id='word_1_60' title='bbox 1510 1320 1680 1421; x_wconf 82' lang='lat' dir='ltr'>religione</span> <span class='ocrx_word' id='word_1_61' title='bbox 1694 1322 1850 1400; x_wconf 87' lang='lat' dir='ltr'>devotio</span> <span class='ocrx_word' id='word_1_62' title='bbox 1870 1366 1886 1393; x_wconf 63' lang='grc' dir='ltr'><strong><em>ο</em></strong></span> <span class='ocrx_word' id='word_1_63' title='bbox 1913 1321 1977 1397; x_wconf 82' lang='lat' dir='ltr'>La-</span> <span class='ocrx_word' id='word_1_64' title='bbox 2007 1328 2031 1405; x_wconf 75' lang='lat'><em>6</em></span> 
     </span>
     <span class='ocr_line' id='line_1_8' title="bbox 387 1420 1998 1521; baseline -0.006 -20"><span class='ocrx_word' id='word_1_65' title='bbox 387 1448 440 1501; x_wconf 88' lang='lat' dir='ltr'>tes</span> <span class='ocrx_word' id='word_1_66' title='bbox 467 1430 510 1502; x_wconf 92' lang='lat' dir='ltr'>ad</span> <span class='ocrx_word' id='word_1_67' title='bbox 539 1429 729 1501; x_wconf 87' lang='lat' dir='ltr'>Dominum</span> <span class='ocrx_word' id='word_1_68' title='bbox 750 1426 858 1511; x_wconf 79' lang='lat' dir='ltr'>lesum</span> <span class='ocrx_word' id='word_1_69' title='bbox 884 1424 1114 1520; x_wconf 84' lang='lat' dir='ltr'>publicani&amp;</span> <span class='ocrx_word' id='word_1_70' title='bbox 1162 1423 1380 1518; x_wconf 84' lang='lat' dir='ltr'>ehrymarum</span> <span class='ocrx_word' id='word_1_71' title='bbox 1408 1423 1917 1520; x_wconf 76' lang='lat' dir='ltr'>sacrificiaconiuugamusaut</span> <span class='ocrx_word' id='word_1_72' title='bbox 1942 1420 1998 1521; x_wconf 79' lang='lat' dir='ltr'>in</span> 
     </span>
     <span class='ocr_line' id='line_1_9' title="bbox 312 1519 1977 1618; baseline -0.002 -22"><span class='ocrx_word' id='word_1_73' title='bbox 312 1544 514 1618; x_wconf 83' lang='lat' dir='ltr'>peccatores</span> <span class='ocrx_word' id='word_1_74' title='bbox 530 1551 540 1594; x_wconf 78' lang='lat' dir='ltr'>r</span> <span class='ocrx_word' id='word_1_75' title='bbox 554 1544 592 1597; x_wconf 90' lang='lat' dir='ltr'>ut</span> <span class='ocrx_word' id='word_1_76' title='bbox 603 1522 868 1599; x_wconf 88' lang='lat' dir='ltr'>audirentillum</span> <span class='ocrx_word' id='word_1_77' title='bbox 882 1572 893 1596; x_wconf 89' lang='lat'><strong>.</strong></span> <span class='ocrx_word' id='word_1_78' title='bbox 906 1525 948 1597; x_wconf 86' lang='lat' dir='ltr'>Er</span> <span class='ocrx_word' id='word_1_79' title='bbox 966 1546 1116 1597; x_wconf 88' lang='lat' dir='ltr'>murmu·</span> <span class='ocrx_word' id='word_1_80' title='bbox 1162 1526 1257 1597; x_wconf 92' lang='lat' dir='ltr'>bono</span> <span class='ocrx_word' id='word_1_81' title='bbox 1272 1520 1383 1595; x_wconf 85' lang='lat' dir='ltr'>satiari</span> <span class='ocrx_word' id='word_1_82' title='bbox 1411 1524 1522 1598; x_wconf 85' lang='lat' dir='ltr'>nostra</span> <span class='ocrx_word' id='word_1_83' title='bbox 1537 1519 1703 1594; x_wconf 87' lang='lat' dir='ltr'>desideria</span> <span class='ocrx_word' id='word_1_84' title='bbox 1731 1522 1977 1618; x_wconf 78' lang='lat' dir='ltr'>gaudeamus.</span> 
     </span>
     <span class='ocr_line' id='line_1_10' title="bbox 310 1617 1879 1718; baseline -0.004 -23"><span class='ocrx_word' id='word_1_85' title='bbox 310 1626 435 1698; x_wconf 84' lang='lat' dir='ltr'>rabant</span> <span class='ocrx_word' id='word_1_86' title='bbox 449 1622 638 1718; x_wconf 83' lang='lat' dir='ltr'>pharisei&amp;</span> <span class='ocrx_word' id='word_1_87' title='bbox 649 1623 758 1697; x_wconf 78' lang='lat' dir='ltr'>scribe</span> <span class='ocrx_word' id='word_1_88' title='bbox 772 1623 927 1696; x_wconf 84' lang='lat' dir='ltr'>dicentes</span> <span class='ocrx_word' id='word_1_89' title='bbox 943 1621 1040 1717; x_wconf 71' lang='lat' dir='ltr'>aquia</span> <span class='ocrx_word' id='word_1_90' title='bbox 1054 1623 1111 1698; x_wconf 88' lang='lat' dir='ltr'>hic</span> <span class='ocrx_word' id='word_1_91' title='bbox 1162 1633 1212 1716; x_wconf 73' lang='lat'>132·</span> <span class='ocrx_word' id='word_1_92' title='bbox 1229 1622 1363 1692; x_wconf 77' lang='lat' dir='ltr'>Amen.</span> <span class='ocrx_word' id='word_1_93' title='bbox 1622 1617 1710 1692; x_wconf 70' lang='lat' dir='ltr'>Alia</span> <span class='ocrx_word' id='word_1_94' title='bbox 1727 1623 1849 1694; x_wconf 81' lang='lat' dir='ltr'>Oratio</span> <span class='ocrx_word' id='word_1_95' title='bbox 1864 1665 1879 1688; x_wconf 87' lang='lat'><strong>.</strong></span> 
     </span>
     <span class='ocr_line' id='line_1_11' title="bbox 237 1712 1978 1904; baseline -0.005 -107"><span class='ocrx_word' id='word_1_96' title='bbox 237 1742 284 1805; x_wconf 76' lang='lat' dir='ltr'>eo</span> <span class='ocrx_word' id='word_1_97' title='bbox 312 1742 512 1816; x_wconf 84' lang='lat' dir='ltr'>peccatores</span> <span class='ocrx_word' id='word_1_98' title='bbox 527 1719 916 1818; x_wconf 82' lang='lat' dir='ltr'>recipite&amp;manducat</span> <span class='ocrx_word' id='word_1_99' title='bbox 927 1717 1113 1794; x_wconf 82' lang='lat' dir='ltr'>cumillis.</span> <span class='ocrx_word' id='word_1_100' title='bbox 1160 1720 1352 1904; x_wconf 85' lang='lat' dir='ltr'>ITerata</span> <span class='ocrx_word' id='word_1_101' title='bbox 1370 1713 1548 1818; x_wconf 81' lang='lat' dir='ltr'>legatione</span> <span class='ocrx_word' id='word_1_102' title='bbox 1566 1743 1608 1795; x_wconf 92' lang='lat' dir='ltr'>ro</span> <span class='ocrx_word' id='word_1_103' title='bbox 1655 1735 1806 1790; x_wconf 78' lang='lat' dir='ltr'>museut</span> <span class='ocrx_word' id='word_1_104' title='bbox 1821 1735 1861 1790; x_wconf 94' lang='lat' dir='ltr'>tu</span> <span class='ocrx_word' id='word_1_105' title='bbox 1877 1712 1978 1790; x_wconf 85' lang='lat' dir='ltr'>Deus</span> 
     </span>
     <span class='ocr_line' id='line_1_12' title="bbox 310 1812 2031 1919; baseline 0 -26"><span class='ocrx_word' id='word_1_106' title='bbox 310 1821 355 1895; x_wconf 86' lang='lat' dir='ltr'>Et</span> <span class='ocrx_word' id='word_1_107' title='bbox 369 1824 419 1894; x_wconf 86' lang='lat' dir='ltr'>ait</span> <span class='ocrx_word' id='word_1_108' title='bbox 435 1822 476 1893; x_wconf 91' lang='lat' dir='ltr'>ad</span> <span class='ocrx_word' id='word_1_109' title='bbox 492 1817 573 1895; x_wconf 85' lang='lat' dir='ltr'>illos</span> <span class='ocrx_word' id='word_1_110' title='bbox 601 1818 797 1915; x_wconf 81' lang='lat' dir='ltr'>parabolam</span> <span class='ocrx_word' id='word_1_111' title='bbox 822 1819 937 1894; x_wconf 81' lang='lat' dir='ltr'>islam.</span> <span class='ocrx_word' id='word_1_112' title='bbox 959 1817 1047 1916; x_wconf 80' lang='lat' dir='ltr'>Qis</span> <span class='ocrx_word' id='word_1_113' title='bbox 1064 1837 1111 1892; x_wconf 74' lang='lat' dir='ltr'>et</span> <span class='ocrx_word' id='word_1_114' title='bbox 1235 1815 1339 1890; x_wconf 83' lang='lat' dir='ltr'>Pater</span> <span class='ocrx_word' id='word_1_115' title='bbox 1363 1819 1587 1914; x_wconf 85' lang='lat' dir='ltr'>omnipotens</span> <span class='ocrx_word' id='word_1_116' title='bbox 1620 1837 1725 1892; x_wconf 78' lang='lat' dir='ltr'>srvos</span> <span class='ocrx_word' id='word_1_117' title='bbox 1738 1834 1843 1910; x_wconf 84' lang='lat' dir='ltr'>atque</span> <span class='ocrx_word' id='word_1_118' title='bbox 1870 1812 1978 1887; x_wconf 86' lang='lat' dir='ltr'>ancil·</span> <span class='ocrx_word' id='word_1_119' title='bbox 2005 1820 2031 1919; x_wconf 70' lang='lat'>62</span> 
     </span>
     <span class='ocr_line' id='line_1_13' title="bbox 309 1913 1974 2011; baseline -0.005 -17"><span class='ocrx_word' id='word_1_120' title='bbox 309 1921 415 1994; x_wconf 78' lang='lat' dir='ltr'>vobis</span> <span class='ocrx_word' id='word_1_121' title='bbox 429 1918 534 1995; x_wconf 92' lang='lat' dir='ltr'>homo</span> <span class='ocrx_word' id='word_1_122' title='bbox 548 1919 609 2011; x_wconf 86' lang='lat' dir='ltr'>qui</span> <span class='ocrx_word' id='word_1_123' title='bbox 623 1920 726 1994; x_wconf 83' lang='lat' dir='ltr'>habet</span> <span class='ocrx_word' id='word_1_124' title='bbox 752 1936 895 1991; x_wconf 87' lang='lat' dir='ltr'>centum</span> <span class='ocrx_word' id='word_1_125' title='bbox 908 1915 1109 1994; x_wconf 69' lang='lat' dir='ltr'>oscandus</span> <span class='ocrx_word' id='word_1_126' title='bbox 1162 1914 1211 1990; x_wconf 84' lang='lat' dir='ltr'>las</span> <span class='ocrx_word' id='word_1_127' title='bbox 1229 1932 1305 1989; x_wconf 81' lang='lat' dir='ltr'>tuas</span> <span class='ocrx_word' id='word_1_128' title='bbox 1319 1915 1476 2011; x_wconf 86' lang='lat' dir='ltr'>propicia</span> <span class='ocrx_word' id='word_1_129' title='bbox 1495 1916 1668 2002; x_wconf 84' lang='lat' dir='ltr'>maiestate</span> <span class='ocrx_word' id='word_1_130' title='bbox 1695 1913 1896 1988; x_wconf 80' lang='lat' dir='ltr'>custodiae·</span> <span class='ocrx_word' id='word_1_131' title='bbox 1924 1915 1974 1989; x_wconf 84' lang='lat' dir='ltr'>Ut</span> 
     </span>
     <span class='ocr_line' id='line_1_14' title="bbox 308 2006 1975 2112; baseline -0.005 -21"><span class='ocrx_word' id='word_1_132' title='bbox 308 2016 504 2112; x_wconf 81' lang='lat' dir='ltr'>perdiderit</span> <span class='ocrx_word' id='word_1_133' title='bbox 525 2040 625 2092; x_wconf 91' lang='lat' dir='ltr'>unam</span> <span class='ocrx_word' id='word_1_134' title='bbox 643 2042 689 2093; x_wconf 82' lang='lat' dir='ltr'>ex</span> <span class='ocrx_word' id='word_1_135' title='bbox 716 2012 783 2090; x_wconf 84' lang='lat' dir='ltr'>illis</span> <span class='ocrx_word' id='word_1_136' title='bbox 800 2046 809 2089; x_wconf 78' lang='lat' dir='ltr'>e</span> <span class='ocrx_word' id='word_1_137' title='bbox 825 2039 941 2091; x_wconf 91' lang='lat' dir='ltr'>nonne</span> <span class='ocrx_word' id='word_1_138' title='bbox 966 2014 1112 2094; x_wconf 86' lang='lat' dir='ltr'>dimittit</span> <span class='ocrx_word' id='word_1_139' title='bbox 1157 2017 1205 2089; x_wconf 88' lang='lat' dir='ltr'>ab</span> <span class='ocrx_word' id='word_1_140' title='bbox 1221 2012 1407 2087; x_wconf 86' lang='lat' dir='ltr'>infestantis</span> <span class='ocrx_word' id='word_1_141' title='bbox 1433 2012 1562 2091; x_wconf 89' lang='lat' dir='ltr'>inimici</span> <span class='ocrx_word' id='word_1_142' title='bbox 1591 2011 1755 2099; x_wconf 83' lang='lat' dir='ltr'>insidiosis</span> <span class='ocrx_word' id='word_1_143' title='bbox 1769 2008 1904 2109; x_wconf 81' lang='lat' dir='ltr'>laqueis</span> <span class='ocrx_word' id='word_1_144' title='bbox 1929 2006 1975 2111; x_wconf 84' lang='lat' dir='ltr'>li·</span> 
     </span>
     <span class='ocr_line' id='line_1_15' title="bbox 308 2109 1973 2215; baseline -0.003 -30"><span class='ocrx_word' id='word_1_145' title='bbox 308 2116 645 2215; x_wconf 82' lang='lat' dir='ltr'>nonagintanovem</span> <span class='ocrx_word' id='word_1_146' title='bbox 666 2119 700 2191; x_wconf 91' lang='lat' dir='ltr'>in</span> <span class='ocrx_word' id='word_1_147' title='bbox 714 2114 851 2190; x_wconf 89' lang='lat' dir='ltr'>deserto</span> <span class='ocrx_word' id='word_1_148' title='bbox 867 2117 928 2190; x_wconf 79' lang='lat' dir='ltr'>e&amp;</span> <span class='ocrx_word' id='word_1_149' title='bbox 943 2116 1041 2191; x_wconf 89' lang='lat' dir='ltr'>vadit</span> <span class='ocrx_word' id='word_1_150' title='bbox 1068 2114 1112 2191; x_wconf 87' lang='lat' dir='ltr'>ad</span> <span class='ocrx_word' id='word_1_151' title='bbox 1162 2117 1301 2189; x_wconf 79' lang='lat' dir='ltr'>berctus</span> <span class='ocrx_word' id='word_1_152' title='bbox 1328 2111 1417 2186; x_wconf 77' lang='lat' dir='ltr'>adiu</span> <span class='ocrx_word' id='word_1_153' title='bbox 1445 2110 1621 2208; x_wconf 74' lang='lat' dir='ltr'>nodoque</span> <span class='ocrx_word' id='word_1_154' title='bbox 1641 2109 1805 2187; x_wconf 82' lang='lat' dir='ltr'>defendas</span> <span class='ocrx_word' id='word_1_155' title='bbox 1822 2140 1832 2182; x_wconf 76' lang='lat' dir='ltr'>a</span> <span class='ocrx_word' id='word_1_156' title='bbox 1848 2129 1895 2181; x_wconf 89' lang='lat' dir='ltr'>ne</span> <span class='ocrx_word' id='word_1_157' title='bbox 1908 2130 1973 2189; x_wconf 81' lang='lat' dir='ltr'>noe</span> 
     </span>
     <span class='ocr_line' id='line_1_16' title="bbox 229 2206 1973 2309; baseline -0.001 -25"><span class='ocrx_word' id='word_1_158' title='bbox 229 2228 277 2309; x_wconf 69' lang='grc' dir='ltr'>ις</span> <span class='ocrx_word' id='word_1_159' title='bbox 307 2210 400 2287; x_wconf 91' lang='lat' dir='ltr'>illam</span> <span class='ocrx_word' id='word_1_160' title='bbox 415 2236 481 2308; x_wconf 88' lang='lat' dir='ltr'>que</span> <span class='ocrx_word' id='word_1_161' title='bbox 497 2213 647 2308; x_wconf 84' lang='lat' dir='ltr'>perierat</span> <span class='ocrx_word' id='word_1_162' title='bbox 664 2218 797 2290; x_wconf 85' lang='lat' dir='ltr'>=donec</span> <span class='ocrx_word' id='word_1_163' title='bbox 818 2213 975 2288; x_wconf 86' lang='lat' dir='ltr'>inveniat</span> <span class='ocrx_word' id='word_1_164' title='bbox 991 2210 1112 2288; x_wconf 84' lang='lat' dir='ltr'>illam?</span> <span class='ocrx_word' id='word_1_165' title='bbox 1160 2207 1319 2287; x_wconf 88' lang='lat' dir='ltr'>occultus</span> <span class='ocrx_word' id='word_1_166' title='bbox 1333 2211 1485 2287; x_wconf 84' lang='lat' dir='ltr'>inimicus</span> <span class='ocrx_word' id='word_1_167' title='bbox 1497 2213 1605 2287; x_wconf 90' lang='lat' dir='ltr'>corde</span> <span class='ocrx_word' id='word_1_168' title='bbox 1628 2213 1665 2288; x_wconf 81' lang='lat' dir='ltr'>dt</span> <span class='ocrx_word' id='word_1_169' title='bbox 1681 2233 1833 2308; x_wconf 84' lang='lat' dir='ltr'>corpore</span> <span class='ocrx_word' id='word_1_170' title='bbox 1847 2206 1973 2305; x_wconf 84' lang='lat' dir='ltr'>oppri-</span> 
     </span>
     <span class='ocr_line' id='line_1_17' title="bbox 308 2307 2031 2409; baseline -0.004 -24"><span class='ocrx_word' id='word_1_171' title='bbox 308 2310 354 2385; x_wconf 87' lang='lat' dir='ltr'>Et</span> <span class='ocrx_word' id='word_1_172' title='bbox 380 2334 460 2385; x_wconf 88' lang='lat' dir='ltr'>cum</span> <span class='ocrx_word' id='word_1_173' title='bbox 484 2313 659 2388; x_wconf 84' lang='lat' dir='ltr'>invenerit</span> <span class='ocrx_word' id='word_1_174' title='bbox 685 2311 775 2389; x_wconf 87' lang='lat' dir='ltr'>illam</span> <span class='ocrx_word' id='word_1_175' title='bbox 789 2339 800 2382; x_wconf 73' lang='grc' dir='ltr'><strong><em>ε</em></strong></span> <span class='ocrx_word' id='word_1_176' title='bbox 816 2310 964 2407; x_wconf 86' lang='lat' dir='ltr'>imponit</span> <span class='ocrx_word' id='word_1_177' title='bbox 989 2310 1025 2386; x_wconf 88' lang='lat' dir='ltr'>ln</span> <span class='ocrx_word' id='word_1_178' title='bbox 1050 2311 1113 2382; x_wconf 79' lang='lat' dir='ltr'>hu·</span> <span class='ocrx_word' id='word_1_179' title='bbox 1158 2327 1256 2385; x_wconf 83' lang='lat' dir='ltr'>mat:</span> <span class='ocrx_word' id='word_1_180' title='bbox 1272 2333 1316 2381; x_wconf 89' lang='lat' dir='ltr'>ne</span> <span class='ocrx_word' id='word_1_181' title='bbox 1330 2329 1468 2385; x_wconf 89' lang='lat' dir='ltr'>terrena</span> <span class='ocrx_word' id='word_1_182' title='bbox 1481 2310 1699 2408; x_wconf 81' lang='lat' dir='ltr'>cogitatione</span> <span class='ocrx_word' id='word_1_183' title='bbox 1715 2308 1870 2405; x_wconf 87' lang='lat' dir='ltr'>decipiat</span> <span class='ocrx_word' id='word_1_184' title='bbox 1884 2332 1896 2375; x_wconf 76' lang='lat' dir='ltr'>a</span> <span class='ocrx_word' id='word_1_185' title='bbox 1911 2307 1970 2381; x_wconf 89' lang='lat' dir='ltr'>sed</span> <span class='ocrx_word' id='word_1_186' title='bbox 2000 2332 2031 2409; x_wconf 69' lang='lat' dir='ltr'>gr</span> 
     </span>
     <span class='ocr_line' id='line_1_18' title="bbox 306 2403 1971 2505; baseline 0 -25"><span class='ocrx_word' id='word_1_187' title='bbox 306 2430 423 2483; x_wconf 88' lang='lat' dir='ltr'>merus</span> <span class='ocrx_word' id='word_1_188' title='bbox 436 2409 515 2484; x_wconf 91' lang='lat' dir='ltr'>suos</span> <span class='ocrx_word' id='word_1_189' title='bbox 532 2413 710 2505; x_wconf 81' lang='lat' dir='ltr'>gaudens.</span> <span class='ocrx_word' id='word_1_190' title='bbox 731 2412 776 2486; x_wconf 80' lang='lat' dir='ltr'>Et</span> <span class='ocrx_word' id='word_1_191' title='bbox 791 2412 934 2486; x_wconf 80' lang='lat' dir='ltr'>veniens</span> <span class='ocrx_word' id='word_1_192' title='bbox 950 2410 1109 2484; x_wconf 79' lang='lat' dir='ltr'>domums</span> <span class='ocrx_word' id='word_1_193' title='bbox 1159 2432 1244 2484; x_wconf 80' lang='lat' dir='ltr'>uera</span> <span class='ocrx_word' id='word_1_194' title='bbox 1258 2404 1317 2482; x_wconf 85' lang='lat' dir='ltr'>lux</span> <span class='ocrx_word' id='word_1_195' title='bbox 1333 2407 1397 2482; x_wconf 89' lang='lat' dir='ltr'>lilii</span> <span class='ocrx_word' id='word_1_196' title='bbox 1412 2407 1463 2484; x_wconf 91' lang='lat' dir='ltr'>tui</span> <span class='ocrx_word' id='word_1_197' title='bbox 1482 2410 1582 2483; x_wconf 86' lang='lat' dir='ltr'>saciat</span> <span class='ocrx_word' id='word_1_198' title='bbox 1599 2404 1741 2505; x_wconf 90' lang='lat' dir='ltr'>spiritali</span> <span class='ocrx_word' id='word_1_199' title='bbox 1753 2403 1831 2480; x_wconf 88' lang='lat' dir='ltr'>luce</span> <span class='ocrx_word' id='word_1_200' title='bbox 1845 2405 1971 2499; x_wconf 78' lang='lat' dir='ltr'>pervi-</span> 
     </span>
     <span class='ocr_line' id='line_1_19' title="bbox 303 2503 1972 2604; baseline 0.003 -28"><span class='ocrx_word' id='word_1_201' title='bbox 303 2526 480 2580; x_wconf 89' lang='lat' dir='ltr'>convocat</span> <span class='ocrx_word' id='word_1_202' title='bbox 509 2505 639 2584; x_wconf 79' lang='lat' dir='ltr'>amicos</span> <span class='ocrx_word' id='word_1_203' title='bbox 663 2511 701 2584; x_wconf 73' lang='grc' dir='ltr'>δι</span> <span class='ocrx_word' id='word_1_204' title='bbox 720 2503 987 2584; x_wconf 79' lang='lat' dir='ltr'>vicinosdicens</span> <span class='ocrx_word' id='word_1_205' title='bbox 1015 2505 1109 2581; x_wconf 84' lang='lat' dir='ltr'>illis.</span> <span class='ocrx_word' id='word_1_206' title='bbox 1159 2505 1270 2604; x_wconf 84' lang='lat' dir='ltr'>giles.</span> <span class='ocrx_word' id='word_1_207' title='bbox 1301 2505 1482 2583; x_wconf 75' lang='lat' dir='ltr'>Ecclesiam</span> <span class='ocrx_word' id='word_1_208' title='bbox 1497 2525 1593 2582; x_wconf 86' lang='lat' dir='ltr'>tuam</span> <span class='ocrx_word' id='word_1_209' title='bbox 1617 2505 1881 2582; x_wconf 88' lang='lat' dir='ltr'>fundamentum</span> <span class='ocrx_word' id='word_1_210' title='bbox 1906 2526 1972 2581; x_wconf 78' lang='lat' dir='ltr'>ve·</span> 
     </span>
     <span class='ocr_line' id='line_1_20' title="bbox 304 2601 1973 2701; baseline 0 -26"><span class='ocrx_word' id='word_1_211' title='bbox 304 2601 607 2700; x_wconf 85' lang='lat' dir='ltr'>Congratulamini</span> <span class='ocrx_word' id='word_1_212' title='bbox 621 2607 726 2680; x_wconf 70' lang='lat' dir='ltr'>mihin</span> <span class='ocrx_word' id='word_1_213' title='bbox 749 2607 828 2701; x_wconf 90' lang='lat' dir='ltr'>quia</span> <span class='ocrx_word' id='word_1_214' title='bbox 842 2606 961 2681; x_wconf 87' lang='lat' dir='ltr'>inveni</span> <span class='ocrx_word' id='word_1_215' title='bbox 976 2630 1109 2682; x_wconf 70' lang='lat' dir='ltr'>ovem:</span> <span class='ocrx_word' id='word_1_216' title='bbox 1158 2606 1270 2680; x_wconf 84' lang='lat' dir='ltr'>citatis</span> <span class='ocrx_word' id='word_1_217' title='bbox 1283 2625 1407 2682; x_wconf 88' lang='lat' dir='ltr'>contra</span> <span class='ocrx_word' id='word_1_218' title='bbox 1420 2629 1539 2681; x_wconf 83' lang='lat' dir='ltr'>omnes</span> <span class='ocrx_word' id='word_1_219' title='bbox 1555 2606 1671 2682; x_wconf 90' lang='lat' dir='ltr'>mundi</span> <span class='ocrx_word' id='word_1_220' title='bbox 1687 2604 1842 2699; x_wconf 85' lang='lat' dir='ltr'>impetus</span> <span class='ocrx_word' id='word_1_221' title='bbox 1860 2623 1973 2676; x_wconf 71' lang='lat' dir='ltr'>suun-</span> 
     </span>
     <span class='ocr_line' id='line_1_21' title="bbox 224 2697 1969 2801; baseline -0.002 -24"><span class='ocrx_word' id='word_1_222' title='bbox 224 2720 278 2783; x_wconf 64' lang='grc' dir='ltr'>ιο</span> <span class='ocrx_word' id='word_1_223' title='bbox 304 2720 408 2794; x_wconf 86' lang='lat' dir='ltr'>quam</span> <span class='ocrx_word' id='word_1_224' title='bbox 425 2700 670 2796; x_wconf 84' lang='lat' dir='ltr'>perdideram·</span> <span class='ocrx_word' id='word_1_225' title='bbox 698 2705 792 2779; x_wconf 88' lang='lat' dir='ltr'>Dico</span> <span class='ocrx_word' id='word_1_226' title='bbox 806 2704 908 2780; x_wconf 83' lang='lat' dir='ltr'>vobis</span> <span class='ocrx_word' id='word_1_227' title='bbox 924 2730 935 2773; x_wconf 77' lang='lat' dir='ltr'>e</span> <span class='ocrx_word' id='word_1_228' title='bbox 951 2706 1046 2799; x_wconf 91' lang='lat' dir='ltr'>quod</span> <span class='ocrx_word' id='word_1_229' title='bbox 1060 2703 1108 2779; x_wconf 89' lang='lat' dir='ltr'>ita</span> <span class='ocrx_word' id='word_1_230' title='bbox 1157 2720 1212 2778; x_wconf 89' lang='lat' dir='ltr'>tra</span> <span class='ocrx_word' id='word_1_231' title='bbox 1229 2702 1383 2777; x_wconf 89' lang='lat' dir='ltr'>heretice</span> <span class='ocrx_word' id='word_1_232' title='bbox 1398 2702 1579 2801; x_wconf 82' lang='lat' dir='ltr'>pravitatis</span> <span class='ocrx_word' id='word_1_233' title='bbox 1593 2700 1782 2781; x_wconf 80' lang='lat' dir='ltr'>scandalum</span> <span class='ocrx_word' id='word_1_234' title='bbox 1813 2730 1824 2774; x_wconf 83' lang='lat' dir='ltr'>e</span> <span class='ocrx_word' id='word_1_235' title='bbox 1851 2697 1969 2775; x_wconf 81' lang='lat' dir='ltr'>celesti</span> 
     </span>
     <span class='ocr_line' id='line_1_22' title="bbox 304 2795 2031 2907; baseline -0.001 -33"><span class='ocrx_word' id='word_1_236' title='bbox 304 2795 468 2896; x_wconf 87' lang='lat' dir='ltr'>gaudium</span> <span class='ocrx_word' id='word_1_237' title='bbox 482 2798 551 2872; x_wconf 90' lang='lat' dir='ltr'>erit</span> <span class='ocrx_word' id='word_1_238' title='bbox 574 2799 608 2870; x_wconf 94' lang='lat' dir='ltr'>in</span> <span class='ocrx_word' id='word_1_239' title='bbox 622 2797 703 2878; x_wconf 88' lang='lat' dir='ltr'>celo</span> <span class='ocrx_word' id='word_1_240' title='bbox 717 2801 817 2898; x_wconf 89' lang='lat' dir='ltr'>super</span> <span class='ocrx_word' id='word_1_241' title='bbox 834 2824 902 2874; x_wconf 91' lang='lat' dir='ltr'>uno</span> <span class='ocrx_word' id='word_1_242' title='bbox 925 2823 1109 2898; x_wconf 83' lang='lat' dir='ltr'>peccatore</span> <span class='ocrx_word' id='word_1_243' title='bbox 1157 2798 1412 2895; x_wconf 83' lang='lat' dir='ltr'>tranquillitate</span> <span class='ocrx_word' id='word_1_244' title='bbox 1428 2805 1649 2901; x_wconf 81' lang='lat' dir='ltr'>gubernes&amp;</span> <span class='ocrx_word' id='word_1_245' title='bbox 1662 2823 1762 2899; x_wconf 84' lang='lat' dir='ltr'>regas</span> <span class='ocrx_word' id='word_1_246' title='bbox 1777 2803 1829 2873; x_wconf 78' lang='lat' dir='ltr'>e&amp;</span> <span class='ocrx_word' id='word_1_247' title='bbox 1845 2822 1967 2873; x_wconf 83' lang='lat' dir='ltr'>omnes</span> <span class='ocrx_word' id='word_1_248' title='bbox 1995 2825 2031 2907; x_wconf 78' lang='lat'>75</span> 
     </span>
     <span class='ocr_line' id='line_1_23' title="bbox 300 2894 1967 2998; baseline 0.002 -30"><span class='ocrx_word' id='word_1_249' title='bbox 300 2894 531 2993; x_wconf 87' lang='lat' dir='ltr'>penitentiam</span> <span class='ocrx_word' id='word_1_250' title='bbox 555 2917 680 2996; x_wconf 88' lang='lat' dir='ltr'>agente</span> <span class='ocrx_word' id='word_1_251' title='bbox 707 2923 844 2995; x_wconf 82' lang='lat' dir='ltr'>equam</span> <span class='ocrx_word' id='word_1_252' title='bbox 872 2899 969 2995; x_wconf 86' lang='lat' dir='ltr'>supra</span> <span class='ocrx_word' id='word_1_253' title='bbox 997 2925 1108 2976; x_wconf 89' lang='lat' dir='ltr'>nona·</span> <span class='ocrx_word' id='word_1_254' title='bbox 1156 2901 1215 2995; x_wconf 90' lang='lat' dir='ltr'>qui</span> <span class='ocrx_word' id='word_1_255' title='bbox 1228 2901 1262 2973; x_wconf 90' lang='lat' dir='ltr'>in</span> <span class='ocrx_word' id='word_1_256' title='bbox 1276 2897 1542 2975; x_wconf 83' lang='lat' dir='ltr'>sublimitatibus</span> <span class='ocrx_word' id='word_1_257' title='bbox 1558 2919 1666 2998; x_wconf 90' lang='lat' dir='ltr'>agunt</span> <span class='ocrx_word' id='word_1_258' title='bbox 1679 2896 1868 2975; x_wconf 89' lang='lat' dir='ltr'>Catholica</span> <span class='ocrx_word' id='word_1_259' title='bbox 1897 2900 1967 2972; x_wconf 88' lang='lat' dir='ltr'>fide</span> 
     </span>
     <span class='ocr_line' id='line_1_24' title="bbox 302 2994 1971 3095; baseline 0.001 -29"><span class='ocrx_word' id='word_1_260' title='bbox 302 2994 672 3092; x_wconf 83' lang='lat' dir='ltr'>giutanovemiustiae</span> <span class='ocrx_word' id='word_1_261' title='bbox 689 2997 833 3093; x_wconf 90' lang='lat' dir='ltr'>quinon</span> <span class='ocrx_word' id='word_1_262' title='bbox 864 2996 1023 3095; x_wconf 89' lang='lat' dir='ltr'>indigent</span> <span class='ocrx_word' id='word_1_263' title='bbox 1046 3022 1109 3094; x_wconf 90' lang='lat' dir='ltr'>pe·</span> <span class='ocrx_word' id='word_1_264' title='bbox 1158 2999 1321 3073; x_wconf 83' lang='lat' dir='ltr'>fundatos</span> <span class='ocrx_word' id='word_1_265' title='bbox 1338 2999 1583 3075; x_wconf 76' lang='lat' dir='ltr'>nundinatione</span> <span class='ocrx_word' id='word_1_266' title='bbox 1613 2998 1828 3094; x_wconf 78' lang='lat' dir='ltr'>compositos</span> <span class='ocrx_word' id='word_1_267' title='bbox 1854 3021 1864 3067; x_wconf 82' lang='lat' dir='ltr'>e</span> <span class='ocrx_word' id='word_1_268' title='bbox 1895 2997 1971 3093; x_wconf 89' lang='lat' dir='ltr'>pie·</span> 
     </span>
     <span class='ocr_line' id='line_1_25' title="bbox 301 3092 1969 3193; baseline 0.001 -28"><span class='ocrx_word' id='word_1_269' title='bbox 301 3092 474 3168; x_wconf 84' lang='lat' dir='ltr'>nitentia·</span> <span class='ocrx_word' id='word_1_270' title='bbox 504 3098 577 3168; x_wconf 87' lang='lat' dir='ltr'>Aut</span> <span class='ocrx_word' id='word_1_271' title='bbox 590 3119 658 3190; x_wconf 89' lang='lat' dir='ltr'>que</span> <span class='ocrx_word' id='word_1_272' title='bbox 672 3096 796 3172; x_wconf 89' lang='lat' dir='ltr'>mulier</span> <span class='ocrx_word' id='word_1_273' title='bbox 811 3098 941 3171; x_wconf 85' lang='lat' dir='ltr'>habens</span> <span class='ocrx_word' id='word_1_274' title='bbox 956 3099 1107 3171; x_wconf 88' lang='lat' dir='ltr'>dracmas</span> <span class='ocrx_word' id='word_1_275' title='bbox 1158 3114 1234 3170; x_wconf 86' lang='lat' dir='ltr'>tate</span> <span class='ocrx_word' id='word_1_276' title='bbox 1258 3097 1438 3193; x_wconf 89' lang='lat' dir='ltr'>precipuos</span> <span class='ocrx_word' id='word_1_277' title='bbox 1468 3125 1479 3167; x_wconf 82' lang='lat' dir='ltr'>e</span> <span class='ocrx_word' id='word_1_278' title='bbox 1507 3096 1680 3193; x_wconf 89' lang='lat' dir='ltr'>patientia</span> <span class='ocrx_word' id='word_1_279' title='bbox 1708 3096 1812 3169; x_wconf 82' lang='lat' dir='ltr'>mites</span> <span class='ocrx_word' id='word_1_280' title='bbox 1846 3123 1857 3164; x_wconf 82' lang='lat' dir='ltr'>s</span> <span class='ocrx_word' id='word_1_281' title='bbox 1886 3116 1969 3190; x_wconf 89' lang='lat' dir='ltr'>pace</span> 
     </span>
     <span class='ocr_line' id='line_1_26' title="bbox 221 3190 1967 3295; baseline 0.002 -31"><span class='ocrx_word' id='word_1_282' title='bbox 221 3209 273 3295; x_wconf 66' lang='grc' dir='ltr'>ις</span> <span class='ocrx_word' id='word_1_283' title='bbox 301 3190 421 3268; x_wconf 88' lang='lat' dir='ltr'>decem</span> <span class='ocrx_word' id='word_1_284' title='bbox 450 3220 461 3262; x_wconf 79' lang='lat' dir='ltr'>e</span> <span class='ocrx_word' id='word_1_285' title='bbox 491 3191 517 3264; x_wconf 86' lang='lat' dir='ltr'>si</span> <span class='ocrx_word' id='word_1_286' title='bbox 547 3194 738 3289; x_wconf 89' lang='lat' dir='ltr'>perdiderit</span> <span class='ocrx_word' id='word_1_287' title='bbox 767 3197 941 3270; x_wconf 84' lang='lat' dir='ltr'>dracmam</span> <span class='ocrx_word' id='word_1_288' title='bbox 981 3211 1108 3271; x_wconf 76' lang='lat' dir='ltr'>uname</span> <span class='ocrx_word' id='word_1_289' title='bbox 1157 3195 1297 3291; x_wconf 87' lang='lat' dir='ltr'>quietos</span> <span class='ocrx_word' id='word_1_290' title='bbox 1314 3195 1438 3269; x_wconf 87' lang='lat' dir='ltr'>efficias</span> <span class='ocrx_word' id='word_1_291' title='bbox 1470 3225 1479 3263; x_wconf 79' lang='lat' dir='ltr'>e</span> <span class='ocrx_word' id='word_1_292' title='bbox 1509 3194 1772 3287; x_wconf 86' lang='lat' dir='ltr'>universumque</span> <span class='ocrx_word' id='word_1_293' title='bbox 1798 3197 1967 3267; x_wconf 88' lang='lat' dir='ltr'>mundum</span> 
     </span>
     <span class='ocr_line' id='line_1_27' title="bbox 300 3290 2030 3389; baseline 0.004 -27"><span class='ocrx_word' id='word_1_294' title='bbox 300 3311 419 3363; x_wconf 90' lang='lat' dir='ltr'>nonne</span> <span class='ocrx_word' id='word_1_295' title='bbox 435 3291 593 3366; x_wconf 91' lang='lat' dir='ltr'>accendit</span> <span class='ocrx_word' id='word_1_296' title='bbox 622 3290 791 3380; x_wconf 83' lang='lat' dir='ltr'>lucernam</span> <span class='ocrx_word' id='word_1_297' title='bbox 820 3295 856 3366; x_wconf 78' lang='lat' dir='ltr'>dt</span> <span class='ocrx_word' id='word_1_298' title='bbox 882 3291 1016 3367; x_wconf 87' lang='lat' dir='ltr'>everrit</span> <span class='ocrx_word' id='word_1_299' title='bbox 1041 3293 1108 3366; x_wconf 89' lang='lat' dir='ltr'>do·</span> <span class='ocrx_word' id='word_1_300' title='bbox 1157 3290 1312 3389; x_wconf 84' lang='lat' dir='ltr'>propicia</span> <span class='ocrx_word' id='word_1_301' title='bbox 1334 3295 1494 3369; x_wconf 90' lang='lat' dir='ltr'>bonitate</span> <span class='ocrx_word' id='word_1_302' title='bbox 1518 3292 1727 3372; x_wconf 85' lang='lat' dir='ltr'>conserves.</span> <span class='ocrx_word' id='word_1_303' title='bbox 1756 3297 1965 3386; x_wconf 63' lang='lat' dir='ltr'>mamm.</span> <span class='ocrx_word' id='word_1_304' title='bbox 1990 3298 2030 3375; x_wconf 80' lang='lat' dir='ltr'>sa</span> 
     </span>
     <span class='ocr_line' id='line_1_28' title="bbox 298 3387 1770 3490; baseline -0.003 -27"><span class='ocrx_word' id='word_1_305' title='bbox 298 3408 393 3466; x_wconf 85' lang='lat' dir='ltr'>mum</span> <span class='ocrx_word' id='word_1_306' title='bbox 403 3417 412 3455; x_wconf 82' lang='lat' dir='ltr'>e</span> <span class='ocrx_word' id='word_1_307' title='bbox 423 3389 458 3462; x_wconf 78' lang='lat' dir='ltr'>dt</span> <span class='ocrx_word' id='word_1_308' title='bbox 471 3388 587 3486; x_wconf 87' lang='lat' dir='ltr'>querit</span> <span class='ocrx_word' id='word_1_309' title='bbox 600 3387 790 3490; x_wconf 84' lang='lat' dir='ltr'>diligenter</span> <span class='ocrx_word' id='word_1_310' title='bbox 801 3397 914 3465; x_wconf 91' lang='lat' dir='ltr'>donec</span> <span class='ocrx_word' id='word_1_311' title='bbox 926 3390 1105 3466; x_wconf 78' lang='lat' dir='ltr'>inveniat?</span> <span class='ocrx_word' id='word_1_312' title='bbox 1354 3390 1431 3475; x_wconf 77' lang='lat' dir='ltr'>Poll</span> <span class='ocrx_word' id='word_1_313' title='bbox 1451 3395 1584 3466; x_wconf 83' lang='lat' dir='ltr'>nomina</span> <span class='ocrx_word' id='word_1_314' title='bbox 1598 3438 1610 3461; x_wconf 81' lang='lat'><strong>·</strong></span> <span class='ocrx_word' id='word_1_315' title='bbox 1624 3395 1770 3463; x_wconf 75' lang='lat' dir='ltr'>oratio.</span> 
     </span>
     <span class='ocr_line' id='line_1_29' title="bbox 297 3483 1967 3584; baseline -0.003 -21"><span class='ocrx_word' id='word_1_316' title='bbox 297 3487 429 3563; x_wconf 80' lang='lat' dir='ltr'>Etcum</span> <span class='ocrx_word' id='word_1_317' title='bbox 444 3485 647 3562; x_wconf 71' lang='lat' dir='ltr'>inventrice</span> <span class='ocrx_word' id='word_1_318' title='bbox 668 3509 844 3565; x_wconf 88' lang='lat' dir='ltr'>convocat</span> <span class='ocrx_word' id='word_1_319' title='bbox 858 3491 978 3566; x_wconf 87' lang='lat' dir='ltr'>amicas</span> <span class='ocrx_word' id='word_1_320' title='bbox 1004 3491 1039 3563; x_wconf 76' lang='grc' dir='ltr'>δι</span> <span class='ocrx_word' id='word_1_321' title='bbox 1053 3488 1106 3563; x_wconf 89' lang='lat' dir='ltr'>vi·</span> <span class='ocrx_word' id='word_1_322' title='bbox 1269 3492 1308 3566; x_wconf 80' lang='lat' dir='ltr'>Is</span> <span class='ocrx_word' id='word_1_323' title='bbox 1332 3489 1452 3565; x_wconf 85' lang='lat' dir='ltr'>nollris</span> <span class='ocrx_word' id='word_1_324' title='bbox 1467 3491 1644 3583; x_wconf 77' lang='lat' dir='ltr'>quesumus</span> <span class='ocrx_word' id='word_1_325' title='bbox 1671 3487 1809 3584; x_wconf 83' lang='lat' dir='ltr'>placare</span> <span class='ocrx_word' id='word_1_326' title='bbox 1830 3483 1967 3560; x_wconf 85' lang='lat' dir='ltr'>libami-</span> 
     </span>
     <span class='ocr_line' id='line_1_30' title="bbox 298 3583 1965 3688; baseline 0.001 -31"><span class='ocrx_word' id='word_1_327' title='bbox 298 3583 392 3658; x_wconf 85' lang='lat' dir='ltr'>cinas</span> <span class='ocrx_word' id='word_1_328' title='bbox 417 3585 534 3658; x_wconf 84' lang='lat' dir='ltr'>dicens</span> <span class='ocrx_word' id='word_1_329' title='bbox 551 3632 563 3656; x_wconf 84' lang='lat'><strong>.</strong></span> <span class='ocrx_word' id='word_1_330' title='bbox 580 3586 885 3688; x_wconf 86' lang='lat' dir='ltr'>Congratulamini</span> <span class='ocrx_word' id='word_1_331' title='bbox 901 3585 987 3663; x_wconf 90' lang='lat' dir='ltr'>mihi</span> <span class='ocrx_word' id='word_1_332' title='bbox 1000 3614 1011 3654; x_wconf 79' lang='lat' dir='ltr'>a</span> <span class='ocrx_word' id='word_1_333' title='bbox 1026 3584 1104 3681; x_wconf 89' lang='lat' dir='ltr'>quia</span> <span class='ocrx_word' id='word_1_334' title='bbox 1282 3589 1378 3664; x_wconf 88' lang='lat' dir='ltr'>nibus</span> <span class='ocrx_word' id='word_1_335' title='bbox 1403 3587 1657 3664; x_wconf 75' lang='lat' dir='ltr'>clementissime</span> <span class='ocrx_word' id='word_1_336' title='bbox 1672 3586 1771 3658; x_wconf 87' lang='lat' dir='ltr'>Deus</span> <span class='ocrx_word' id='word_1_337' title='bbox 1785 3611 1796 3655; x_wconf 82' lang='lat' dir='ltr'>e</span> <span class='ocrx_word' id='word_1_338' title='bbox 1810 3588 1846 3658; x_wconf 83' lang='lat' dir='ltr'>de</span> <span class='ocrx_word' id='word_1_339' title='bbox 1878 3585 1965 3658; x_wconf 85' lang='lat' dir='ltr'>offe-</span> 
     </span>
     <span class='ocr_line' id='line_1_31' title="bbox 219 3681 1960 3784; baseline 0.003 -31"><span class='ocrx_word' id='word_1_340' title='bbox 219 3696 271 3781; x_wconf 77' lang='lat'>&#39;3⁰</span> <span class='ocrx_word' id='word_1_341' title='bbox 300 3681 420 3757; x_wconf 85' lang='lat' dir='ltr'>inveni</span> <span class='ocrx_word' id='word_1_342' title='bbox 433 3682 603 3758; x_wconf 84' lang='lat' dir='ltr'>dracmam</span> <span class='ocrx_word' id='word_1_343' title='bbox 616 3710 848 3781; x_wconf 75' lang='lat' dir='ltr'>meamequam</span> <span class='ocrx_word' id='word_1_344' title='bbox 867 3686 1105 3784; x_wconf 84' lang='lat' dir='ltr'>perdideram.</span> <span class='ocrx_word' id='word_1_345' title='bbox 1154 3708 1304 3761; x_wconf 85' lang='lat' dir='ltr'>renerum</span> <span class='ocrx_word' id='word_1_346' title='bbox 1320 3692 1411 3761; x_wconf 88' lang='lat' dir='ltr'>votis</span> <span class='ocrx_word' id='word_1_347' title='bbox 1437 3689 1553 3762; x_wconf 87' lang='lat' dir='ltr'>adello</span> <span class='ocrx_word' id='word_1_348' title='bbox 1566 3684 1743 3782; x_wconf 82' lang='lat' dir='ltr'>propicius</span> <span class='ocrx_word' id='word_1_349' title='bbox 1762 3732 1774 3753; x_wconf 86' lang='lat'><strong>.</strong></span> <span class='ocrx_word' id='word_1_350' title='bbox 1803 3685 1882 3755; x_wconf 89' lang='lat' dir='ltr'>Hec</span> <span class='ocrx_word' id='word_1_351' title='bbox 1898 3685 1960 3758; x_wconf 92' lang='lat' dir='ltr'>tibi</span> 
     </span>
     <span class='ocr_line' id='line_1_32' title="bbox 297 3780 2028 3884; baseline 0.002 -32"><span class='ocrx_word' id='word_1_352' title='bbox 297 3780 451 3856; x_wconf 90' lang='lat' dir='ltr'>Itadico</span> <span class='ocrx_word' id='word_1_353' title='bbox 479 3781 603 3856; x_wconf 85' lang='lat' dir='ltr'>vobis.</span> <span class='ocrx_word' id='word_1_354' title='bbox 629 3783 800 3858; x_wconf 87' lang='lat' dir='ltr'>Gaudium</span> <span class='ocrx_word' id='word_1_355' title='bbox 814 3786 882 3859; x_wconf 89' lang='lat' dir='ltr'>erit</span> <span class='ocrx_word' id='word_1_356' title='bbox 900 3785 934 3857; x_wconf 91' lang='lat' dir='ltr'>in</span> <span class='ocrx_word' id='word_1_357' title='bbox 952 3780 1031 3858; x_wconf 91' lang='lat' dir='ltr'>celo</span> <span class='ocrx_word' id='word_1_358' title='bbox 1044 3806 1105 3859; x_wconf 85' lang='lat' dir='ltr'>co·</span> <span class='ocrx_word' id='word_1_359' title='bbox 1154 3780 1231 3858; x_wconf 86' lang='lat' dir='ltr'>litat</span> <span class='ocrx_word' id='word_1_360' title='bbox 1248 3785 1281 3856; x_wconf 89' lang='lat' dir='ltr'>in</span> <span class='ocrx_word' id='word_1_361' title='bbox 1295 3786 1439 3861; x_wconf 83' lang='lat' dir='ltr'>Ecclesia</span> <span class='ocrx_word' id='word_1_362' title='bbox 1456 3806 1514 3860; x_wconf 85' lang='lat' dir='ltr'>tua</span> <span class='ocrx_word' id='word_1_363' title='bbox 1530 3783 1715 3858; x_wconf 89' lang='lat' dir='ltr'>Catholica</span> <span class='ocrx_word' id='word_1_364' title='bbox 1740 3800 1880 3856; x_wconf 89' lang='lat' dir='ltr'>tuorum</span> <span class='ocrx_word' id='word_1_365' title='bbox 1906 3781 1962 3857; x_wconf 86' lang='lat' dir='ltr'>os·</span> <span class='ocrx_word' id='word_1_366' title='bbox 1986 3790 2028 3884; x_wconf 71' lang='grc' dir='ltr'>ες</span> 
     </span>
     <span class='ocr_line' id='line_1_33' title="bbox 293 3876 2028 3982; baseline -0.001 -27"><span class='ocrx_word' id='word_1_367' title='bbox 293 3902 370 3956; x_wconf 82' lang='lat' dir='ltr'>ram</span> <span class='ocrx_word' id='word_1_368' title='bbox 384 3876 531 3977; x_wconf 84' lang='lat' dir='ltr'>Angelis</span> <span class='ocrx_word' id='word_1_369' title='bbox 544 3881 611 3954; x_wconf 86' lang='lat' dir='ltr'>Dei</span> <span class='ocrx_word' id='word_1_370' title='bbox 627 3881 729 3979; x_wconf 88' lang='lat' dir='ltr'>super</span> <span class='ocrx_word' id='word_1_371' title='bbox 741 3908 813 3959; x_wconf 91' lang='lat' dir='ltr'>uno</span> <span class='ocrx_word' id='word_1_372' title='bbox 842 3900 1025 3982; x_wconf 87' lang='lat' dir='ltr'>peccatore</span> <span class='ocrx_word' id='word_1_373' title='bbox 1042 3906 1105 3978; x_wconf 90' lang='lat' dir='ltr'>pe-</span> <span class='ocrx_word' id='word_1_374' title='bbox 1154 3882 1844 3961; x_wconf 80' lang='lat' dir='ltr'>ficiofirasSacerdornm=inhonore&amp;</span> <span class='ocrx_word' id='word_1_375' title='bbox 1861 3902 1960 3954; x_wconf 89' lang='lat' dir='ltr'>com·</span> <span class='ocrx_word' id='word_1_376' title='bbox 2025 3880 2028 3886; x_wconf 80' lang='grc'>’</span> 
     </span>
     <span class='ocr_line' id='line_1_34' title="bbox 294 3976 1962 4076; baseline 0.002 -27"><span class='ocrx_word' id='word_1_377' title='bbox 294 3976 477 4053; x_wconf 84' lang='lat' dir='ltr'>nitentium</span> <span class='ocrx_word' id='word_1_378' title='bbox 492 3998 642 4076; x_wconf 86' lang='lat' dir='ltr'>agente.</span> <span class='ocrx_word' id='word_1_379' title='bbox 661 3996 712 4072; x_wconf 73' lang='lat'>132.</span> <span class='ocrx_word' id='word_1_380' title='bbox 724 3983 863 4056; x_wconf 85' lang='lat' dir='ltr'>Amen.</span> <span class='ocrx_word' id='word_1_381' title='bbox 1153 3984 1404 4057; x_wconf 87' lang='lat' dir='ltr'>memoratione</span> <span class='ocrx_word' id='word_1_382' title='bbox 1429 3985 1631 4057; x_wconf 76' lang='lat' dir='ltr'>Sandtorum</span> <span class='ocrx_word' id='word_1_383' title='bbox 1648 4001 1785 4053; x_wconf 87' lang='lat' dir='ltr'>tuorum</span> <span class='ocrx_word' id='word_1_384' title='bbox 1809 4001 1879 4071; x_wconf 91' lang='lat' dir='ltr'>pro</span> <span class='ocrx_word' id='word_1_385' title='bbox 1905 4004 1962 4052; x_wconf 84' lang='lat' dir='ltr'>re·</span> 
     </span>
     <span class='ocr_line' id='line_1_35' title="bbox 345 4075 1961 4178; baseline 0.001 -30"><span class='ocrx_word' id='word_1_386' title='bbox 345 4075 585 4150; x_wconf 70' lang='lat' dir='ltr'>Dicatvresb.</span> <span class='ocrx_word' id='word_1_387' title='bbox 611 4079 780 4156; x_wconf 80' lang='lat' dir='ltr'>Dominus</span> <span class='ocrx_word' id='word_1_388' title='bbox 806 4079 848 4153; x_wconf 85' lang='lat' dir='ltr'>sit</span> <span class='ocrx_word' id='word_1_389' title='bbox 872 4078 1009 4178; x_wconf 82' lang='lat' dir='ltr'>semper</span> <span class='ocrx_word' id='word_1_390' title='bbox 1037 4106 1105 4157; x_wconf 85' lang='lat' dir='ltr'>vo·</span> <span class='ocrx_word' id='word_1_391' title='bbox 1153 4083 1330 4153; x_wconf 85' lang='lat' dir='ltr'>movendo</span> <span class='ocrx_word' id='word_1_392' title='bbox 1347 4080 1507 4157; x_wconf 86' lang='lat' dir='ltr'>universe</span> <span class='ocrx_word' id='word_1_393' title='bbox 1522 4078 1626 4152; x_wconf 83' lang='lat' dir='ltr'>cladis</span> <span class='ocrx_word' id='word_1_394' title='bbox 1651 4075 1822 4150; x_wconf 76' lang='lat' dir='ltr'>interitus</span> <span class='ocrx_word' id='word_1_395' title='bbox 1838 4100 1879 4149; x_wconf 86' lang='lat' dir='ltr'>ac</span> <span class='ocrx_word' id='word_1_396' title='bbox 1896 4078 1961 4151; x_wconf 87' lang='lat' dir='ltr'>tri·</span> 
     </span>
     <span class='ocr_line' id='line_1_36' title="bbox 215 4170 1961 4274; baseline 0.001 -28"><span class='ocrx_word' id='word_1_397' title='bbox 215 4188 265 4272; x_wconf 54' lang='grc' dir='ltr'>ἃς</span> <span class='ocrx_word' id='word_1_398' title='bbox 295 4170 689 4267; x_wconf 77' lang='lat' dir='ltr'>biscum·13uEtcum.</span> <span class='ocrx_word' id='word_1_399' title='bbox 1151 4177 1286 4252; x_wconf 90' lang='lat' dir='ltr'>buenda</span> <span class='ocrx_word' id='word_1_400' title='bbox 1322 4179 1431 4254; x_wconf 87' lang='lat' dir='ltr'>salute</span> <span class='ocrx_word' id='word_1_401' title='bbox 1467 4175 1710 4274; x_wconf 86' lang='lat' dir='ltr'>populorum.</span> <span class='ocrx_word' id='word_1_402' title='bbox 1752 4176 1823 4248; x_wconf 89' lang='lat' dir='ltr'>Pru</span> <span class='ocrx_word' id='word_1_403' title='bbox 1851 4174 1961 4249; x_wconf 80' lang='lat' dir='ltr'>totius</span> 
     </span>
     <span class='ocr_line' id='line_1_37' title="bbox 345 4268 2026 4373; baseline 0.003 -31"><span class='ocrx_word' id='word_1_404' title='bbox 345 4268 673 4357; x_wconf 57' lang='lat' dir='ltr'>taunamlleluja.</span> <span class='ocrx_word' id='word_1_405' title='bbox 700 4275 748 4364; x_wconf 58' lang='lat' dir='ltr'>ql.</span> <span class='ocrx_word' id='word_1_406' title='bbox 760 4276 871 4349; x_wconf 83' lang='lat' dir='ltr'>Lauda</span> <span class='ocrx_word' id='word_1_407' title='bbox 885 4271 1101 4349; x_wconf 88' lang='lat' dir='ltr'>Hierusalem</span> <span class='ocrx_word' id='word_1_408' title='bbox 1150 4299 1288 4369; x_wconf 91' lang='lat' dir='ltr'>quoque</span> <span class='ocrx_word' id='word_1_409' title='bbox 1313 4280 1435 4352; x_wconf 89' lang='lat' dir='ltr'>mortis</span> <span class='ocrx_word' id='word_1_410' title='bbox 1462 4270 1683 4350; x_wconf 75' lang='lat' dir='ltr'>occasuzvel</span> <span class='ocrx_word' id='word_1_411' title='bbox 1698 4271 1820 4363; x_wconf 88' lang='lat' dir='ltr'>requie</span> <span class='ocrx_word' id='word_1_412' title='bbox 1855 4277 1958 4346; x_wconf 86' lang='lat' dir='ltr'>&amp;in-</span> <span class='ocrx_word' id='word_1_413' title='bbox 1982 4300 2026 4373; x_wconf 77' lang='lat' dir='ltr'>po·</span> 
     </span>
     <span class='ocr_line' id='line_1_38' title="bbox 162 4365 1959 4467; baseline 0.001 -25"><span class='ocrx_word' id='word_1_414' title='bbox 162 4392 167 4402; x_wconf 89' lang='lat'>·</span> <span class='ocrx_word' id='word_1_415' title='bbox 291 4365 484 4444; x_wconf 89' lang='lat' dir='ltr'>Dominum</span> <span class='ocrx_word' id='word_1_416' title='bbox 506 4397 517 4439; x_wconf 85' lang='lat' dir='ltr'>e</span> <span class='ocrx_word' id='word_1_417' title='bbox 542 4365 709 4446; x_wconf 86' lang='lat' dir='ltr'>conlauda</span> <span class='ocrx_word' id='word_1_418' title='bbox 722 4375 836 4445; x_wconf 90' lang='lat' dir='ltr'>Deum</span> <span class='ocrx_word' id='word_1_419' title='bbox 867 4391 964 4449; x_wconf 87' lang='lat' dir='ltr'>tuum</span> <span class='ocrx_word' id='word_1_420' title='bbox 975 4376 1074 4463; x_wconf 88' lang='lat' dir='ltr'>Syon</span> <span class='ocrx_word' id='word_1_421' title='bbox 1092 4419 1103 4440; x_wconf 75' lang='grc'><strong>.</strong></span> <span class='ocrx_word' id='word_1_422' title='bbox 1150 4369 1330 4467; x_wconf 84' lang='lat' dir='ltr'>dulgentia</span> <span class='ocrx_word' id='word_1_423' title='bbox 1344 4392 1591 4466; x_wconf 87' lang='lat' dir='ltr'>peccatorum.</span> <span class='ocrx_word' id='word_1_424' title='bbox 1619 4372 1711 4444; x_wconf 84' lang='lat' dir='ltr'>Ut&amp;</span> <span class='ocrx_word' id='word_1_425' title='bbox 1725 4366 1805 4442; x_wconf 81' lang='lat' dir='ltr'>illoc</span> <span class='ocrx_word' id='word_1_426' title='bbox 1825 4371 1862 4441; x_wconf 87' lang='lat' dir='ltr'>in</span> <span class='ocrx_word' id='word_1_427' title='bbox 1877 4394 1959 4465; x_wconf 84' lang='lat' dir='ltr'>pace</span> 
     </span>
     <span class='ocr_line' id='line_1_39' title="bbox 290 4460 1959 4565; baseline 0.004 -30"><span class='ocrx_word' id='word_1_428' title='bbox 290 4470 340 4536; x_wconf 78' lang='lat' dir='ltr'>P.</span> <span class='ocrx_word' id='word_1_429' title='bbox 353 4460 528 4554; x_wconf 78' lang='lat' dir='ltr'>Alleluia.</span> <span class='ocrx_word' id='word_1_430' title='bbox 1149 4465 1336 4565; x_wconf 84' lang='lat' dir='ltr'>refrigeres</span> <span class='ocrx_word' id='word_1_431' title='bbox 1354 4499 1363 4540; x_wconf 76' lang='lat' dir='ltr'>a</span> <span class='ocrx_word' id='word_1_432' title='bbox 1379 4472 1415 4542; x_wconf 78' lang='grc' dir='ltr'>δι</span> <span class='ocrx_word' id='word_1_433' title='bbox 1431 4467 1531 4544; x_wconf 85' lang='lat' dir='ltr'>nobis</span> <span class='ocrx_word' id='word_1_434' title='bbox 1557 4469 1713 4546; x_wconf 85' lang='lat' dir='ltr'>omnibus</span> <span class='ocrx_word' id='word_1_435' title='bbox 1739 4467 1959 4542; x_wconf 84' lang='lat' dir='ltr'>immaculate</span> 
     </span>
     <span class='ocr_line' id='line_1_40' title="bbox 589 4563 1960 4664; baseline 0.002 -26"><span class='ocrx_word' id='word_1_436' title='bbox 589 4565 822 4654; x_wconf 78' lang='lat' dir='ltr'>Sacrificium.</span> <span class='ocrx_word' id='word_1_437' title='bbox 1151 4563 1226 4637; x_wconf 81' lang='lat' dir='ltr'>vite</span> <span class='ocrx_word' id='word_1_438' title='bbox 1248 4567 1428 4641; x_wconf 83' lang='lat' dir='ltr'>subsidium</span> <span class='ocrx_word' id='word_1_439' title='bbox 1457 4568 1609 4664; x_wconf 81' lang='lat' dir='ltr'>prestes.</span> <span class='ocrx_word' id='word_1_440' title='bbox 1641 4569 1841 4658; x_wconf 64' lang='lat' dir='ltr'>manen.</span> <span class='ocrx_word' id='word_1_441' title='bbox 1867 4565 1960 4655; x_wconf 73' lang='lat' dir='ltr'>Quia</span> 
     </span>
     <span class='ocr_line' id='line_1_41' title="bbox 212 4661 1418 4770; baseline 0.003 -36"><span class='ocrx_word' id='word_1_442' title='bbox 212 4688 264 4770; x_wconf 65' lang='lat'>40</span> <span class='ocrx_word' id='word_1_443' title='bbox 410 4662 428 4735; x_wconf 88' lang='lat'>1</span> <span class='ocrx_word' id='word_1_444' title='bbox 453 4661 528 4738; x_wconf 70' lang='lat' dir='ltr'>dies</span> <span class='ocrx_word' id='word_1_445' title='bbox 541 4664 757 4740; x_wconf 84' lang='lat' dir='ltr'>exorationis</span> <span class='ocrx_word' id='word_1_446' title='bbox 782 4663 885 4740; x_wconf 69' lang='lat' dir='ltr'>sandi</span> <span class='ocrx_word' id='word_1_447' title='bbox 902 4682 1005 4741; x_wconf 86' lang='lat' dir='ltr'>erunt</span> <span class='ocrx_word' id='word_1_448' title='bbox 1033 4686 1100 4740; x_wconf 87' lang='lat' dir='ltr'>vo·</span> <span class='ocrx_word' id='word_1_449' title='bbox 1153 4677 1192 4736; x_wconf 87' lang='lat' dir='ltr'>tu</span> <span class='ocrx_word' id='word_1_450' title='bbox 1207 4687 1244 4738; x_wconf 85' lang='lat' dir='ltr'>cs</span> <span class='ocrx_word' id='word_1_451' title='bbox 1261 4666 1336 4740; x_wconf 89' lang='lat' dir='ltr'>vita</span> <span class='ocrx_word' id='word_1_452' title='bbox 1350 4668 1418 4741; x_wconf 73' lang='lat' dir='ltr'>dec.</span> 
     </span>
     <span class='ocr_line' id='line_1_42' title="bbox 421 4759 2025 4863; baseline -0.001 -29"><span class='ocrx_word' id='word_1_453' title='bbox 421 4759 919 4838; x_wconf 81' lang='lat' dir='ltr'>bis=&amp;humiliabitisanimas</span> <span class='ocrx_word' id='word_1_454' title='bbox 946 4762 1097 4838; x_wconf 77' lang='lat' dir='ltr'>vestrane</span> <span class='ocrx_word' id='word_1_455' title='bbox 1377 4766 1440 4838; x_wconf 74' lang='lat' dir='ltr'>Ad</span> <span class='ocrx_word' id='word_1_456' title='bbox 1455 4766 1721 4862; x_wconf 70' lang='lat' dir='ltr'>pacemoratiu.</span> <span class='ocrx_word' id='word_1_457' title='bbox 1981 4782 2025 4863; x_wconf 77' lang='lat'>95</span> 
     </span>
     <span class='ocr_line' id='line_1_43' title="bbox 291 4857 1958 4959; baseline 0.002 -27"><span class='ocrx_word' id='word_1_458' title='bbox 291 4884 313 4932; x_wconf 84' lang='lat' dir='ltr'>a</span> <span class='ocrx_word' id='word_1_459' title='bbox 339 4858 504 4954; x_wconf 80' lang='lat' dir='ltr'>plicantes</span> <span class='ocrx_word' id='word_1_460' title='bbox 520 4859 715 4937; x_wconf 89' lang='lat' dir='ltr'>holocausta</span> <span class='ocrx_word' id='word_1_461' title='bbox 739 4863 897 4938; x_wconf 89' lang='lat' dir='ltr'>Domino</span> <span class='ocrx_word' id='word_1_462' title='bbox 913 4888 923 4931; x_wconf 79' lang='lat' dir='ltr'>e</span> <span class='ocrx_word' id='word_1_463' title='bbox 937 4857 1098 4945; x_wconf 81' lang='lat' dir='ltr'>alleluia.</span> <span class='ocrx_word' id='word_1_464' title='bbox 1238 4859 1401 4936; x_wconf 81' lang='lat' dir='ltr'>Lucabilis</span> <span class='ocrx_word' id='word_1_465' title='bbox 1422 4887 1458 4934; x_wconf 86' lang='lat' dir='ltr'>cs</span> <span class='ocrx_word' id='word_1_466' title='bbox 1471 4864 1621 4940; x_wconf 89' lang='lat' dir='ltr'>Domine</span> <span class='ocrx_word' id='word_1_467' title='bbox 1637 4864 1697 4958; x_wconf 88' lang='lat' dir='ltr'>qui</span> <span class='ocrx_word' id='word_1_468' title='bbox 1721 4886 1761 4936; x_wconf 82' lang='lat' dir='ltr'>es</span> <span class='ocrx_word' id='word_1_469' title='bbox 1777 4886 1850 4959; x_wconf 79' lang='lat' dir='ltr'>pax</span> <span class='ocrx_word' id='word_1_470' title='bbox 1879 4884 1958 4937; x_wconf 85' lang='lat' dir='ltr'>cer·</span> 
     </span>
     <span class='ocr_line' id='line_1_44' title="bbox 332 4957 1959 5058; baseline 0.006 -30"><span class='ocrx_word' id='word_1_471' title='bbox 332 4961 479 5033; x_wconf 69' lang='lat' dir='ltr'>00mnis</span> <span class='ocrx_word' id='word_1_472' title='bbox 494 4959 603 5032; x_wconf 90' lang='lat' dir='ltr'>anima</span> <span class='ocrx_word' id='word_1_473' title='bbox 618 4983 817 5054; x_wconf 90' lang='lat' dir='ltr'>quecunque</span> <span class='ocrx_word' id='word_1_474' title='bbox 842 4959 877 5031; x_wconf 91' lang='lat' dir='ltr'>se</span> <span class='ocrx_word' id='word_1_475' title='bbox 891 4984 959 5032; x_wconf 89' lang='lat' dir='ltr'>non</span> <span class='ocrx_word' id='word_1_476' title='bbox 981 4957 1101 5032; x_wconf 86' lang='lat' dir='ltr'>obser·</span> <span class='ocrx_word' id='word_1_477' title='bbox 1248 4981 1283 5034; x_wconf 90' lang='lat' dir='ltr'>ta</span> <span class='ocrx_word' id='word_1_478' title='bbox 1296 4963 1331 5031; x_wconf 90' lang='lat'>&amp;</span> <span class='ocrx_word' id='word_1_479' title='bbox 1344 4961 1491 5037; x_wconf 84' lang='lat' dir='ltr'>charitas</span> <span class='ocrx_word' id='word_1_480' title='bbox 1518 4962 1709 5056; x_wconf 87' lang='lat' dir='ltr'>indisrupta</span> <span class='ocrx_word' id='word_1_481' title='bbox 1726 4990 1736 5031; x_wconf 72' lang='grc' dir='ltr'><strong>ε</strong></span> <span class='ocrx_word' id='word_1_482' title='bbox 1752 4985 1879 5058; x_wconf 86' lang='lat' dir='ltr'>pacem</span> <span class='ocrx_word' id='word_1_483' title='bbox 1895 4986 1959 5038; x_wconf 88' lang='lat' dir='ltr'>no·</span> 
     </span>
     <span class='ocr_line' id='line_1_45' title="bbox 289 5055 1957 5158; baseline 0.004 -30"><span class='ocrx_word' id='word_1_484' title='bbox 289 5056 458 5131; x_wconf 79' lang='lat' dir='ltr'>vaserit:</span> <span class='ocrx_word' id='word_1_485' title='bbox 476 5059 764 5132; x_wconf 84' lang='lat' dir='ltr'>exterminabitur</span> <span class='ocrx_word' id='word_1_486' title='bbox 787 5060 830 5130; x_wconf 92' lang='lat' dir='ltr'>de</span> <span class='ocrx_word' id='word_1_487' title='bbox 848 5055 981 5153; x_wconf 90' lang='lat' dir='ltr'>populo</span> <span class='ocrx_word' id='word_1_488' title='bbox 1005 5055 1094 5130; x_wconf 82' lang='lat' dir='ltr'>suoe</span> <span class='ocrx_word' id='word_1_489' title='bbox 1148 5059 1199 5128; x_wconf 88' lang='lat' dir='ltr'>bis</span> <span class='ocrx_word' id='word_1_490' title='bbox 1226 5060 1384 5133; x_wconf 85' lang='lat' dir='ltr'>omnibus</span> <span class='ocrx_word' id='word_1_491' title='bbox 1405 5056 1533 5158; x_wconf 85' lang='lat' dir='ltr'>largire</span> <span class='ocrx_word' id='word_1_492' title='bbox 1562 5060 1814 5157; x_wconf 79' lang='lat' dir='ltr'>plenissimam.</span> <span class='ocrx_word' id='word_1_493' title='bbox 1846 5064 1894 5136; x_wconf 81' lang='lat' dir='ltr'>Ut</span> <span class='ocrx_word' id='word_1_494' title='bbox 1920 5064 1957 5134; x_wconf 76' lang='lat' dir='ltr'>dc</span> 
     </span>
     <span class='ocr_line' id='line_1_46' title="bbox 210 5150 2022 5256; baseline 0.004 -28"><span class='ocrx_word' id='word_1_495' title='bbox 210 5178 261 5253; x_wconf 71' lang='lat'>43</span> <span class='ocrx_word' id='word_1_496' title='bbox 292 5150 344 5228; x_wconf 86' lang='lat' dir='ltr'>iili</span> <span class='ocrx_word' id='word_1_497' title='bbox 359 5154 454 5231; x_wconf 89' lang='lat' dir='ltr'>enim</span> <span class='ocrx_word' id='word_1_498' title='bbox 468 5156 568 5229; x_wconf 85' lang='lat' dir='ltr'>vobis</span> <span class='ocrx_word' id='word_1_499' title='bbox 583 5155 660 5229; x_wconf 93' lang='lat' dir='ltr'>sunt</span> <span class='ocrx_word' id='word_1_500' title='bbox 674 5157 748 5230; x_wconf 86' lang='lat' dir='ltr'>dies</span> <span class='ocrx_word' id='word_1_501' title='bbox 763 5203 774 5225; x_wconf 84' lang='lat'><strong>.</strong></span> <span class='ocrx_word' id='word_1_502' title='bbox 791 5167 836 5228; x_wconf 82' lang='grc' dir='ltr'>Ῥ.</span> <span class='ocrx_word' id='word_1_503' title='bbox 849 5155 1098 5234; x_wconf 79' lang='lat' dir='ltr'>Exorationis.</span> <span class='ocrx_word' id='word_1_504' title='bbox 1146 5153 1280 5250; x_wconf 89' lang='lat' dir='ltr'>pacifici</span> <span class='ocrx_word' id='word_1_505' title='bbox 1294 5176 1353 5231; x_wconf 90' lang='lat' dir='ltr'>tua</span> <span class='ocrx_word' id='word_1_506' title='bbox 1379 5156 1555 5234; x_wconf 84' lang='lat' dir='ltr'>servantes</span> <span class='ocrx_word' id='word_1_507' title='bbox 1568 5180 1733 5256; x_wconf 86' lang='lat' dir='ltr'>precepta</span> <span class='ocrx_word' id='word_1_508' title='bbox 1747 5187 1757 5229; x_wconf 73' lang='grc' dir='ltr'><strong><em>ε</em></strong></span> <span class='ocrx_word' id='word_1_509' title='bbox 1774 5161 1819 5236; x_wconf 89' lang='lat' dir='ltr'>ad</span> <span class='ocrx_word' id='word_1_510' title='bbox 1848 5158 1957 5237; x_wconf 84' lang='lat' dir='ltr'>vitam</span> <span class='ocrx_word' id='word_1_511' title='bbox 2015 5218 2022 5239; x_wconf 47' lang='lat' dir='ltr'>e</span> 
     </span>
     <span class='ocr_line' id='line_1_47' title="bbox 622 5251 2031 5354; baseline 0.004 -27"><span class='ocrx_word' id='word_1_512' title='bbox 622 5251 775 5347; x_wconf 66' lang='lat' dir='ltr'>sufferte.</span> <span class='ocrx_word' id='word_1_513' title='bbox 1147 5277 1337 5328; x_wconf 88' lang='lat' dir='ltr'>mereamur</span> <span class='ocrx_word' id='word_1_514' title='bbox 1362 5259 1546 5350; x_wconf 85' lang='lat' dir='ltr'>pervenire</span> <span class='ocrx_word' id='word_1_515' title='bbox 1572 5276 1803 5354; x_wconf 87' lang='lat' dir='ltr'>perpetuam.</span> <span class='ocrx_word' id='word_1_516' title='bbox 1983 5262 2031 5337; x_wconf 81' lang='lat' dir='ltr'>a&#39;n</span> 
     </span>
     <span class='ocr_line' id='line_1_48' title="bbox 353 5350 1832 5452; baseline 0.001 -24"><span class='ocrx_word' id='word_1_517' title='bbox 353 5354 446 5429; x_wconf 86' lang='lat' dir='ltr'>Nter</span> <span class='ocrx_word' id='word_1_518' title='bbox 459 5353 553 5428; x_wconf 85' lang='lat' dir='ltr'>sacra</span> <span class='ocrx_word' id='word_1_519' title='bbox 577 5352 736 5448; x_wconf 83' lang='lat' dir='ltr'>mysteria</span> <span class='ocrx_word' id='word_1_520' title='bbox 749 5353 924 5428; x_wconf 80' lang='lat' dir='ltr'>constituti</span> <span class='ocrx_word' id='word_1_521' title='bbox 954 5382 963 5423; x_wconf 73' lang='grc' dir='ltr'><strong>ι</strong></span> <span class='ocrx_word' id='word_1_522' title='bbox 988 5350 1098 5428; x_wconf 59' lang='lat'>&amp;124</span> <span class='ocrx_word' id='word_1_523' title='bbox 1149 5365 1199 5445; x_wconf 65' lang='lat' dir='ltr'>Bt.</span> <span class='ocrx_word' id='word_1_524' title='bbox 1214 5357 1326 5429; x_wconf 88' lang='lat' dir='ltr'>Amen</span> <span class='ocrx_word' id='word_1_525' title='bbox 1341 5400 1352 5424; x_wconf 87' lang='lat'><strong>.</strong></span> <span class='ocrx_word' id='word_1_526' title='bbox 1366 5355 1457 5445; x_wconf 81' lang='lat' dir='ltr'>Qia</span> <span class='ocrx_word' id='word_1_527' title='bbox 1472 5376 1510 5431; x_wconf 92' lang='lat' dir='ltr'>tu</span> <span class='ocrx_word' id='word_1_528' title='bbox 1531 5381 1568 5430; x_wconf 88' lang='lat' dir='ltr'>es</span> <span class='ocrx_word' id='word_1_529' title='bbox 1581 5381 1664 5432; x_wconf 85' lang='lat' dir='ltr'>vera</span> <span class='ocrx_word' id='word_1_530' title='bbox 1676 5380 1747 5452; x_wconf 84' lang='lat' dir='ltr'>pax</span> <span class='ocrx_word' id='word_1_531' title='bbox 1758 5358 1832 5431; x_wconf 80' lang='lat' dir='ltr'>dte.</span> 
     </span>
     <span class='ocr_line' id='line_1_49' title="bbox 365 5449 1625 5528; baseline -0.001 -1"><span class='ocrx_word' id='word_1_532' title='bbox 365 5449 1098 5528; x_wconf 83' lang='lat' dir='ltr'>tentiffimonostreconscientietestimoniu</span> <span class='ocrx_word' id='word_1_533' title='bbox 1476 5455 1625 5528; x_wconf 76' lang='lat' dir='ltr'>inlatio.</span> 
     </span>
     <span class='ocr_line' id='line_1_50' title="bbox 286 5546 1951 5659; baseline 0.004 -35"><span class='ocrx_word' id='word_1_534' title='bbox 286 5546 482 5626; x_wconf 76' lang='lat' dir='ltr'>vulneratis</span> <span class='ocrx_word' id='word_1_535' title='bbox 495 5552 540 5622; x_wconf 88' lang='lat' dir='ltr'>sic</span> <span class='ocrx_word' id='word_1_536' title='bbox 554 5570 695 5646; x_wconf 85' lang='lat' dir='ltr'>peccata</span> <span class='ocrx_word' id='word_1_537' title='bbox 707 5551 891 5628; x_wconf 85' lang='lat' dir='ltr'>defleamus</span> <span class='ocrx_word' id='word_1_538' title='bbox 904 5551 1091 5649; x_wconf 79' lang='lat' dir='ltr'>preterita:</span> <span class='ocrx_word' id='word_1_539' title='bbox 1254 5550 1375 5648; x_wconf 86' lang='lat' dir='ltr'>ignum</span> <span class='ocrx_word' id='word_1_540' title='bbox 1390 5554 1424 5625; x_wconf 76' lang='grc' dir='ltr'>δι</span> <span class='ocrx_word' id='word_1_541' title='bbox 1438 5554 1558 5636; x_wconf 84' lang='lat' dir='ltr'>jullum</span> <span class='ocrx_word' id='word_1_542' title='bbox 1576 5556 1623 5627; x_wconf 83' lang='lat' dir='ltr'>etl</span> <span class='ocrx_word' id='word_1_543' title='bbox 1636 5579 1646 5621; x_wconf 81' lang='lat' dir='ltr'>e</span> <span class='ocrx_word' id='word_1_544' title='bbox 1661 5577 1723 5628; x_wconf 87' lang='lat' dir='ltr'>nos</span> <span class='ocrx_word' id='word_1_545' title='bbox 1737 5556 1802 5631; x_wconf 90' lang='lat' dir='ltr'>tibi</span> <span class='ocrx_word' id='word_1_546' title='bbox 1820 5555 1951 5659; x_wconf 82' lang='lat' dir='ltr'>gratias</span> 
     </span>
     <span class='ocr_line' id='line_1_51' title="bbox 206 5645 1954 5751; baseline 0.003 -26"><span class='ocrx_word' id='word_1_547' title='bbox 206 5668 260 5751; x_wconf 77' lang='lat'>&#39;50</span> <span class='ocrx_word' id='word_1_548' title='bbox 289 5667 330 5727; x_wconf 87' lang='lat' dir='ltr'>nt</span> <span class='ocrx_word' id='word_1_549' title='bbox 346 5649 516 5747; x_wconf 90' lang='lat' dir='ltr'>presentia</span> <span class='ocrx_word' id='word_1_550' title='bbox 528 5673 599 5723; x_wconf 90' lang='lat' dir='ltr'>uon</span> <span class='ocrx_word' id='word_1_551' title='bbox 612 5672 748 5749; x_wconf 88' lang='lat' dir='ltr'>agamus</span> <span class='ocrx_word' id='word_1_552' title='bbox 764 5678 773 5719; x_wconf 78' lang='lat' dir='ltr'>e</span> <span class='ocrx_word' id='word_1_553' title='bbox 789 5655 823 5724; x_wconf 92' lang='lat'>&amp;</span> <span class='ocrx_word' id='word_1_554' title='bbox 839 5653 952 5724; x_wconf 83' lang='lat' dir='ltr'>futura</span> <span class='ocrx_word' id='word_1_555' title='bbox 963 5645 1091 5722; x_wconf 88' lang='lat' dir='ltr'>sollici·</span> <span class='ocrx_word' id='word_1_556' title='bbox 1264 5674 1368 5747; x_wconf 86' lang='lat' dir='ltr'>agere</span> <span class='ocrx_word' id='word_1_557' title='bbox 1380 5677 1391 5720; x_wconf 84' lang='lat' dir='ltr'>e</span> <span class='ocrx_word' id='word_1_558' title='bbox 1404 5652 1558 5727; x_wconf 88' lang='lat' dir='ltr'>Domine</span> <span class='ocrx_word' id='word_1_559' title='bbox 1574 5650 1687 5726; x_wconf 60' lang='lat' dir='ltr'>sande</span> <span class='ocrx_word' id='word_1_560' title='bbox 1711 5656 1821 5732; x_wconf 85' lang='lat' dir='ltr'>Pater</span> <span class='ocrx_word' id='word_1_561' title='bbox 1835 5677 1954 5731; x_wconf 83' lang='lat' dir='ltr'>eterne</span> 
     </span>
     <span class='ocr_line' id='line_1_52' title="bbox 290 5745 2029 5848; baseline -0.002 -25"><span class='ocrx_word' id='word_1_562' title='bbox 290 5765 329 5823; x_wconf 94' lang='lat' dir='ltr'>te</span> <span class='ocrx_word' id='word_1_563' title='bbox 346 5771 556 5822; x_wconf 86' lang='lat' dir='ltr'>caveamus.</span> <span class='ocrx_word' id='word_1_564' title='bbox 578 5748 703 5822; x_wconf 85' lang='lat' dir='ltr'>Gravis</span> <span class='ocrx_word' id='word_1_565' title='bbox 730 5751 857 5846; x_wconf 89' lang='lat' dir='ltr'>quippe</span> <span class='ocrx_word' id='word_1_566' title='bbox 872 5773 958 5843; x_wconf 89' lang='lat' dir='ltr'>pena</span> <span class='ocrx_word' id='word_1_567' title='bbox 980 5745 1092 5819; x_wconf 90' lang='lat' dir='ltr'>subse·</span> <span class='ocrx_word' id='word_1_568' title='bbox 1142 5747 1368 5845; x_wconf 91' lang='lat' dir='ltr'>omnipotens</span> <span class='ocrx_word' id='word_1_569' title='bbox 1383 5751 1477 5823; x_wconf 86' lang='lat' dir='ltr'>Deus</span> <span class='ocrx_word' id='word_1_570' title='bbox 1508 5782 1517 5821; x_wconf 81' lang='lat' dir='ltr'>e</span> <span class='ocrx_word' id='word_1_571' title='bbox 1549 5777 1613 5848; x_wconf 88' lang='lat' dir='ltr'>per</span> <span class='ocrx_word' id='word_1_572' title='bbox 1634 5751 1748 5832; x_wconf 84' lang='lat' dir='ltr'>lesum</span> <span class='ocrx_word' id='word_1_573' title='bbox 1774 5757 1952 5830; x_wconf 74' lang='lat' dir='ltr'>Christum</span> <span class='ocrx_word' id='word_1_574' title='bbox 1975 5754 2029 5843; x_wconf 75' lang='lat'>105</span> 
     </span>
     <span class='ocr_line' id='line_1_53' title="bbox 286 5844 1949 5942; baseline 0.004 -23"><span class='ocrx_word' id='word_1_575' title='bbox 286 5845 581 5941; x_wconf 84' lang='lat' dir='ltr'>quirurequando</span> <span class='ocrx_word' id='word_1_576' title='bbox 606 5847 652 5919; x_wconf 91' lang='lat' dir='ltr'>ibi</span> <span class='ocrx_word' id='word_1_577' title='bbox 669 5849 781 5919; x_wconf 88' lang='lat' dir='ltr'>rursus</span> <span class='ocrx_word' id='word_1_578' title='bbox 807 5847 1092 5922; x_wconf 73' lang='lat' dir='ltr'>offensacuntra·</span> <span class='ocrx_word' id='word_1_579' title='bbox 1142 5844 1264 5921; x_wconf 90' lang='lat' dir='ltr'>Filium</span> <span class='ocrx_word' id='word_1_580' title='bbox 1290 5867 1388 5920; x_wconf 92' lang='lat' dir='ltr'>tuum</span> <span class='ocrx_word' id='word_1_581' title='bbox 1416 5852 1601 5927; x_wconf 89' lang='lat' dir='ltr'>Dominum</span> <span class='ocrx_word' id='word_1_582' title='bbox 1629 5852 1812 5929; x_wconf 75' lang='lat' dir='ltr'>nostum.</span> <span class='ocrx_word' id='word_1_583' title='bbox 1841 5859 1949 5942; x_wconf 79' lang='lat' dir='ltr'>Cujus</span> 
     </span>
     <span class='ocr_line' id='line_1_54' title="bbox 284 5942 1949 6042; baseline 0.006 -25"><span class='ocrx_word' id='word_1_584' title='bbox 284 5942 388 6018; x_wconf 78' lang='lat' dir='ltr'>luitur</span> <span class='ocrx_word' id='word_1_585' title='bbox 403 5972 412 6014; x_wconf 82' lang='lat' dir='ltr'>a</span> <span class='ocrx_word' id='word_1_586' title='bbox 429 5945 487 6016; x_wconf 90' lang='lat' dir='ltr'>ubi</span> <span class='ocrx_word' id='word_1_587' title='bbox 499 5945 602 6018; x_wconf 89' lang='lat' dir='ltr'>venia</span> <span class='ocrx_word' id='word_1_588' title='bbox 618 5945 833 6041; x_wconf 84' lang='lat' dir='ltr'>postulatur.</span> <span class='ocrx_word' id='word_1_589' title='bbox 860 5943 982 6018; x_wconf 85' lang='lat' dir='ltr'>Nullus</span> <span class='ocrx_word' id='word_1_590' title='bbox 1000 5969 1091 6042; x_wconf 88' lang='lat' dir='ltr'>ergo</span> <span class='ocrx_word' id='word_1_591' title='bbox 1140 5943 1330 6018; x_wconf 86' lang='lat' dir='ltr'>divinitatis</span> <span class='ocrx_word' id='word_1_592' title='bbox 1347 5946 1552 6026; x_wconf 85' lang='lat' dir='ltr'>immensitas</span> <span class='ocrx_word' id='word_1_593' title='bbox 1569 5951 1614 6023; x_wconf 84' lang='lat' dir='ltr'>sic</span> <span class='ocrx_word' id='word_1_594' title='bbox 1627 5950 1859 6032; x_wconf 84' lang='lat' dir='ltr'>ineffabiliter</span> <span class='ocrx_word' id='word_1_595' title='bbox 1886 5955 1949 6032; x_wconf 80' lang='lat' dir='ltr'>cit·</span> 
     </span>
     <span class='ocr_line' id='line_1_55' title="bbox 282 6040 1958 6165; baseline 0.002 -46"><span class='ocrx_word' id='word_1_596' title='bbox 282 6040 404 6137; x_wconf 75' lang='lat' dir='ltr'>pravis</span> <span class='ocrx_word' id='word_1_597' title='bbox 434 6042 703 6144; x_wconf 81' lang='lat' dir='ltr'>cogitationibus</span> <span class='ocrx_word' id='word_1_598' title='bbox 735 6041 918 6143; x_wconf 86' lang='lat' dir='ltr'>aliquando</span> <span class='ocrx_word' id='word_1_599' title='bbox 947 6044 1092 6129; x_wconf 52' lang='lat' dir='ltr'>cunsenq</span> <span class='ocrx_word' id='word_1_600' title='bbox 1140 6042 1380 6145; x_wconf 69' lang='lat' dir='ltr'>cumpleffltur</span> <span class='ocrx_word' id='word_1_601' title='bbox 1399 6049 1535 6131; x_wconf 78' lang='lat' dir='ltr'>omnies</span> <span class='ocrx_word' id='word_1_602' title='bbox 1551 6068 1591 6128; x_wconf 91' lang='lat' dir='ltr'>ut</span> <span class='ocrx_word' id='word_1_603' title='bbox 1616 6049 1655 6127; x_wconf 86' lang='lat' dir='ltr'>in</span> <span class='ocrx_word' id='word_1_604' title='bbox 1676 6050 1827 6157; x_wconf 68' lang='lat' dir='ltr'>siugulis</span> <span class='ocrx_word' id='word_1_605' title='bbox 1853 6076 1958 6165; x_wconf 69' lang='lat' dir='ltr'>crea·-</span> 
     </span>
    </p>
   </div>
   <div class='ocr_carea' id='block_1_3' title="bbox 1864 6170 1952 6245">
    <p class='ocr_par' dir='ltr' id='par_1_3' title="bbox 1864 6170 1952 6245">
     <span class='ocr_line' id='line_1_56' title="bbox 1864 6170 1952 6245; baseline -0.011 -13"><span class='ocrx_word' id='word_1_606' title='bbox 1864 6170 1952 6245; x_wconf 70' lang='lat' dir='ltr'>eunt</span> 
     </span>
    </p>
   </div>
   <div class='ocr_carea' id='block_1_4' title="bbox 0 0 2230 7207">
    <p class='ocr_par' dir='ltr' id='par_1_4' title="bbox 0 0 2230 7207">
     <span class='ocr_line' id='line_1_57' title="bbox 0 0 2230 7207; baseline 0 0"><span class='ocrx_word' id='word_1_607' title='bbox 0 0 2230 7207; x_wconf 95' lang='lat' dir='ltr'> </span> 
     </span>
    </p>
   </div>
  </div>
 </body>
</html>
