4450 7209
170 780 172 785 .
276 724 347 793 190
656 686 962 772 -stsnATo
999 685 1272 765 SANCTO
1307 678 1588 762 Fuscus.

276 814 390 876 necta
413 791 496 872 alia
517 799 563 875 θ’
583 797 723 871 ueniat
747 792 791 863 od
813 788 925 863 altare
952 783 1009 872 isto
1028 811 1083 860 or·
1132 781 1317 860 nittvioit
1331 781 1434 859 Deo.
1461 781 1513 854 sta
1540 782 1576 852 u
1603 801 1670 855 ros
1698 775 1872 854 extimtte
1890 785 1958 849 'vos
1985 788 2024 862 55

278 899 354 972 dine
384 944 395 969 .
428 906 528 968 crum
554 902 743 967 remanente
767 887 974 977 insectatio
1002 932 1013 955 .
1044 892 1082 960 ln
1133 882 1443 975 mortuosquidem
1458 877 1881 973 essepeccatosvi-rentes
1896 897 1958 945 aua

274 995 399 1093 prioris
407 995 586 1090 precedant
597 991 660 1062 duo
675 980 878 1074 ceroferarii
893 1008 968 1060 curn
980 985 1083 1057 cereis
1133 1001 1206 1058 tem
1220 983 1303 1057 Deo
1317 1009 1329 1052 s
1343 984 1379 1054 in
1396 972 1624 1054 chritotesu
1639 973 1794 1052 Domino
1807 973 1955 1049 nolito·

278 1113 377 1164 accen
388 1114 428 1163 os.
442 1089 578 1161 Scilicet
590 1108 683 1160 cerco
691 1080 843 1181 paschali
853 1087 898 1160 (θ’
908 1078 1018 1156 trihus
1031 1079 1084 1154 lu·
1133 1084 1313 1175 13t0Amen
1329 1127 1341 1151 .

227 1213 247 1285 5
282 1183 780 1284 certisquesuntinserpentr.
813 1190 943 1253 Etcum
959 1198 1082 1277 preve·
1182 1179 1336 1250 tauta.
1373 1177 1503 1250 Dicant
1531 1170 1589 1268 qui
1620 1171 1788 1266 redempti
1821 1170 1900 1242 sunt
1938 1191 1999 1241 t.-

282 1286 394 1357 nerint
424 1285 467 1355 ol
497 1281 608 1355 altare
621 1277 730 1374 majus
757 1303 767 1346 e
801 1280 957 1349 sacerdos
974 1279 1086 1368 faciat
1134 1277 1292 1352 Domino
1317 1281 1353 1348 in
1368 1273 1572 1348 eternum&
1591 1275 1624 1347 in
1640 1267 1791 1344 seculum
1823 1262 1960 1341 seculi.
1987 1259 2025 1330 60

283 1375 503 1468 confeffionctn
517 1395 556 1453 ut
572 1383 673 1450 moris
686 1371 754 1459 est·
781 1386 824 1447 Et
850 1374 948 1463 folia
961 1372 1086 1463 confes·
1135 1374 1185 1468 ἦ.
1204 1372 1356 1470 Populus
1372 1372 1429 1468 qui
1448 1369 1587 1443 sedebat
1613 1369 1647 1443 in
1675 1368 1830 1443 tenebris
1860 1360 1959 1439 vidit

276 1475 366 1566 fiune
381 1480 538 1550 Sacerdos
542 1475 725 1565 solenniter
737 1470 828 1544 licat
835 1470 990 1570 syrenum
1002 1469 1088 1544 Glo·
1135 1471 1250 1547 lucem
1267 1493 1452 1571 magnum.

286 1573 338 1648 rio
364 1572 400 1645 in
424 1571 566 1647 excelsis
597 1573 703 1648 Deo·
728 1576 772 1640 Et
788 1563 1088 1666 stationpulsentur

201 1702 252 1762 ,tn
286 1692 396 1742 ottones
407 1689 562 1767 campane
576 1687 647 1743 tarr
666 1661 923 1761 majoresque
936 1671 1088 1742 minores.
1189 1669 1301 1742 tellio
1320 1666 1435 1760 smlil
1459 1663 1642 1763 Evangelii
1668 1662 1852 1754 secunlum
1880 1665 1959 1730 Mc·

288 1777 333 1841 Et
345 1767 626 1866 discooperiantur
653 1765 781 1838 altario
800 1762 1008 1853 frontalibus
1036 1767 1091 1838 ni·
1141 1767 1285 1841 tiorum.
1798 1765 1957 1832 renutu.
1983 1747 2024 1843 ἅς

284 1867 371 1963 geist
385 1861 596 1946 &retabula
609 1885 724 1937 aurem
736 1867 782 1937 m
793 1865 903 1932 onnia
911 1877 1093 1960 appareant
1251 1863 1376 1961 Esperr
1391 1876 1506 1936 autem
1519 1857 1659 1935 Sabbati
1673 1881 1741 1955 que
1759 1855 1905 1932 lucescit
1922 1856 1959 1929 in

280 1959 490 2054 lilcnniter.
504 1959 849 2054 Etfinitolrynonocln
874 1957 1000 2033 elotum
1012 1963 1095 2033 Dia·
1264 1965 1376 2060 prima
1397 1960 1538 2035 Subbtti
1556 1987 1565 2030 ε
1581 1957 1679 2036 venit
1688 1956 1800 2031 Mario
1808 1955 1963 2053 Magdo·

290 2059 413 2135 cianus
424 2063 617 2136 dicat.Pro
629 2056 849 2153 competenti
899 2079 937 2128 s.
961 2055 1096 2133 steuc-
1144 2056 1224 2133 lenn
1239 2063 1273 2134 dt
1289 2058 1414 2134 alteris
1443 2057 1556 2132 Maria
1584 2058 1707 2133 videte
1733 2050 1962 2152 sepulcrum.

211 2186 255 2266 15
292 2181 369 2234 mus
385 2182 522 2258 genna,
538 2158 694 2234 senate.
1145 2159 1190 2232 Et
1217 2181 1299 2231 eece
1328 2173 1541 2231 terremotus
1570 2151 1677 2229 uuus
1705 2155 1754 2228 est
1782 2172 1958 2249 magnus.

1148 2254 1305 2356 Angelus
1319 2255 1414 2328 enim
1429 2250 1604 2329 descendit
1618 2255 1663 2327 de
1674 2251 1755 2330 ctio
1770 2276 1780 2320 t
1794 2252 1832 2323 dt
1860 2273 1964 2323 ccco
1986 2258 2029 2338 72

435 2361 480 2426 Et
497 2351 774 2430 sacertostteac.
798 2353 944 2429 orario.
1142 2359 1226 2431 dens
1239 2351 1394 2429 revolvit
1419 2349 1568 2448 lapidem
1594 2374 1607 2419 c
1632 2353 1668 2424 dt
1698 2348 1840 2423 sedebat
1859 2347 1897 2419 su
1947 2370 1964 2419 r

1141 2478 1242 2531 eum·
1270 2453 1350 2526 Erat
1366 2469 1480 2526 autem
1496 2449 1652 2547 uspeflus
1684 2455 1763 2537 ejus
1792 2447 1879 2520 ficut
1947 2482 1964 2502 ·

292 2548 536 2736 Concede
547 2549 699 2626 Domine
710 2575 826 2628 omnes
844 2548 902 2647 qui
918 2571 1009 2623 nunc
1021 2550 1091 2624 fide
1144 2575 1212 2652 gur
1227 2579 1237 2623 c
1254 2554 1291 2626 dt
1306 2549 1507 2624 vestimenta
1525 2555 1600 2636 ejus
1611 2549 1705 2622 sicut
1723 2547 1810 2619 nix.
1828 2549 1897 2621 Pre
1915 2541 1963 2615 ti·

208 2673 258 2736 ιο
402 2647 842 2746 meruerunt'cognoscere
868 2646 1089 2723 veritateme
1143 2674 1240 2725 more
1255 2650 1457 2732 nutemejus
1484 2673 1494 2717 s
1520 2644 1684 2721 exterriti
1694 2643 1956 2720 suntcuslodest

288 2747 442 2821 solutoris
455 2745 582 2823 lavacri
596 2749 776 2844 percipere
797 2744 1090 2821 innovationem.
1135 2748 1173 2821 dt
1185 2746 1264 2822 fatti
1279 2745 1358 2820 sunt
1370 2744 1469 2821 velut
1482 2746 1607 2821 mortui
1618 2792 1629 2816 .
1642 2742 1783 2839 Respon
1800 2739 1954 2835 densque
1983 2747 2026 2827 75

289 2843 415 2938 Sisque
429 2843 666 2922 eoeacunuia
697 2861 914 2940 peccatorum
930 2842 1086 2919 sordibus
1135 2842 1321 2946 Angelus:
1349 2841 1674 2919 dixitmulieribus.
1703 2838 1827 2915 Nolite
1848 2839 1957 2914 time-

290 2941 447 3040 bnptismi
464 2945 556 3016 unda
571 2942 808 3039 purificetent
820 2939 912 3017 ultra
925 2965 984 3014 eos
997 2943 1098 3039 pravi
1146 2969 1186 3020 re
1200 2967 1291 3021 vos·
1312 2941 1393 3017 Scio
1408 2944 1499 3020 enim
1512 2940 1729 3037 quodie-sum
1755 2940 1815 3034 qni
1843 2936 1960 3012 cruci-

292 3041 412 3136 operis
427 3041 683 3136 inquinamenta
697 3064 770 3114 non
786 3036 957 3115 maculent
974 3087 986 3111 .
1147 3044 1237 3119 fixus
1254 3041 1303 3114 est
1315 3041 1463 3136 queritis
1479 3071 1490 3115 s
1516 3064 1589 3115 non
1613 3040 1661 3112 est
1687 3037 1745 3112 hic
1775 3063 1785 3106 s
1807 3033 1958 3110 surrexit

212 3166 260 3241 25
295 3149 343 3233 uo
361 3141 473 3213 Amen
486 3186 498 3210 .
513 3138 582 3213 Per
595 3138 864 3215 miscricordiam
891 3156 985 3216 tunm
999 3141 1097 3218 Deus
1146 3141 1239 3216 enim
1253 3140 1338 3215 sicut
1353 3140 1469 3216 dixit.
1495 3138 1674 3212 Venite&
1689 3131 1960 3210 videtelocumn

292 3236 433 3310 noster·
1147 3239 1208 3314 ubi
1225 3239 1353 3336 postus
1370 3256 1471 3313 erut.
1503 3238 1547 3311 Et
1563 3237 1635 3311 cito
1651 3254 1773 3308 euntes
1803 3231 1959 3328 discipu·
1986 3220 2026 3295 80

291 3336 398 3408 Dicat
412 3338 603 3407 Diaconos.
626 3330 805 3411 Silentium
819 3333 948 3409 facite.
1147 3335 1188 3414 iis
1201 3337 1305 3414 dicite
1343 3336 1414 3414 uod
1428 3336 1576 3410 surrexit
1602 3362 1612 3404 c
1638 3335 1675 3407 dt
1696 3356 1777 3406 ecce
1788 3331 1959 3426 precedet

1147 3361 1465 3511 vosinGaiileame
1482 3433 1621 3507 ibicum
1649 3430 1811 3506 videbitis
1829 3477 1841 3498 ·
1866 3428 1960 3500 Ecce

348 3531 528 3624 Sequentia
555 3525 695 3625 Epillole
730 3528 838 3606 naute·
863 3527 1017 3629 Apostoli
1057 3531 1102 3604 ad
1149 3532 1286 3630 predixi
1301 3533 1422 3607 vobis.
1448 3534 1492 3606 Et
1507 3529 1667 3603 exierunt
1689 3527 1850 3603 mulieres
1875 3524 1955 3601 cito

208 3650 267 3731 30
298 3625 804 3723 mnanos.m.1>eogrniae.
1041 3637 1100 3702 Vt.
1148 3632 1193 3703 de
1205 3648 1435 3706 monumento
1460 3659 1469 3702 ε
1500 3651 1578 3703 cum
1604 3628 1732 3702 timore
1759 3625 1795 3697 &
1827 3623 1960 3721 gaudio

1151 3752 1306 3829 magnos
1322 3724 1672 3802 currentesnuncisre
1685 3721 1862 3817 discipulis
1878 3721 1959 3793 suls.
1987 3713 2024 3802 ὃς

295 3824 367 4011 F
383 3821 509 3896 Rutres
523 3849 533 3891 2
548 3819 642 3916 Qid
655 3846 743 3923 ergo
758 3823 904 3902 dicemus
923 3827 940 3896 i
963 3826 1104 3902 Perma-
1151 3826 1196 3901 Et
1211 3847 1292 3898 ecce
1302 3822 1395 3904 Jesus
1408 3822 1562 3901 occurrit
1579 3820 1643 3896 iliis
1657 3824 1774 3895 dicens
1788 3868 1798 3889 .
1813 3824 1959 3893 Arete.

396 3919 550 3998 nebimus
563 3922 597 3995 in
614 3942 780 4018 peccatos
797 3945 836 4000 ut
852 3924 963 4022 gratia
994 3924 1103 3998 abun·
1153 3922 1208 3997 Ilii
1221 3942 1333 3998 autem
1346 3926 1551 3998 accederunt
1580 3924 1616 3993 &
1645 3937 1833 3996 tenuerunt
1851 3916 1962 4010 pedes

298 4022 360 4092 det
375 4023 390 4089 i
406 4021 527 4097 Abiit·
557 4021 628 4111 Qsi
641 4021 730 4095 enim
742 4023 872 4098 mortui
895 4022 1005 4095 sumus
1018 4045 1101 4117 pec·
1152 4027 1227 4108 eius
1241 4024 1301 4111 t&
1314 4022 1546 4097 adoraverunt
1563 4041 1643 4091 eum
1660 4066 1672 4089 .
1700 4023 1797 4092 Tunc
1822 4015 1874 4090 ait
1890 4010 1960 4088 illie

220 4141 266 4218 35
296 4135 375 4188 cato
404 4143 414 4184 s
442 4119 624 4210 quomodo
649 4118 761 4192 adhuc
787 4121 936 4194 vivimus
954 4119 987 4191 in
1005 4119 1098 4194 illo?
1144 4119 1265 4200 Jesus·
1294 4117 1419 4195 Nolite
1447 4119 1602 4192 timere.
1628 4117 1681 4188 Ite
1709 4114 1815 4190 dicite
1842 4111 1960 4185 fratri·

297 4217 356 4287 An
372 4213 538 4311 ignoratis
553 4216 632 4309 quia
644 4217 845 4311 quicumque
862 4214 1029 4312 baptizati
1043 4217 1096 4289 su·
1149 4220 1213 4291 bus
1226 4215 1309 4289 meis
1326 4246 1335 4285 e
1350 4237 1387 4288 ut
1399 4235 1478 4290 eant
1492 4217 1525 4287 in
1542 4211 1710 4292 Gulilearn
1729 4212 1800 4285 :ibi
1829 4234 1887 4282 me
1902 4208 1960 4283 vi·
1987 4220 2032 4291 90

296 4333 372 4387 mus
385 4309 655 4394 inChritioJesu
686 4341 697 4381 c
726 4313 759 4384 in
790 4331 904 4389 morte
919 4312 1021 4409 ipsius
1039 4316 1101 4387 ba·
1149 4315 1305 4390 debunt.
1331 4317 1410 4404 Qe
1426 4336 1501 4388 cum
1515 4312 1666 4387 abiissent
1684 4342 1693 4382 e
1708 4334 1791 4384 ecce
1817 4307 1958 4401 quidam

297 4405 421 4504 ptiznti
448 4407 563 4481 sumus
593 4413 608 4479 i
638 4408 844 4508 Consepulti
871 4409 962 4486 enim
990 4409 1099 4484 sumus
1149 4414 1194 4486 de
1210 4411 1402 4486 custodibus
1419 4431 1590 4487 venerunt
1617 4412 1652 4484 in
1671 4412 1856 4488 civitatem
1883 4431 1895 4474 s
1923 4405 1962 4476 dt

295 4503 452 4582 cumino
479 4529 540 4604 per
568 4506 770 4602 baptismum
801 4508 1024 4586 sinmorte.
1050 4511 1099 4583 Ut
1149 4509 1399 4584 nunciaverunt
1447 4509 1653 4605 principibus
1706 4505 1960 4582 sacerdotum-s

219 4629 275 4708 40
298 4605 480 4699 quomodo
503 4604 693 4679 resurrexit
718 4607 870 4681 Christus
902 4633 922 4680 a
953 4607 1098 4682 mortuis
1146 4608 1354 4703 omnin-que
1372 4609 1458 4681 fade
1486 4609 1651 4681 fuerant·
1676 4607 1718 4679 Et
1745 4598 1959 4701 congregati

223 4703 227 4711 ’
281 4784 286 4791 ,
299 4726 366 4800 pet
378 4700 524 4802 gloriam
540 4706 646 4799 patris
663 4731 672 4773 e
687 4703 736 4778 its
748 4707 783 4776 δε
797 4730 860 4780 nos
890 4703 925 4776 in
939 4705 1097 4777 novitate
1145 4732 1223 4782 cum
1235 4703 1424 4782 senioribus
1436 4703 1736 4799 confilioaccepto
1751 4731 1761 4772 ε
1777 4703 1958 4798 pecuniam
1989 4711 2030 4787 95

298 4799 378 4876 vite
392 4798 598 4876 ambulemus
615 4803 674 4874 .Si
690 4803 781 4875 enim
794 4800 1022 4899 complantati
1034 4800 1099 4877 sai·
1144 4802 1324 4901 copiosam
1337 4805 1506 4880 dederunt
1519 4801 1686 4878 militibus
1701 4801 1857 4875 dicentes
1868 4849 1880 4870 .
1891 4797 1960 4869 Di·

219 4952 222 4960 ·
298 4898 338 4974 vi
350 4897 432 4972 fatti
446 4897 557 4972 sumus
568 4897 781 4974 similitudini
793 4901 915 4978 mortis
928 4907 1000 4988 ejus
1024 4927 1034 4969 e
1058 4899 1100 4971 ss·
1150 4903 1220 4977 cite
1236 4902 1316 4994 quio
1327 4899 1482 4997 discipuli
1500 4905 1573 4985 ejus
1589 4900 1691 4973 nodie
1706 4915 1905 4972 venerunt:
1923 4897 1962 4967 δι

297 4994 367 5073 mul
383 4999 418 5070 &
433 4995 692 5071 resurresiionis
707 4999 863 5075 erimus.
890 5001 969 5073 Hoc
991 4998 1100 5073 scien·
1151 5001 1259 5077 furati
1275 4999 1353 5074 sunt
1369 5021 1448 5074 ¹eum
1463 4998 1565 5073 vobis
1576 4997 1823 5072 dormientibus
1841 5040 1855 5065 .
1880 4992 1959 5071 Etsi

221 5118 272 5204 ἐς
298 5094 444 5188 tesquis
458 5114 557 5169 vetus
585 5097 694 5170 homo
719 5099 834 5172 noster
853 5094 950 5171 simul
965 5098 1102 5173 crucifi·
1150 5099 1384 5174 hocnuditum
1399 5097 1506 5171 suerit
1529 5099 1720 5194 opresides
1739 5116 1805 5170 nos
1834 5090 1957 5168 suade·
2028 5165 2030 5167 ,

158 5243 159 5247 =
298 5216 363 5269 xus
378 5193 506 5266 estsut
517 5194 708 5267 destruatur
721 5218 847 5291 corpus
879 5197 1101 5292 percutient
1149 5198 1260 5271 bimus
1273 5196 1536 5274 ei=&securos
1551 5221 1618 5272 vos
1631 5195 1820 5272 sociemus.
1844 5195 1897 5266 At
1910 5186 1958 5263 il·
1995 5195 2048 5254 10⁵

298 5291 389 5366 ultrc
417 5314 489 5366 non
514 5290 883 5388 serviamuspecctto.
913 5293 982 5384 Qi
1011 5293 1101 5367 enim
1149 5291 1330 5390 liaccepts
1356 5293 1500 5391 pecunia
1528 5322 1539 5363 s
1565 5295 1720 5368 fecerunt
1746 5291 1832 5364 sicut
1859 5304 1961 5364 erant

298 5406 454 5468 mortuus
471 5389 518 5462 est
545 5418 556 5459 c
582 5387 782 5475 justificatus
807 5391 855 5462 est
885 5416 904 5463 a
930 5408 1103 5486 peccato.
1149 5390 1245 5465 dosii
1270 5439 1282 5461 .
1308 5393 1352 5466 Et
1376 5391 1473 5466 divus
1503 5411 1595 5467 utum
1618 5391 1668 5464 est
1695 5392 1845 5465 verbum
1877 5387 1961 5463 istud

299 5491 338 5565 Si
353 5488 444 5562 enim
459 5488 583 5564 mortui
599 5488 710 5563 sumus
722 5488 949 5563 cumChristo
966 5487 1101 5560 :credi-
1150 5489 1241 5587 apud
1250 5492 1380 5565 Judeos
1407 5518 1417 5560 c
1449 5416 1553 5582 usque
1568 5493 1603 5563 in
1615 5489 1825 5564 hodiernum
1841 5487 1959 5560 diem·

224 5611 279 5691 ‘50
303 5610 376 5663 mus
391 5583 577 5682 quissimus
602 5584 705 5662 etiam
732 5587 891 5664 vivemus
915 5609 995 5660 cum
1010 5583 1101 5660 illo·
1151 5587 1317 5664 Undecim
1331 5605 1446 5662 autem
1460 5585 1614 5683 discipuli
1625 5589 1787 5662 abierunt
1819 5587 1857 5658 in
1885 5585 1958 5657 Ga-

302 5685 457 5763 Scientes
472 5688 570 5779 quod
580 5683 733 5759 Christus
761 5686 943 5783 resurgens
953 5709 998 5758 er
1008 5707 1101 5759 mor·
1150 5680 1264 5758 liieam
1289 5715 1301 5756 ε
1330 5684 1389 5758 ubi
1413 5687 1640 5762 constituerat
1668 5684 1735 5759 iliis
1751 5681 1884 5764 lesus.
1916 5683 1961 5754 Et
1993 5690 2049 5770 105

305 5781 837 5872 tuisjnmuonmoritursmors
862 5780 1101 5857 iiliultranon
1148 5781 1309 5856 videntes
1346 5806 1427 5859 eum
1471 5785 1706 5861 adoraverunt
1751 5831 1765 5856 .
1807 5781 1962 5873 Qidam

304 5881 547 5958 dominabitur.
560 5883 666 5977 Qud
680 5881 770 5959 enim
784 5901 954 5958 mortuum
967 5882 1103 5976 estpec·
1149 5899 1268 5955 autem
1305 5882 1591 5958 dubitaverunt.
1628 5883 1671 5956 Et
1698 5883 1868 5957 accedens
1908 5877 1965 5967 Je-

290 6001 409 6061 ἀισι
424 5999 600 6068 mortuum
611 5979 783 6060 estscmel.
796 5984 904 6076 Qud
918 5999 1036 6058 autem
1048 5978 1104 6060 vi·
1151 5977 1209 6055 sus
1236 5974 1374 6057 locutus
1403 5980 1453 6057 est
1488 5979 1540 6057 eis
1583 5982 1699 6060 dicem
1729 6029 1743 6054 .
1778 5980 1878 6057 Dntn
1915 5976 1973 6148 ciffi

1886 6097 1920 6152 m
