4450 7209
277 732 334 838 '78
723 725 1500 822 DOMINIC'A'QUI'NTA
1863 810 1867 817 ,
1952 808 1958 817 ,

282 829 398 907 dixit.
427 826 574 925 ipocrite
599 826 834 927 uniusquisque
850 835 996 909 uestrum
1014 832 1090 906 sab·
1138 852 1211 905 mus
1228 856 1237 897 a
1253 827 1332 903 dum
1346 848 1485 921 peccare
1502 841 1572 892 non
1586 816 1724 912 pateris:
1739 815 1822 889 dum
1837 832 1958 923 emen.-
1990 825 2025 897 51

242 928 245 933 ’
284 931 373 1001 bato
395 952 465 999 non
481 926 581 1001 solvit
603 929 731 1005 bovem
748 931 840 1003 suum
859 948 918 1013 aut
931 930 1087 1003 alinuma
1139 929 1221 1000 dare
1237 950 1301 1000 nos
1315 922 1459 1018 precipis
1474 947 1483 988 a
1510 921 1588 990 dum
1605 938 1732 1009 rogare
1748 927 1928 1006 permittis
1943 954 1957 987 ,

253 1034 256 1039 “
284 1023 447 1120 presepio
471 1023 613 1097 &ducit
637 1027 833 1118 adaquare?
857 1029 955 1098 Hanc
978 1044 1091 1099 autem
1142 1024 1235 1095 Dum
1249 1017 1418 1116 pacientia
1444 1012 1614 1088 redditum
1639 1008 1814 1101 querende
1830 1027 1959 1095 cogre-

286 1119 395 1197 filiam
416 1120 1095 1217 AbrahequamalligavitSathanas:ec·
1145 1118 1267 1192 (lionis
1323 1114 1485 1206 expediat
1513 1136 1522 1175 a
1547 1108 1652 1215 ..duni
1702 1103 1832 1186 iusticia
1881 1124 1959 1211 me·

239 1245 256 1307 ς
287 1214 606 1289 cedecemuouo
622 1219 729 1291 annis:
746 1242 814 1290 non
830 1219 988 1311 oportuit
1007 1216 1094 1291 solvi
1143 1237 1217 1286 tuni
1236 1216 1349 1286 future
1366 1207 1574 1283 discussionis
1588 1201 1728 1273 insinuat
1742 1229 1762 1308 ι.
1783 1202 1866 1269 dum
1892 1219 1960 1270 mi·

293 1341 312 1386 a
329 1310 471 1385 vinculo
484 1313 546 1384 iiio
559 1311 613 1382 die
628 1312 752 1389 sabbati
772 1319 786 1381 Ρ
816 1315 858 1386 Et
874 1337 948 1386 cum
963 1316 1026 1383 hec
1040 1313 1093 1384 di·
1145 1307 1330 1384 sericordia
1344 1297 1644 1377 locum-evadende
1655 1315 1779 1367 mortis
1791 1292 1958 1405 ostentat.
1988 1287 2025 1362 6<

290 1427 384 1480 eeret
400 1407 640 1481 erubescebant
656 1432 774 1482 omnes
794 1409 977 1483 adversarii
990 1414 1087 1493 eius:
1137 1406 1322 1481 Invenient
1335 1420 1412 1474 ante
1427 1392 1548 1472 oculos
1564 1410 1644 1465 tuos
1660 1391 1822 1463 sacrificia
1836 1388 1956 1460 nostra

290 1506 326 1575 &
352 1505 465 1578 omnis
501 1504 644 1597 populus
671 1505 838 1602 gaudebat
873 1504 905 1574 in
926 1505 1088 1578 univeriis
1138 1502 1294 1604 gratiama
1313 1513 1454 1592 peccata
1470 1488 1630 1564 veniam:
1656 1485 1797 1559 vulnera
1810 1482 1961 1556 medici-

289 1623 355 1693 que
372 1599 524 1695 gloriose
543 1600 669 1671 fiebant
682 1602 723 1673 ab
737 1625 799 1671 eo.
825 1614 874 1692 132.
888 1604 1021 1672 Amen.
1142 1624 1240 1674 nam.
1266 1592 1415 1686 Suspiria
1428 1591 1618 1694 pietatems
1644 1578 1778 1678 flagella
1793 1577 1959 1689 consola·

218 1723 262 1778 10
342 1700 440 1766 Dicat
454 1692 572 1766 Presb.
587 1698 752 1772 Dominus
778 1695 820 1768 iit
833 1695 962 1792 semper
978 1697 1094 1773 vobis·
1143 1700 1285 1773 tionem:
1299 1691 1446 1763 lamenta
1463 1701 1677 1775 temperiemi
1691 1700 1848 1768 tempora
1857 1698 1958 1769 quie-

289 1810 364 1866 cum
380 1840 391 1860 .
435 1805 483 1885 132.
498 1792 627 1864 Etcum
642 1840 653 1860 .
1144 1815 1237 1866 tem:
1259 1785 1371 1865 officia
1387 1781 1615 1877 dignitatemr
1637 1793 1725 1846 vota
1739 1774 1957 1883 mercedem.
1989 1765 2025 1859 61

341 1889 478 1958 Lauda.
506 1883 667 1970 Alleluia.
680 1886 1096 1977 inDomineeaaudiora·
1144 1892 1326 1964 Mereatur
1340 1880 1465 1974 peticio
1478 1870 1653 1948 effebum:
1674 1887 1849 1944 contricio
1866 1863 1959 1939 sola·

294 1981 420 2055 tionem
445 1983 612 2057 nostram:
638 1987 673 2054 &
701 1983 954 2060 clamnrnoster
979 1991 1019 2059 ad
1031 2007 1099 2064 tu
1147 1986 1256 2057 tinnis
1282 1973 1498 2054 consecracio
1517 1972 1780 2044 sacramentum.
1803 1964 1959 2037 Oblatio

295 2077 496 2173 perveniat.
517 2088 561 2147 Ῥ.
574 2075 747 2164 Alleluia.
1147 2078 1414 2155 sanctificatione
1444 2066 1638 2164 pinguescat
1652 2088 1671 2169 s·
1692 2059 1960 2170 trepidatiose·

217 2201 260 2276 15
583 2172 809 2260 Sacrificium}
1147 2178 1293 2252 curitate
1328 2171 1510 2243 discedat:
1550 2154 1746 2233 benedictio
1773 2153 1957 2228 salubrita-

293 2267 640 2441 DEprecatusest
658 2267 801 2364 populus
828 2270 948 2344 faciem
972 2271 1096 2345 Dei&
1149 2293 1186 2344 te
1214 2271 1409 2368 proficiats
1447 2281 1486 2334 ut
1518 2258 1552 2328 in
1577 2254 1733 2329 omnibus
1772 2247 1958 2362 multiplici
1988 2259 2025 2333 7t

414 2364 590 2437 exaudivit
606 2362 699 2443 illum
716 2367 926 2442 Dominus&
941 2369 1035 2439 dedit
1049 2370 1098 2441 eis
1148 2370 1288 2462 pietatis
1320 2385 1378 2437 tue
1397 2360 1502 2458 gratia
1519 2354 1725 2428 redundante
1738 2371 1851 2446 erigas
1881 2343 1958 2444 ple·

292 2459 461 2532 salutem.
492 2464 535 2533 Et
559 2460 748 2535 immolavit
762 2464 927 2537 Sacerdos
940 2461 1099 2536 holocau·
1149 2469 1249 2538 benis
1277 2468 1357 2537 dum
1373 2458 1513 2530 letificas
1530 2449 1775 2525 Sacerdotem.

294 2556 376 2626 stum
395 2558 596 2628 matutinum
619 2559 651 2627 in
667 2553 810 2632 odorem
827 2559 1002 2640 suavitatis
1015 2557 1098 2631 alle.
1200 2577 1249 2655 ¹3²·
1265 2567 1400 2634 Anien.

211 2678 262 2731 oo
296 2646 383 2734 luia·
402 2649 447 2739 ii·
466 2650 593 2724 Oravit
609 2653 766 2726 Ezechias
783 2656 816 2726 in
830 2655 1098 2750 conspediuDo-
1345 2648 1423 2733 ‘Posi
1436 2651 1591 2723 nomina.
1618 2643 1731 2715 Oratio
1748 2680 1759 2707 .

295 2747 376 2818 mini
392 2746 506 2818 dicens
521 2775 530 2816 ²
545 2747 693 2821 D0ml¹¹0
709 2753 803 2822 ΒΜ
819 2752 874 2842 (iul
889 2751 983 2823 sedes
996 2749 1097 2846 super
1253 2754 1444 2832 Blaeionem
1468 2741 1594 2818 familie
1619 2759 1678 2812 tue
1694 2735 1815 2811 sereno
1830 2731 1955 2826 quesu·
1989 2738 2025 2819 'li

295 2841 471 2913 Cherubin
499 2841 621 2915 inclina
633 2868 748 2918 aurem
761 2865 850 2920 tuam
867 2846 1003 2920 &audii
1018 2874 1098 2942 ape·
1149 2759 1241 2935 Ο
1271 2876 1342 2923 mus
1358 2839 1623 2917 nominemini
1646 2835 1788 2928 dignare
1803 2830 1956 2922 respice-

294 2936 324 3011 ri
338 2934 458 3010 ociilos
474 2957 552 3009 tuos
565 2940 599 3009 iii
616 2939 695 3012 vide
711 2970 720 3012 r
736 2940 953 3017 &silvanos
969 2945 1010 3014 de
1027 2969 1095 3019 ma·
1144 2972 1182 3020 re
1199 2977 1209 3020 r
1235 2952 1271 3021 δι
1283 2942 1509 3042 petitionibus
1526 2959 1643 3013 eorum
1659 2932 1734 3003 rive
1747 2924 1953 3002 clementer:

206 3045 217 3055 '
251 3092 258 3101 ,
295 3033 497 3104 nu-mortis:
525 3051 562 3103 iit
591 3030 1093 3133 sciantomniaregnaterre:
1144 3063 1184 3116 ut
1200 3049 1296 3120 dono
1310 3066 1368 3116 tue
1385 3034 1568 3110 clementie
1584 3025 1783 3126 premuniti:
1807 3022 1954 3099 &uiuis
2002 3024 2018 3041 ⁶

211 3150 259 3229 ‘25
294 3128 372 3224 quia
386 3146 423 3199 tu
440 3150 476 3199 ²⁸
489 3128 680 3203 Dominus.
706 3146 750 3205 i'·
763 3138 805 3209 Et
822 3133 1036 3210 immolavit.
1145 3163 1341 3216 mereantur
1356 3139 1536 3228 impetrare
1563 3119 1815 3225 presentis-vine
1833 3119 1956 3190 suffra·
1992 3129 2015 3217 Ἰ

639 3227 757 3322 Mlffii·
1147 3238 1202 3331 gia
1211 3258 1225 3306 ἐ
1243 3228 1627 3310 &ieiunationibus
1642 3214 1798 3295 fidelibus
1814 3214 1954 3308 requies
1986 3202 2025 3274 ⁸0

293 3320 536 3499 Rogm'il
559 3326 670 3399 Deum
693 3326 899 3405 secretorum
914 3333 1095 3406 omniums'
1145 3338 1468 3426 presterureterna·
1494 3340 1543 3408 132.
1561 3329 1692 3395 Amen.

341 3512 347 3526 α
410 3421 627 3496 conditorem
650 3424 771 3495 fratres
796 3425 995 3496 chariliimis
1028 3431 1096 3502 hoc
1365 3430 1427 3497 Ad
1435 3445 1574 3518 pacem.
1598 3417 1738 3489 Oratio·
1860 3499 1871 3518 .

294 3535 441 3605 Pflfflflm
454 3538 628 3609 rogemus:
642 3539 680 3594 ¹¹1
693 3520 920 3593 deraffeeinm
935 3548 1004 3617 quo
1018 3548 1096 3596 eum
1146 3530 1311 3703 DEus
1328 3523 1384 3618 qui
1398 3518 1652 3592 unanimitatem
1669 3502 1900 3601 ampledierisa
1917 3506 1953 3580 u

210 3637 258 3705 30
293 3610 516 3680 vehementer
532 3636 667 3686 oremus
685 3643 693 3683 ε
725 3623 759 3687 &
775 3641 911 3689 munera
928 3617 1096 3710 placitura
1265 3625 1301 3696 in
1313 3620 1418 3696 corde
1433 3615 1576 3709 pacifico
1592 3604 1791 3701 requiesciss
1806 3605 1848 3675 da
1866 3624 1953 3693 que·

293 3703 499 3812 offeramus.
527 3707 582 3777 Ne
610 3711 707 3783 nobis
724 3713 958 3806 perfundlorie
972 3718 1007 3787 &
1024 3741 1094 3792 uon
1145 3723 1253 3793 sumus
1282 3739 1396 3813 puram
1410 3711 1563 3786 omnibus
1578 3727 1723 3800 pacems
1752 3701 1793 3769 da
1819 3696 1950 3771 eunctis
1981 3685 2021 3774 35

291 3818 465 3870 ueraciter
481 3801 762 3896 supplicantibus:
776 3827 875 3882 extra
890 3813 957 3884 hoc
970 3814 1010 3883 iit
1023 3814 1095 3884 ani·
1145 3815 1301 3892 fidelibus
1316 3814 1464 3886 mutuam
1475 3805 1696 3880 charitatem.
1721 3795 1849 3867 Tribue
1864 3794 1952 3868 fide·

289 3916 360 4004 mus
377 3897 467 3987 quod
482 3922 638 3974 oramus.
656 3903 710 3975 Ne
723 3905 811 3978 intus
823 3905 924 3979 santii
936 3909 1093 3985 defiderii
1142 3916 1186 3989 lia
1196 3909 1308 3987 oscula
1324 3937 1333 3978 ε
1359 3909 1484 3980 sincera
1501 3896 1709 3987 conloquia·
1733 3896 1780 3965 Ut
1798 3913 1862 3962 nec
1884 3913 1950 3984 pu·

290 4010 423 4103 virture
438 3995 563 4065 vacui:
591 3998 674 4071 ioris
697 3999 826 4096 eloquii
843 4003 995 4078 vanitate
1008 4030 1095 4080 con·
1142 4011 1237 4085 blicis
1250 4006 1426 4101 quicquam
1451 3996 1636 4071 inimicitiis
1650 3990 1780 4061 licenti
1808 4009 1873 4057 nec
1894 3985 1947 4094 [ες

210 4112 255 4185 35
289 4085 417 4176 spicui.
447 4090 634 4164 Credamus
664 4095 811 4169 sufficere
836 4098 991 4172 honeilas
1015 4126 1092 4194 pre·
1140 4108 1270 4182 cretis.
1302 4109 1414 4192 Atque
1442 4097 1545 4168 odilis
1562 4088 1684 4159 nesciat
1699 4087 1864 4158 fratrem:
1889 4103 1946 4175 qui

289 4204 345 4254 ces
364 4208 373 4246 τ
398 4184 524 4274 etiamsi
539 4189 719 4262 habeamus
739 4194 911 4286 improbas
932 4193 1091 4292 volupta·
1141 4223 1176 4275 te
1190 4203 1282 4274 suum
1293 4196 1426 4291 ceperit
1441 4213 1553 4266 amare
1563 4187 1735 4258 lablorem.
1749 4192 1797 4269 133·
1813 4181 1946 4254 Amen.
1977 4190 2025 4254 9⁰

287 4293 363 4385 tes·
393 4280 465 4350 Det
479 4303 611 4374 quoque
627 4286 696 4358 hoc
712 4285 816 4379 ipsum
835 4288 1013 4385 religionis
1029 4319 1092 4365 ve·
1140 4298 1231 4391 Quia
1247 4317 1285 4370 tu
1298 4316 1333 4364 es
1349 4314 1431 4366 vera
1445 4311 1533 4384 pax.

287 4387 393 4482 ritate
410 4370 544 4467 pienum
558 4379 621 4448 esse
637 4407 646 4448 a
674 4385 766 4472 quod
785 4383 927 4458 diximus
943 4416 952 4456 ε
966 4390 1014 4456 'ne
1030 4391 1092 4462 liu-
1472 4379 1616 4451 Ιπῖᾶΐῖθ·
1941 4467 1944 4471 .

289 4468 353 4540 dis·
380 4466 523 4544 humane
540 4470 648 4548 laudis
663 4475 801 4551 inledir
830 4478 933 4551 aliud.
952 4505 1065 4555 mente
1082 4514 1091 4556 r
1238 4489 1357 4585 ignum
1371 4484 1405 4552 &
1418 4481 1537 4566 iustum
1550 4475 1596 4544 est
1610 4472 1827 4564 Οὓῒῢῐρθῒθῐῐ8
1838 4470 1946 4540 Demi

206 4589 257 4667 po
289 4586 493 4678 qpamvoce
509 4573 745 4664 proferamus:
769 4576 959 4671 capiamus.
985 4581 1026 4652 Et
1044 4579 1093 4656 la.
1142 4490 1235 4663 D
1263 4609 1325 4656 nos
1350 4577 1413 4654 tibi
1446 4573 1571 4673 gratias
1601 4593 1704 4666 agere
1728 4565 1948 4661 poleium:

289 4659 341 4733 bia
356 4665 469 4735 cordis
499 4668 612 4739 officio
627 4671 803 4744 destitutas
832 4672 987 4746 inutilem
1019 4682 1094 4750 red·
1143 4682 1314 4752 Christum
1332 4674 1435 4749 filium
1453 4691 1549 4744 tuum
1564 4665 1747 4739 Dominum
1773 4663 1949 4734 nostrum·
1979 4674 2024 4746 95

188 4800 191 4805 ·
288 4761 375 4870 dant·
394 4759 493 4838 velut
508 4762 826 4841 cimbalasonitums
851 4787 908 4842 aut
923 4795 1094 4850 eramenta
1146 4779 1216 4864 Qi
1231 4779 1334 4848 homo
1351 4773 1451 4845 riuus
1475 4766 1568 4858 quod
1595 4764 1704 4834 homo
1730 4757 1947 4848 deliquerats

289 4872 451 4964 tinnitum
465 4903 481 4967 ·.
500 4860 568 4931 Sed
597 4859 688 4935 iilum
705 4864 807 4937 nobis
829 4889 979 4939 amorem
998 4869 1095 4945 suum
1147 4872 1361 4963 amputavit.
1388 4869 1430 4939 Et
1446 4864 1477 4933 in
1492 4861 1624 4932 deitate
1640 4878 1777 4951 paterna
1793 4854 1949 4927 indemu-

289 4945 417 5020 eeleiiis
448 4971 556 5062 pietas
572 4954 733 5052 dignetur
762 4961 941 5035 infundere
963 4967 1021 5055 qui
1040 4986 1097 5041 to-
1147 4969 1262 5041 rabilis
1276 4968 1417 5040 manfit.
1441 4959 1509 5045 Qui
1527 4957 1723 5028 novissimus
1741 4951 1849 5021 Adam
1866 4949 1953 5019 effe·

205 5067 253 5138 45
290 5059 362 5152 tani
393 5047 635 5155 conicientium
664 5050 882 5153 linguamque
906 5062 1096 5151 poffrdeatr
1149 5065 1219 5136 nui
1246 5066 1277 5135 in
1293 5063 1412 5154 spiritu
1427 5057 1624 5130 vivificavit
1651 5073 1736 5142 quos
1755 5049 1865 5118 Adam
1881 5043 1954 5136 pri·

289 5159 347 5248 qui
380 5157 577 5245 orationem
594 5146 809 5238 cogitatione
841 5177 910 5227 non
937 5150 1096 5233 deserat'r
1148 5184 1221 5231 mus
1248 5159 1517 5232 mortificaverat
1543 5148 1758 5220 damnatione
1792 5141 1953 5235 peccati.
1987 5156 2024 5208 10

289 5255 348 5326 ‘11¹¹
363 5231 453 5305 ²¹¹¹¹d
467 5258 564 5326 ‘luam
580 5244 674 5330 quod
686 5244 870 5338 fignificat:
901 5273 970 5320 non
984 5260 1097 5346 requi·
1146 5254 1304 5347 Denique
1328 5257 1362 5322 δέ
1389 5274 1450 5345 per
1471 5244 1699 5322 obedientiam
1729 5258 1852 5311 eterno
1869 5236 1953 5308 Deo

288 5346 372 5402 rat·
405 5331 474 5403 Pro
490 5356 554 5425 qua
572 5337 682 5412 nostra
697 5340 863 5432 proscisso
889 5341 965 5415 talis
981 5367 1095 5422 antes
1145 5373 1209 5421 nos
1226 5346 1483 5424 reconciliavita
1513 5346 1546 5414 dt
1565 5338 1679 5436 patris
1709 5359 1792 5427 quos
1819 5359 1837 5406 a
1866 5356 1957 5406 con·

289 5425 546 5536 Deumfludffi
562 5432 662 5505 fieri-²
687 5434 794 5526 qualis
824 5434 919 5509 inter
941 5438 1097 5519 homines
1145 5445 1257 5519 fortio
1284 5441 1539 5518 beatitudiniss
1573 5434 1792 5530 transgressio
1821 5427 1956 5502 terreni

211 5541 257 5611 50
287 5519 366 5594 vult
384 5524 523 5600 videri.
552 5540 599 5617 Ba.
614 5533 747 5602 Amen.
812 5627 815 5630 .
1146 5562 1343 5616 removerat
1365 5534 1561 5635 genitorisa
1584 5555 1683 5625 atque
1701 5528 1762 5603 illo
1786 5523 1958 5621 singulari

359 5716 362 5721 ⁴
474 5716 482 5733 ἱ
579 5626 827 5700 Λίἰαοναιίο.
1147 5640 1298 5713 remedio
1332 5632 1569 5707 incarnationis
1603 5633 1659 5700 sue
1689 5621 1958 5720 passionisque)
1992 5638 2025 5690 ιε

376 5715 482 5788 Xandi
497 5746 559 5794 nos
576 5725 724 5796 Domine
737 5726 832 5796 Deus
848 5727 970 5801 noller:
986 5733 1021 5803 ie
1038 5732 1101 5805 liu·
1150 5736 1310 5828 sanguine
1342 5735 1537 5804 innovatam
1565 5726 1714 5802 reddidit
1729 5740 1925 5793 creaturam
1944 5747 1955 5787 ε

390 5818 863 5908 mnneiniquitatisoblituss
892 5825 1009 5898 divine
1040 5828 1098 5903 so·
1149 5833 1239 5901 unde
1293 5853 1355 5901 nos
1397 5822 1517 5897 debilis
1555 5823 1702 5896 vetustas
1746 5810 1960 5910 expulerat·

285 5899 350 5979 lius
367 5909 603 5992 misericordie
621 5920 966 6002 recordareAExaudi
978 5926 1100 6022 quesu-
1150 5924 1290 6022 Peiegit
1338 5926 1401 5997 hec
1451 5919 1567 5999 omnia
1621 5911 1815 5992 humiliatus
1840 5912 1958 6081 hiris

1869 6031 1962 6084 omi·
