4450 7209
350 813 461 873 cxxx
782 775 1536 870 PRAEFA'TIO.

328 898 405 997 ‘ud
433 897 660 1021 populum,
692 924 783 988 tum
812 901 1079 1007 communio,
1121 927 1244 1009 quam
1278 925 1389 1006 una,
1432 897 1622 981 &altera
1662 898 1793 984 oratio
1832 904 1966 988 conse·

355 1051 560 1138 quuntur.
601 1031 738 1133 Atque
766 1024 869 1106 hunc
898 1018 1076 1103 ordinem
1107 1047 1196 1132 pars
1228 1018 1407 1102 maxima
1434 1016 1645 1101 Missurum
1675 1019 1792 1130 hujus
1829 1026 1967 1112 Missa·

243 1143 322 1245 289
358 1147 401 1230 lis
432 1147 702 1226 retinuerunt.
735 1148 835 1228 Sunt
863 1142 933 1252 qui
961 1138 1203 1250 suspicantur
1228 1137 1387 1229 Missale
1418 1135 1494 1219 hoc
1518 1134 1567 1220 ad
1594 1139 1810 1224 Ecclesiam
1845 1149 1967 1233 Auti-

356 1261 614 1349 fiodorensem
641 1258 849 1375 spedlasse,
879 1260 973 1370 quia
1001 1255 1121 1340 Missa
1149 1263 1186 1343 S.
1197 1256 1390 1343 Germani
1417 1256 1457 1338 in
1484 1253 1566 1363 ejus
1594 1254 1710 1339 initio
1738 1260 1871 1348 llatim
1903 1296 1968 1354 oc·

233 1370 245 1394 ''
356 1383 508 1466 currit.
548 1378 622 1468 Sed
654 1410 747 1464 cum
782 1408 867 1494 pars
899 1376 1078 1462 maxima
1104 1377 1290 1483 Codicis,
1324 1373 1514 1488 temporis
1548 1373 1722 1489 injuria,
1755 1384 1919 1494 perierit
1952 1446 1969 1497 ,

356 1500 465 1612 quod
493 1529 543 1584 ex
564 1500 737 1614 pluribus
756 1494 991 1586 Sandiorum
1014 1493 1162 1604 Miffis,
1191 1523 1286 1605 quas
1305 1497 1444 1606 utique
1461 1491 1822 1609 compledlebatur,
1852 1505 1970 1591 unica

234 1658 241 1671 ·
357 1620 520 1734 supersit
540 1620 662 1704 Missa
691 1620 848 1732 propria
878 1623 914 1704 S.
926 1615 1143 1723 Germani,
1172 1642 1250 1698 non
1280 1615 1430 1699 evincit
1457 1613 1602 1698 librum
1631 1614 1680 1699 ad
1700 1616 1810 1702 usum
1832 1625 1969 1708 Eccle-

239 1758 324 1838 290
357 1740 417 1824 sia
438 1736 765 1826 Autistodorensrs
791 1735 904 1820 fuisse
933 1733 1227 1846 conscriptum.
1254 1740 1319 1819 De
1348 1755 1527 1845 tempore
1559 1756 1723 1844 autem,
1751 1766 1833 1848 quo
1866 1743 1969 1829 liber

356 1858 594 1971 compositus
623 1857 725 1963 suit,
757 1858 944 1969 opinatur
971 1861 1065 1941 Em.
1082 1854 1348 1962 Thomasrus,
1380 1880 1452 1937 nec
1482 1849 1659 1935 dissentit
1679 1857 1965 1973 Mabillonius,

354 1975 574 2066 Auuorem
594 1975 676 2084 ejus
694 1977 851 2081 vixisse,
878 1971 1106 2087 priusquam
1125 1973 1345 2058 Galliarum
1365 1970 1605 2078 Provinciae,
1631 1999 1655 2054 a
1673 1977 1862 2061 Romano
1880 1988 1969 2066 lm·

351 2098 464 2212 perio
488 2094 653 2199 avulsa,
682 2094 722 2177 in
742 2093 936 2178 ditionem
958 2092 1217 2180 Barbarorum
1246 2093 1532 2198 transiverunt,
1559 2089 1654 2200 quia
1671 2091 1881 2209 inquiunt,
1906 2104 1968 2185 in·

353 2240 417 2299 ter
441 2216 631 2300 solemnes
651 2215 886 2322 Orationes,
912 2240 999 2324 qua
1025 2210 1122 2294 seria
1153 2236 1295 2323 quarta
1323 2210 1482 2322 majoris
1509 2208 1766 2297 hebdomadae
1793 2220 1965 2304 recitan-

349 2357 439 2442 tur,
467 2363 545 2419 una
563 2333 617 2420 est
644 2361 715 2447 pro
733 2340 920 2420 Romano
938 2331 1144 2446 Imperio.
1176 2339 1235 2420 At
1254 2333 1330 2435 hoc
1349 2353 1634 2446 argumentum
1662 2334 1766 2418 mihi
1792 2338 1965 2424 minime

349 2452 568 2553 satisfacit.
602 2458 710 2538 Nam
743 2456 857 2571 plane
884 2473 1051 2568 apparet
1086 2451 1163 2535 hoc
1191 2451 1350 2537 Missale
1377 2450 1567 2563 scriptum
1594 2449 1672 2534 esse
1703 2453 1789 2568 post
1817 2459 1965 2574 Magni

349 2575 536 2687 Gregorii
555 2573 860 2661 Pontificatum.
890 2571 1044 2660 Deinde
1064 2571 1262 2655 orationes
1281 2571 1355 2658 illa
1384 2570 1596 2685 solemnes,
1623 2598 1710 2681 qua
1729 2575 1828 2663 seria
1845 2607 1964 2690 quar·

351 2713 418 2799 ta,
445 2693 485 2778 in
514 2694 589 2778 hoc
610 2693 788 2796 Missali,
820 2694 1041 2796 habentur,
1070 2689 1111 2774 in
1139 2692 1328 2776 omnibus
1354 2691 1679 2780 sacramentariis
1706 2698 1962 2814 Gregorianis

350 2834 421 2894 aut
442 2812 538 2897 seria
560 2839 724 2925 quarta,
745 2834 827 2931 gut
848 2813 945 2899 seria
966 2812 1074 2897 serta
1103 2810 1263 2920 majoris
1290 2810 1545 2895 hebdomada
1565 2810 1772 2899 recitanda
1799 2842 1963 2930 extant,

348 2956 430 3039 quo
459 2933 545 3016 loco
575 2934 699 3018 etiam
728 2958 869 3020 extant
905 2933 946 3018 in
975 2929 1129 3017 Missali
1158 2936 1196 3017 S.
1216 2930 1276 3016 Pii
1296 2937 1348 3016 V.
1380 2929 1498 3019 Unde
1524 2956 1688 3043 apparet
1714 2963 1778 3019 eas
1803 2940 1962 3024 elibris

347 3049 539 3165 Liturgiae
559 3057 752 3137 Romana
779 3055 820 3137 in
847 3052 924 3136 hoc
955 3047 1116 3135 Missale
1143 3052 1348 3135 translatas
1377 3050 1529 3157 fuisse,
1558 3053 1598 3134 8(
1627 3052 1791 3162 quidem
1821 3061 1962 3144 verba·

350 3169 453 3278 tim,
480 3199 554 3255 nec
581 3173 704 3257 exiis
731 3195 923 3287 tempus,
953 3197 1034 3280 quo
1062 3166 1160 3252 liber
1183 3168 1247 3252 hic
1274 3170 1513 3283 compositus
1533 3169 1612 3277 est,
1640 3171 1801 3259 indicari
1828 3178 1971 3292 posse.'

349 3293 411 3374 Ea
440 3317 535 3374 vero
560 3291 719 3398 oratio,
751 3320 872 3403 quam
901 3290 941 3374 in
969 3310 1250 3402 argumentum
1283 3287 1514 3397 adducunt,
1547 3289 1587 3371 in
1606 3296 1858 3407 Gregorianis
1878 3305 1960 3383 Co·

349 3405 498 3492 dicibus
516 3409 758 3520 Rhemensi,
790 3415 829 3496 &
848 3407 1041 3516 Ratoldi,
1073 3411 1111 3492 8(
1131 3406 1171 3489 in
1190 3407 1395 3494 Gelasiano
1413 3409 1608 3496 Thomasi
1627 3413 1750 3498 habet
1772 3446 1781 3498 :
1804 3411 1901 3529 Res
1892 3411 1956 3531 pi·

348 3555 393 3611 ce
417 3524 472 3613 ars
489 3536 764 3615 Romanorum
784 3522 883 3640 sive
900 3533 1153 3613 Francorum
1181 3517 1377 3642 benignus
1394 3525 1639 3643 Imperium,
1667 3536 1706 3617 8<
1740 3533 1780 3618 in
1807 3533 1957 3620 Codice

345 3646 625 3733 Ottoboniano
643 3642 799 3761 respice
824 3642 878 3733 ud
896 3636 1178 3763 Christianum
1196 3635 1392 3760 benignus
1410 3643 1629 3762 Imperium
1649 3714 1662 3760 ,
1694 3656 1732 3737 8<
1760 3653 1856 3737 ordo
1877 3661 1959 3741 Ro·

343 3791 485 3849 manus
508 3764 683 3850 uetustus
701 3760 755 3854 (φ
778 3757 915 3881 polleo
945 3758 1052 3850 dicit
1067 3781 1144 3876 pro
1161 3770 1275 3878 Rege
1295 3771 1545 3854 Francorum
1560 3761 1660 3877 sive
1682 3789 1760 3884 pro
1778 3777 1957 3887 Impera·

339 3902 461 3970 mre.
493 3892 630 4002 Quare
647 3915 739 3971 cum
761 3883 857 3971 illud
875 3891 1101 3970 Romanum
1120 3878 1365 3996 Imperium,
1394 3914 1473 3971 non
1492 3886 1599 3970 aliud
1619 3888 1810 4002 significet
1828 3920 1956 4003 quam

229 4030 232 4037 ·
340 4005 596 4092 Francorum·
610 3999 829 4122 Imperium
856 4004 988 4090 Caroli
1015 4001 1159 4115 Magni
1191 4004 1452 4116 &nepotum
1485 4005 1600 4115 ejus,
1632 4008 1827 4118 conjicere
1859 4013 1955 4097 licet

220 4137 299 4222 291
336 4121 440 4208 hunc
460 4126 605 4209 librum
627 4151 787 4211 aetatem
807 4124 942 4209 Caroli
960 4120 1076 4206 Calvi
1097 4148 1175 4203 non
1201 4119 1403 4232 superare.
1422 4125 1779 4212 Praestantissimum
1802 4131 1957 4218 Millale

334 4242 531 4327 Gallicani
549 4244 670 4352 ritus,
687 4240 877 4327 haelenus
904 4238 1090 4346 editum,
1124 4235 1219 4322 illud
1235 4239 1470 4327 censendum
1498 4244 1584 4354 est,
1616 4246 1721 4356 quod
1743 4253 1956 4336 Em.Tho·

334 4361 478 4444 massus
505 4356 672 4476 Miffale
699 4356 913 4446 Gothicum
933 4356 1147 4470 inscripsit,
1175 4384 1253 4440 non
1273 4359 1350 4442 alia
1367 4359 1416 4444 de
1438 4364 1582 4473 causa,
1610 4393 1734 4474 quam
1760 4369 1877 4479 quia,
1897 4399 1959 4456 re·

335 4481 504 4565 centiori
523 4509 667 4590 manu,
699 4480 804 4564 hunc
832 4479 995 4562 titulum
1014 4474 1152 4562 Codici
1179 4477 1334 4569 vetusto
1353 4479 1584 4596 inscriptum
1603 4486 1838 4573 invenerat.
1871 4494 1956 4576 Ne·

333 4626 413 4710 que
441 4600 699 4686 Mabillonius
731 4602 837 4684 hunc
864 4598 1054 4704 titulum,
1085 4596 1126 4678 in
1153 4592 1326 4681 editione
1353 4602 1583 4712 Parisrensi,
1611 4604 1850 4692 mutandum
1879 4639 1954 4725 pu·

330 4719 436 4804 tavit
456 4782 465 4805 .
494 4720 631 4807 Ambo
657 4744 792 4805 tamen
811 4719 1012 4824 fatentur,
1045 4708 1184 4826 (quod
1205 4737 1322 4799 antea
1342 4725 1547 4807 EmBona
1566 4716 1627 4835 (a)
1647 4724 1891 4840 monuerat)
1910 4730 1957 4816 li·

330 4837 448 4922 brum
476 4840 580 4924 hunc
599 4839 647 4923 ad
668 4840 885 4927 Ecclesiam
903 4834 1354 4947 aliquanpfiallicanam
1377 4841 1474 4923 olim
1496 4843 1750 4952 pertinuisse.
1782 4852 1838 4932 Et
1862 4855 1957 4935 Ma·

210 4973 289 5054 292
327 4955 509 5040 billonius
535 4958 699 5067 quidem
725 4960 801 5042 hoc
821 4957 974 5042 Missale
1003 4955 1043 5038 in
1062 4949 1132 5035 usu
1158 4952 1265 5037 fuisse
1292 4958 1450 5068 putavit
1476 4956 1587 5072 apud
1605 4955 1769 5072 Gallos,
1800 4962 1954 5057 Gotho·

328 5104 416 5159 rum
427 5073 603 5188 Imperio
620 5068 902 5188 subjedorsd).
921 5077 986 5163 Ab
1006 5070 1146 5156 eadem
1168 5072 1352 5184 opinione
1371 5077 1519 5161 alienus
1538 5108 1617 5164 non
1635 5106 1719 5165 erat
1739 5089 1952 5173 Em.Tho·

324 5194 466 5277 massus
486 5188 565 5306 (c),
585 5222 756 5303 eamque
774 5202 817 5279 P.
826 5202 883 5279 Le
902 5203 1008 5282 Brun
1026 5190 1234 5304 amplexus
1251 5188 1404 5306 est(d).
1425 5192 1603 5309 Merito,
1622 5201 1778 5312 inquit,
1798 5194 1953 5296 Gotho.

323 5307 579 5399 Gallicanum
608 5312 761 5397 Missale
793 5313 869 5396 hoc
901 5340 924 5396 a
953 5309 1192 5397 Mabillonio
1219 5339 1490 5428 nuncupatum
1520 5314 1605 5424 est,
1630 5315 1729 5432 quia
1754 5318 1952 5434 usurarum

205 5453 256 5533 29
262 5456 283 5539 3
308 5426 405 5545 fuir
420 5427 464 5519 in
483 5426 622 5518 Gallia
642 5425 894 5541 Nurboneufi
905 5495 918 5537 ,
948 5460 1034 5542 qua
1053 5427 1199 5514 Gothis
1211 5425 1412 5549 parebat,
1443 5463 1516 5549 ego
1535 5437 1688 5521 Missale
1716 5442 1793 5525 hoc
1813 5447 1951 5531 Gallo·

326 5553 551 5640 Gothicum
582 5551 772 5667 appello,
804 5551 876 5636 etsi
904 5550 1008 5635 mihi
1034 5547 1259 5664 persuasum
1287 5552 1334 5636 fit
1363 5554 1492 5665 illud,
1523 5582 1602 5641 non
1634 5556 1675 5642 in
1701 5561 1831 5647 Gallia
1864 5572 1950 5650 Go-

1813 5683 1952 5802 thica,

363 5891 422 5974 (a)
447 5887 567 5953 Rerum
580 5885 793 5975 liturg.lib.1.
808 5905 912 5972 capa.
926 5883 1036 5951 secam.
1169 5888 1292 5969 dicr’bur
1308 5892 1586 5960 sacramentum»
1600 5892 1784 5978 premissa.

364 5979 423 6058 (b)
446 5977 497 6038 De
513 5977 639 6065 Liturg.
655 5976 776 6044 Gallie.
792 5975 886 6058 lib.3.
899 5996 1058 6063 pagan.
1211 5983 1269 6071 (d)
1294 5982 1396 6079 Expl,
1414 5983 1502 6079 Mill.
1520 5977 1599 6080 Tg·
1614 5983 1723 6066 disslr.
1736 6001 1819 6056 am.
1828 6009 1950 6078 P·²33·.

362 6068 417 6157 (c)
439 6065 478 6130 ln
492 6071 684 6156 prelatione
704 6067 845 6136 editioni
867 6069 1023 6166 Romana
1037 6069 1095 6152 er
1466 6074 1489 6082 ’
1699 6073 1710 6081 “
