4450 7209
281 676 289 692 ’
421 756 468 847 32
742 768 745 773 ·
858 732 1656 817 rnnaraasnonsur

401 844 687 931 ,Dominusdixit
700 844 809 923 adme
826 841 915 916 lilius
928 860 1070 913 meuses
1085 858 1233 932 tusego
1280 835 1426 909 ceenim
1438 832 1640 934 evangelizo
1654 832 1756 911 robis
1773 836 1956 935 gaudiuma
1985 842 2082 937 quod
2118 878 2159 950 55

421 948 528 1025 hodie
554 947 658 1047 genui
675 969 736 1021 te·
764 939 813 1032 sl.
828 943 914 1016 Pete
940 963 959 1012 a
982 957 1059 1009 mea
1087 939 1124 1009 δι
1140 934 1233 1007 dabo
1283 929 1350 1005 erit
1365 933 1459 1009 omni
1485 929 1644 1030 populos
1672 935 1763 1027 Qia
1789 958 1889 1013 natus
1920 941 1969 1013 est
1985 939 2081 1014 vobis

419 1048 486 1119 tibi
500 1032 623 1144 gentes
645 1039 871 1117 hereditatem
889 1057 981 1111 tuam
995 1039 1031 1107 bt
1053 1032 1233 1135 possessio·
1279 1032 1384 1105 hodie
1398 1030 1586 1106 Salvators
1608 1031 1666 1124 qui
1692 1036 1740 1105 eli
1753 1035 1905 1109 Christus
1918 1038 2088 1113 Dumium

420 1170 499 1217 nem
513 1164 607 1217 tuam
632 1139 932 1215 terminosterre.
954 1144 1000 1203 P.
1016 1134 1122 1233 Ego.
1280 1129 1318 1203 in
1339 1128 1485 1203 civitate
1496 1128 1640 1203 David:
1666 1130 1704 1203 δι
1732 1133 1910 1207 bocvobis
1926 1136 2088 1233 sgnum.

366 1262 385 1336 5
469 1236 698 1315 uicaruresb.
710 1234 892 1311 Silentium
905 1229 1009 1306 facite
1022 1278 1037 1305 0
1280 1227 1468 1301 Invenietis
1482 1227 1647 1300 infantem
1669 1226 1703 1299 iu
1728 1230 1847 1325 pannis
1862 1232 2086 1309 involutums

352 1364 357 1373 ·
377 1374 382 1385 ·
799 1347 802 1354 ·
1279 1326 1315 1397 δι
1328 1327 1478 1419 positum
1493 1326 1528 1400 in
1543 1324 1726 1419 presepio·
1751 1327 1918 1402 Etsnbito
1934 1328 2022 1405 sassa
2037 1334 2088 1406 est
2116 1351 2159 1417 60

463 1436 673 1531 Principium
689 1426 821 1531 epistole
834 1423 941 1504 Pauli
954 1422 1088 1525 apastoli
1102 1427 1148 1497 ad
1160 1433 1228 1493 He·
1273 1445 1351 1495 cum
1374 1421 1500 1521 angelo
1514 1420 1704 1499 multitudo
1718 1423 1837 1500 militie
1867 1424 1996 1501 celestis
2013 1427 2088 1503 lau·

415 1532 539 1605 breox.
567 1544 616 1623 132.
624 1531 705 1603 Deo
724 1527 881 1627 gratias.
1118 1526 1224 1617 cap-s.
1273 1522 1429 1593 dantium
1441 1521 1552 1598 &um
1564 1521 1600 1591 &
1612 1519 1820 1597 dicentium·
1839 1523 1959 1597 Gloria
1974 1523 2008 1596 in
2023 1524 2076 1601 al.

460 1656 463 1669 ·
504 1632 656 1704 Ratres·
688 1622 880 1701 Multisarie
903 1618 1083 1715 multisque
1106 1617 1223 1693 modis
1277 1619 1506 1694 'tisssmisDeos
1520 1621 1557 1692 da
1572 1616 1607 1690 iu
1623 1634 1714 1692 terra
1730 1623 2005 1714 pathominibus
2019 1628 2090 1700 bo·

341 1746 385 1801 ιο
416 1632 485 1815 F
513 1724 595 1801 olim
609 1728 703 1798 Deus
716 1720 850 1796 locutus
867 1723 914 1794 est
928 1722 1082 1815 patribus
1096 1715 1219 1793 nollris
1269 1740 1312 1795 ue
1328 1718 1519 1793 voluntatis
1542 1714 1803 1797 adesaciumesl
1816 1741 1854 1795 nt
1867 1718 2093 1797 discesserunt

353 1869 355 1880 ι
414 1825 449 1897 in
477 1823 689 1919 Prophetis.
710 1819 910 1893 Noviffimis
935 1819 1056 1892 diebus
1079 1815 1219 1893 locutus
1267 1816 1310 1889 ab
1321 1814 1385 1890 illis
1395 1815 1509 1913 angeli
1523 1811 1840 1913 incasura-pastores
1854 1817 2083 1911 loquebantur
2115 1836 2156 1923 65

412 1920 462 1993 est
476 1921 571 1993 nobis
584 1919 620 1991 in
635 1916 711 1993 filio
726 1917 814 1991 suoa
835 1940 936 2011 quem
964 1916 1140 1992 'constituit
1157 1912 1220 1981 he·
1271 1914 1478 1990 adinvicem
1495 1919 1676 1991 dicentes·
1690 1918 1908 1991 Transeamus
1925 1914 2080 2009 usquein

414 2019 532 2093 redcm
545 2016 781 2091 universorum
799 2062 811 2085 .
840 2019 907 2091 Per
921 2034 1023 2109 quem
1049 2012 1133 2091 fecit
1156 2011 1222 2079 bec
1271 2009 1472 2093 Bethleem
1499 2017 1535 2089 δι
1552 2010 1725 2086 videamus
1742 2017 1811 2091 hoc
1827 2013 1972 2089 verbum
1985 2018 2084 2110 quod

413 2113 553 2187 secula.
571 2112 642 2207 Ql
660 2136 738 2187 cum
750 2114 792 2186 sit
806 2110 952 2207 plendor
967 2111 1106 2211 glorier
1127 2113 1163 2182 δι
1176 2107 1219 2178 fi·
1271 2111 1394 2187 Mum
1414 2113 1461 2184 eli
1474 2138 1484 2181 a
1497 2110 1590 2207 quod
1604 2108 1771 2187 Dominus
1787 2110 1938 2187 ostendit
1950 2111 2053 2185 nobis
2069 2161 2082 2184 .

341 2238 383 2310 ις
417 2234 501 2310 gura
530 2211 710 2286 substantie
747 2214 847 2295 ejus:
877 2209 1081 2305 portansque
1106 2205 1226 2283 omnia
1275 2210 1316 2281 Et
1344 2226 1514 2282 venerunt
1544 2206 1766 2283 festinantera
1794 2214 1831 2283 ἃ
1865 2211 2082 2283 invenerunt

351 2348 356 2355 ·
417 2310 530 2382 verbo
541 2306 686 2383 virtutis
700 2305 776 2378 sues
801 2309 1044 2405 purgationem
1061 2323 1225 2401 peccato·
1273 2304 1418 2381 Mariam
1442 2305 1616 2400 &loseph
1643 2308 1677 2377 δι
1699 2306 1868 2383 infantem
1883 2304 2084 2399 positumiu
2111 2340 2153 2414 70

415 2428 492 2479 rum
509 2406 662 2481 faciens:
694 2402 791 2477 sedet
819 2406 1055 2479 addesteram
1071 2402 1225 2488 majesta·
1273 2402 1636 2501 presepio.Videntes
1651 2422 1766 2478 autern
1779 2407 2082 2503 cognoveranrde

418 2500 465 2576 tis
480 2502 513 2575 in
529 2501 694 2578 excelsa·
717 2502 831 2577 Tanto
845 2503 965 2577 melior
991 2526 1033 2575 an
1061 2499 1122 2572 elis
1138 2498 1224 2572 effe·
1274 2502 1388 2574 verbo
1401 2502 1634 2592 quoddidum
1648 2522 1723 2575 erat
1733 2502 1796 2575 illis
1813 2506 1857 2573 de
1875 2524 1984 2594 puero
1997 2502 2081 2579 hoca

383 2665 388 2674 .
413 2599 515 2673 musa
539 2619 670 2697 quanto
685 2598 898 2689 differentius
926 2624 987 2695 pre
1013 2526 1224 2671 illisnomen
1272 2601 1307 2673 dt
1322 2600 1510 2695 omnesqui
1528 2597 1709 2673 audierunt
1734 2601 1847 2675 mirati
1866 2597 1942 2669 sunt
1966 2600 2010 2670 de
2025 2602 2081 2673 his

336 2720 385 2774 so
417 2696 653 2773 hereditavit·
676 2694 744 2767 Cui
760 2697 850 2771 enim
864 2695 954 2771 dixit
970 2692 1223 2790 aliquandoan·
1271 2718 1339 2790 que
1351 2695 1442 2769 uiua
1456 2714 1553 2770 erant
1566 2720 1584 2767 a
1598 2694 1780 2791 pastoribus
1795 2700 1839 2769 ad
1856 2694 1972 2790 ipsos.
2001 2697 2083 2771 Ma·

418 2789 603 2891 gelorum.
632 2790 735 2867 Filius
762 2816 858 2866 meus
884 2816 922 2865 es
937 2814 1003 2868 tua
1031 2816 1103 2889 ego
1118 2790 1224 2867 hodie
1272 2792 1323 2867 ria
1340 2809 1454 2868 autem
1468 2791 1698 2868 conservabat
1725 2796 1839 2869 omnia
1856 2794 1965 2864 verba
1989 2794 2082 2866 beer
2110 2826 2151 2903 75

418 2891 522 2987 genui
535 2896 596 2965 te?
613 2887 871 2985 Etrursusaego
886 2912 951 2971 ero
967 2888 1015 2963 illi
1029 2889 1063 2961 in
1079 2904 1224 2983 patrema
1270 2889 1453 2963 conserens
1477 2891 1513 2964 in
1536 2892 1640 2962 corde
1667 2889 1754 2967 suo·
1776 2892 1818 2965 Et
1849 2890 1977 2963 reversi
2000 2890 2081 2969 sunt

417 2994 452 3061 ἃ
469 2988 540 3081 ipse
552 2987 633 3064 mibi
646 2982 714 3058 erit
729 2988 762 3059 in
788 2987 920 3063 filium·
950 2990 1083 3061 Etcum
1099 2984 1223 3061 iterum
1271 2986 1422 3098 pallores
1446 2986 1682 3083 glorificantes
1705 2991 1744 3061 sa
1769 2984 1946 3063 laudantes
1961 2988 2080 3065 Qum

416 3082 609 3161 introducit
623 3081 899 3181 primogenitum
927 3084 961 3157 in
983 3082 1105 3156 orbem
1127 3100 1222 3156 terre
1272 3084 1471 3157 inomnibus
1498 3103 1564 3177 que
1578 3084 1809 3158 audierant&
1823 3084 2007 3162 siderants
2033 3086 2082 3158 si·

336 3192 382 3273 25
416 3181 537 3255 dicit.
575 3182 618 3253 Et
658 3182 808 3255 adorent
835 3204 911 3258 eum
946 3202 1066 3255 omnes
1094 3176 1224 3277 Angeli
1269 3176 1697 3256 enrdiuumestadillos.

356 3309 364 3323 ,
415 3275 576 3352 Dei-‘Et
593 3278 632 3351 ad
648 3277 787 3373 angelos
806 3278 947 3371 quidem
961 3276 1224 3367 sicianfa·
1320 3288 1370 3371 ξι.
1383 3281 1511 3350 Amen.
2109 3288 2150 3359 80

413 3376 463 3451 ait
483 3372 624 3469 angelos
639 3372 715 3448 suos
732 3372 868 3468 spiritus
884 3402 894 3443 a
911 3378 947 3447 δι
960 3374 1125 3447 ministros
1140 3372 1219 3446 suos
1331 3374 1445 3443 Lauda
1465 3420 1476 3444 .
1502 3370 1652 3461 Alleluia
1671 3419 1683 3443 ·
1711 3368 1759 3463 rs·
1783 3376 2076 3470 Redemptiontm

415 3472 583 3551 flammam
605 3470 723 3564 ignis.
752 3470 807 3541 Ad
827 3464 932 3545 filium
946 3488 1084 3544 autem.
1106 3469 1221 3542 Thro·
1268 3468 1356 3543 mifit
1370 3468 1538 3545 Dominus
1569 3469 1702 3567 populo
1726 3469 1814 3551 suo:
1846 3476 2024 3549 mandarit
2040 3476 2075 3549 in

415 3588 477 3637 nus
495 3586 607 3640 autem
636 3582 713 3636 tuus
730 3564 825 3637 Deus
852 3567 886 3638 in
908 3566 1054 3641 seculum
1083 3562 1213 3637 seculi.
1265 3586 1426 3640 eternum
1448 3572 1684 3645 testamentum
1710 3567 1830 3645 sunnis
1855 3572 2008 3648 fatuum
2033 3579 2071 3647 dl

335 3683 383 3755 30
413 3662 524 3756 Virga
540 3660 701 3754 equitatis
717 3663 817 3758 virga
845 3664 943 3761 regni
957 3662 1006 3735 tui
1024 3710 1034 3732 .
1057 3659 1212 3734 Dilexisti
1262 3660 1418 3735 terribile
1436 3689 1560 3740 nomen
1577 3672 1675 3751 eius.
1700 3674 1746 3739 P.
1762 3667 1934 3753 Alleluia.

355 3802 359 3813 ·
412 3757 626 3844 iusticiam&
643 3758 740 3831 odini
757 3758 996 3852 iniquitatema
1024 3776 1212 3855 propterea
1307 3761 1408 3831 Dicae
1422 3763 1734 3849 PressAdiuvate
1758 3791 1815 3843 me
1845 3763 2076 3844 fratreaino·
2108 3770 2147 3858 85

414 3854 513 3928 unxit
525 3872 560 3927 te
574 3856 669 3926 Deus
681 3883 691 3925 a
705 3859 799 3931 Deus
815 3874 893 3932 tuus
908 3858 943 3931 in
956 3875 1112 3931 eternum
1128 3853 1213 3930 oleo
1261 3856 1453 3932 rationibus
1469 3861 1589 3935 vestris
1605 3906 1618 3931 .

412 3948 527 4027 leticie
555 3974 617 4047 pre
651 3950 872 4049 participibus
909 3954 1015 4028 tuis.
1042 3956 1149 4027 Etru
1177 3953 1214 4025 iu

413 4048 585 4142 principio
598 4050 745 4127 Domine
761 4069 887 4127 terram
901 4051 1215 4143 fundaniuopera
1557 4051 1788 4139 sacristiam

286 4150 291 4159 '
335 4164 380 4241 35
413 4166 544 4219 manum
562 4163 694 4220 tuarum
721 4146 798 4219 sunt
826 4146 917 4221 celi.
943 4147 1003 4240 ipss
1033 4146 1215 4243 peribunta

413 4243 848 4412 stillilmutlsslslli
861 4246 1039 4411 &nillil
1053 4244 1217 4412 lib?
1355 4242 1507 4415 pap,
1526 4249 1800 4421 „graffiis
1814 4254 1887 4424 ‘11⁸‘
1908 4248 2075 4369 ·⁶¹⁵·¹¹⁸⁶²'
2102 4277 2145 4347 ⁹⁰

414 4432 558 4505 mutabis
587 4456 672 4507 eosa
699 4364 992 4509 unanimus.
1020 4436 1072 4509 Tu
1096 4363 1213 4509 aurelii
1265 4444 1339 4522 ejus
1369 4366 1472 4535 sitiit
1494 4367 1660 4519 ‘lissima
1689 4371 2076 4535 eludiellllerlunr‘ca'pillii
2187 4393 2188 4398 =

413 4530 504 4602 idem
529 4529 603 4627 ipse
624 4552 687 4604 esa
710 4532 747 4602 sc
776 4532 852 4604 anni
868 4531 1003 4607 tuinon
1031 4530 1216 4609 deficient.
1263 4532 1361 4621 lula.

331 4650 382 4727 40
415 4628 617 4726 &spondeat
631 4630 776 4703 chorus.
799 4634 936 4708 Amen.
1051 4666 1053 4671 ·
1115 4686 1121 4695 .

552 4823 560 4842 ⁸
700 4824 710 4844 ,
894 4824 916 4845 ..
1613 4728 1735 4827 salla.
1789 4766 1794 4802 ³
2097 4759 2140 4831 ss

467 4820 579 4893 zeum
598 4820 707 4911 sinist
736 4823 913 4920 saurgan:
939 4823 1122 4914 litandum
1148 4831 1216 4895 ztr-
2068 4898 2078 4905 .

412 4940 515 4987 rum.
602 4990 607 5003 ,
1092 4928 1217 5018 (εμπ.
1265 4922 1424 5109 Ecce
1448 4945 1537 4997 nnnc
1563 4944 1700 5025 tempus
1728 4928 1965 5025 acceptabile:
1988 4954 2069 5009 ecce

485 5010 607 5085 Auum
622 5014 791 5087 estautem
805 5038 880 5092 eum
892 5014 997 5091 esent
1013 5016 1077 5090 ibis
1091 5018 1215 5113 imple·
1366 5043 1454 5092 nunc
1480 5022 1554 5094 dies
1584 5023 1723 5100 salutisa
1750 5025 1811 5099 lux
1838 5049 1966 5105 arerra
1985 5055 2066 5124 pro·

328 5130 377 5206 45
509 5104 538 5179 ti
553 5103 628 5178 sunt
643 5108 715 5180 dies
730 5130 767 5182 ut
783 5133 946 5206 parereta
972 5116 1157 5209 &peperit
1171 5115 1213 5188 fi·
1261 5125 1352 5188 dista
1376 5140 1580 5202 exeamusa
1609 5122 1789 5198 tenebris.
1821 5126 2074 5201 advocaruse
2182 5163 2183 5212 r

410 5200 492 5276 liurn
517 5196 610 5314 suum
635 5203 934 5301 primogeniturae
956 5211 1212 5303 &panniacum
1259 5210 1339 5289 celo
1354 5213 1657 5311 descenditsquod
1671 5238 1814 5314 oportet
1823 5247 1960 5318 agamus
1972 5270 1984 5294 .
1998 5228 2069 5298 Re·
2098 5229 2158 5297 ios

407 5296 572 5375 involvit·
589 5300 624 5372 δι
659 5298 837 5375 reclinavit
866 5325 943 5376 eum
970 5304 1002 5375 in
1028 5306 1213 5400 preseproa
1266 5310 1428 5403 demptor
1459 5313 1573 5387 mundi
1600 5316 1783 5415 apparuit:
1811 5344 1879 5412 pro
1906 5318 2068 5395 libertate

409 5397 488 5491 quia
513 5418 583 5469 non
598 5414 673 5469 erat
691 5396 736 5469 ibi
753 5388 846 5471 locus
877 5398 910 5472 in
927 5398 1151 5476 diversorio.
1172 5402 1214 5476 lit
1262 5404 1475 5482 clamemusa
1511 5416 1609 5485 venit
1640 5416 1683 5488 ad
1713 5425 1862 5511 egrotos
1893 5419 2069 5491 medicus:
2180 5437 2181 5474 ἐ

409 5494 560 5660 pastores
584 5512 682 5567 erant
701 5494 736 5607 in
755 5500 933 5609 regionem¹
961 5499 1103 5611 eandem
1121 5499 1214 5669 vigi·
1263 5499 1405 5580 vulnera
1430 5510 1663 5603 proferamus·
1690 5514 1792 5586 Panis
1809 5513 2066 5588 vivnseredeu·

332 5608 378 5683 50
423 5591 809 5667 antesucnstodrentes
837 5592 1125 5692 vigiliasnoslrsa
1174 5620 1214 5667 u·
1261 5599 1547 5678 tibusdatusests
1573 5608 1866 5685 huncsumamus.
1891 5612 1985 5689 Fons
2006 5635 2068 5706 pe·

410 5710 474 5780 per
487 5708 629 5785 gregem
650 5684 767 5763 suurn.
788 5690 830 5763 Er
845 5712 922 5766 ecee
937 5690 1078 5788 angelus
1089 5691 1213 5767 Domi·
1258 5699 1537 5774 rennisfidelibus
1566 5722 1665 5778 ortus
1681 5706 1752 5777 esta
1782 5707 1906 5781 animas
1924 5708 2067 5805 implea-
2095 5718 2153 5791 105

407 5784 442 5856 ni
458 5784 547 5896 stetit
565 5790 662 5867 justa
677 5783 754 5861 illos
768 5814 778 5856 a
792 5788 828 5859 ἃ
840 5784 975 5861 claritas
987 5790 1051 5862 Dei
1066 5792 1213 5865 circum·
1261 5816 1334 5865 mus
1351 5840 1362 5864 .
1381 5800 1491 5880 Cujus
1503 5798 1735 5876 misericordia
1749 5804 1881 5877 virtute
1905 5808 1943 5879 ἃ
1956 5804 2064 5907 gratis

408 5876 681 5957 sulfitrllosa&
711 5882 898 5961 timuerunt
911 5884 1038 5960 timore
1056 5906 1213 5983 magno.
1262 5886 1297 5959 in
1324 5888 1388 5966 illo
1417 5896 1497 5967 fidei
1521 5900 1675 5988 proceffu
1705 5901 1833 5985 iusticie
1861 5899 1955 5975 cultu
1983 5926 2066 5974 con·

406 5974 451 6050 Ea
462 5976 550 6049 dixit
564 5970 631 6049 illis
647 5978 816 6077 angelus.
842 5980 965 6057 Nolite
980 5982 1205 6067 timereAEc·
1262 5986 1415 6084 selbonis
1439 5997 1551 6091 gradu
1568 5994 1730 6073 :auitam
1756 5996 1911 6075 affcflua
1947 6000 2063 6075 stares
2176 6031 2177 6036 ¹

450 6104 453 6113 ·
2003 6114 2063 6167 uos
