4450 7209
316 997 435 1091 Emo
463 989 558 1110 est,
589 993 673 1128 qui
708 1019 925 1091 revocate
962 993 1015 1088 in'
1052 982 1255 1093 dubium
1279 985 1447 1134 potiit,
1486 994 1750 1134 plurimum
1926 1074 1928 1079 -
1995 1040 2000 1069 1

337 1171 393 1235 ex
424 1139 624 1274 antiquis
655 1138 903 1268 liturgicis
941 1133 1193 1235 Codicibus
1225 1135 1284 1232 ad
1322 1135 1611 1261 diluendos,
1643 1178 1756 1286 pro·

138 1278 465 1423 fligandosque
496 1277 883 1380 Acatholicorum
920 1314 1125 1397 errores,
1156 1284 1209 1375 in
1243 1276 1452 1377 Ecclesrae
1485 1280 1752 1422 ptaestdiunt

139 1428 272 1532 fuiffc
312 1430 609 1528 derivatum.
642 1430 742 1523 Hos
777 1429 897 1522 inter
929 1424 1131 1521 Codices
1164 1419 1496 1521 recensendum
1529 1428 1650 1528 certi
1684 1434 1749 1533 est

138 1576 319 1710 Mtffirle
341 1579 551 1670 Mixtusn
572 1569 809 1704 secundum
842 1575 1030 1705 regulam
1061 1574 1191 1664 Beati
1220 1565 1366 1695 lfidorr‘
1397 1566 1564 1669 ditium
1589 1587 1756 1702 Moza-

137 1720 312 1840 raber‚
365 1757 391 1817 e
426 1717 623 1816 tenebris
658 1791 675 1836 ‚
726 1722 778 1814 in
820 1717 983 1855 quibus
1010 1714 1236 1846 jacebat,
1284 1709 1611 1813 adoeriffirno
1645 1726 1750 1819 vito

136 1879 185 1972 P.
214 1862 485 1966 Alexandro
520 1863 682 1961 Lesleo
720 1863 887 1960 Societ.
913 1856 1017 1987 Jesu
1052 1855 1320 1993 Presbytero
1362 1861 1414 1956 in
1451 1858 1607 1990 lucem
1657 1864 1755 1962 edi..

136 2043 283 2130 tum,
322 2045 378 2107 ac
404 2001 706 2123 duiliffimis‚
741 1997 1137 2149 eruditillrmisque
1168 2006 1290 2101 notis
1321 2076 1339 2125 ,
1379 2016 1426 2103 δι
1454 1999 1759 2137 ¹differtiffima

133 2151 406 2257 Praefrtione
436 2153 716 2272 illustratum
751 2225 770 2273 ‚
818 2156 1003 2292 inquo
1034 2188 1135 2253 non
1166 2148 1312 2250 murlo
1346 2153 1509 2277 veteris
1543 2149 1754 2255 Ecclefiae

133 2302 352 2431 Majestas
383 2303 435 2396 in
470 2306 607 2399 Sacra
637 2301 850 2431 Liturgia
885 2300 1036 2400 elucet
1070 2375 1088 2421 ‚
1122 2315 1169 2401 &
1204 2294 1616 2429 He'tetfudoxorum
1651 2336 1754 2401 atn-

132 2445 288 2568 bitio.,
322 2463 369 2548 &
403 2478 576 2545 errores
612 2446 952 2571 retunduntur,
988 2482 1151 2551 verum
1184 2448 1326 2543 etiarn
1355 2442 1561 2583 plutima
1592 2444 1650 2542 ad
1671 2450 1753 2543 Sa-

133 2624 265 2690 cram
296 2592 554 2692 Historiam
590 2586 873 2732 speeirntia,
902 2591 1005 2695 saris
1029 2588 1237 2697 dilucide
1267 2588 1588 2701 illustrantur.
1625 2597 1754 2690 Cum

131 2744 326 2875 itaque,
360 2764 411 2834 ut
441 2726 836 2841 Reverendissitno
866 2737 988 2832 Patri
1021 2732 1148 2829 Sacri
1178 2729 1342 2829 Palatii
1359 2734 1622 2873 Apostolici
1641 2741 1753 2835 Ma-

133 2881 278 3017 gistro
323 2886 392 2979 Fr.
424 2878 622 3024 Josepho
661 2881 928 3015 Augustino
962 2871 1066 2976 Otsr
1110 2873 1532 3017 obtemperarem,
1576 2881 1749 2988 librum

134 3020 305 3124 attenti
335 3024 651 3166 perlegerim,
688 3025 810 3128 nihil
841 3031 891 3124 in
930 3061 987 3121 eo
1024 3010 1364 3140 animadverti,
1399 3021 1527 3162 quod
1560 3036 1754 3125 autOt·

133 3166 347 3268 thodoxae
379 3166 656 3299 Religioni,
689 3196 769 3267 aut
800 3202 987 3271 motum
1020 3164 1243 3267 sanititati
1269 3237 1286 3286 ,
1319 3188 1400 3263 aut
1432 3165 1752 3269 Ecclesrasticae

134 3301 423 3450 discipline,
451 3340 530 3409 aut
562 3312 750 3416 tandem
776 3311 936 3415 debitae
968 3351 1081 3445 erga
1100 3316 1332 3448 Principes
1368 3321 1634 3410 reverentiae
1664 3316 1750 3415 ad-
1807 3321 1836 3453 J

136 3449 376 3581 versetut3
410 3457 563 3550 lmtno
595 3484 708 3549 cunt
740 3444 999 3549 iPatribus
1034 3454 1287 3581 Mantuani
1321 3457 1531 3555 Concilii
1569 3458 1749 3599 septem

136 3578 189 3699 ab
225 3594 340 3694 hinc
374 3593 546 3694 sarculis
576 3667 593 3711 ,
624 3594 882 3724 Liturgicos
914 3592 1225 3695 Mozarabum
1254 3593 1442 3718 libros,
1480 3601 1580 3744 post
1613 3639 1750 3706 accu-

141 3773 282 3873 ratam
318 3733 638 3838 discuffioncm
670 3736 971 3861 orthodoxos
1001 3738 1132 3841 fuiffe
1168 3747 1546 3885 pronunciatus,
1588 3748 1748 3887 legiffe

144 3885 436 3983 meminerim
466 3958 485 4005 ,
514 3881 729 4029 expedire
766 3881 975 4007 censeo,
1008 3917 1060 3985 ut
1093 3892 1310 3987 omnium
1344 3894 1597 3995 commodo
1639 3973 1655 4022 ,
1689 3933 1747 3998 ac

144 4030 325 4131 utilitati
360 4056 455 4128 tam
494 4030 776 4130 venerabilia
804 4028 1123 4129 Ecclcfiasticae
1155 4039 1438 4176 antiquitatis
1465 4073 1746 4147 monumen-

85 4186 93 4391 ἰ
146 4201 188 4289 ra
219 4179 337 4320 typis
373 4171 599 4295 edantur,
632 4190 679 4275 δι
710 4174 887 4317 publici
914 4179 1029 4303 jutis
1067 4176 1216 4278 fiant.

279 4318 466 4433 Dabam
498 4328 660 4434 Roma
696 4320 772 4422 die
811 4355 855 4421 r.
877 4324 997 4449 Maij
1031 4351 1183 4446 1755.

711 4606 913 4750 Jrfepbus
938 4620 1052 4711 Dr'm‘
1078 4608 1385 4752 Philosophia),
1415 4657 1464 4720 ac
1497 4628 1635 4737 Sarra

788 4752 1015 4902 ,Tberltgt‘ae
1044 4759 1233 4866 varior.

85 4778 104 5651 i
446 4780 458 4797 ,

85 5958 99 6611 l
