4450 7209
589 737 1344 834 PRAEFATIOJ
1659 743 1777 839 ‘rar

146 880 265 943 tuum
294 849 535 969 instituisse3
573 854 659 940 aliis
685 882 847 969 quoque
873 857 1139 971 Occidentis,
1174 864 1214 947 ἃ
1241 863 1389 951 Africa
1416 864 1637 980 Ecclesris,
1673 873 1772 986 quid
1809 897 1891 989 157

147 976 274 1065 dmile
304 976 514 1093 contigisse
543 1003 662 1085 reor;
692 1001 822 1085 nam,
853 996 900 1060 ut
925 978 1188 1067 concedamus
1218 1008 1360 1069 eorum
1385 986 1594 1100 Apollolos
1626 998 1770 1080 Roma

147 1092 404 1207 minionem,
434 1092 767 1185 &Sacerdotium
795 1093 1029 1211 suscepisse,
1060 1099 1178 1186 sateri
1206 1122 1343 1187 tamen
1370 1101 1582 1219 debemus,
1609 1110 1770 1229 inillis,

149 1214 284 1328 ritus,
321 1220 363 1305 &
396 1214 651 1304 ceremonias
687 1214 925 1331 liturgicus,
963 1243 988 1302 a
1024 1219 1219 1305 Romanis
1259 1218 1521 1337 discrepantes
1567 1230 1770 1325 inveniri.

144 1340 251 1455 Qut
281 1364 379 1423 cum
407 1336 572 1423 vetustae
602 1334 703 1445 sint,
734 1338 774 1421 &
805 1361 943 1420 earum
975 1337 1088 1452 origo
1119 1338 1355 1450 ignoretur,
1386 1342 1494 1427 haud
1526 1367 1680 1433 temere
1712 1353 1766 1439 ad

144 1454 415 1544 Eccleliarum
452 1455 676 1543 conditores
714 1452 969 1540 reseruntur.
1012 1457 1077 1543 Sic
1112 1454 1416 1543 Mediolanenfis
1453 1464 1626 1550 Ecclefia
1650 1463 1767 1561 'suam

143 1570 287 1660 babuit
304 1574 558 1691 Liturgiam,
589 1578 819 1661 aRomana
844 1572 898 1656 in.
913 1574 1052 1659 multis
1078 1570 1401 1688 dissentientem,
1433 1607 1544 1692 quae,
1575 1587 1646 1671 etsr
1663 1595 1768 1680 Am·

142 1692 322 1781 brofiana
345 1695 659 1802 denominetur,
691 1717 829 1779 tamen
860 1689 914 1778 est
944 1698 982 1782 S·
1001 1692 1213 1780 Ambrosio
1241 1696 1444 1808 antiquior
1464 1694 1550 1813 (a).
1578 1706 1761 1796 Africani

139 1809 255 1898 suam
285 1812 446 1928 qunque
478 1813 711 1920 habebant,
742 1812 784 1896 in
810 1839 889 1923 qua
914 1835 1027 1896 erant
1054 1808 1351 1900 Benedisliones
1381 1819 1630 1935 Episcopales
1656 1818 1759 1941 (b),

140 1958 277 2049 preces
302 1933 526 2021 Diaconicae
560 1925 652 2045 (c),
681 1930 828 2041 aliique
853 1932 953 2014 ritus
979 1958 1002 2014 a
1033 1931 1227 2017 Romanis
1257 1931 1422 2044 diversi,
1454 1967 1623 2049 quorum
1658 1973 1760 2033 unus

140 2074 227 2139 erat
260 2051 444 2140 solemnis
471 2051 644 2140 formula
672 2047 889 2165 postulandi
908 2050 1102 2179 Spiritum
1131 2046 1346 2160 Sanblum,
1376 2049 1430 2139 ad
1447 2052 1759 2168 consecrandum

140 2159 399 2287 Sacrificium
425 2164 646 2287 Corporis,
675 2163 729 2257 (θ’
753 2162 974 2286 Sanguinis
992 2163 1159 2256 Domini
1177 2163 1273 2283 (rs).
1303 2173 1409 2257 Galli
1443 2202 1603 2286 qnoque
1622 2179 1757 2296 suam,

141 2292 180 2375 dt
224 2288 399 2407 Hispani
437 2288 549 2402 suant
591 2286 859 2402 Liturgiam,
905 2294 1144 2375 aRomana
1187 2286 1483 2378 dissentientem
1525 2296 1759 2413 habebant,

138 2408 286 2523 quibus
325 2409 489 2527 planum
521 2406 608 2518 est,
648 2407 753 2493 viros
788 2403 1062 2520 Apostolicos,
1095 2413 1273 2518 Roma,
1315 2408 1363 2493 ad
1401 2416 1760 2528 evangelizandum

139 2529 311 2638 missos,
354 2528 451 2614 ritus
469 2533 674 2616 Romanos
701 2524 914 2637 aliquando
944 2554 1023 2610 non
1051 2524 1250 2612 tradidisse
1272 2530 1452 2615 Ecclesis
1478 2561 1502 2618 a
1528 2532 1590 2644 se,
1622 2537 1661 2622 in
1691 2568 1762 2627 na·
1813 2550 1815 2555 ’

140 2646 314 2732 tionibus
342 2645 546 2733 fundatis.
577 2652 715 2762 Quare
746 2646 900 2730 etiamsi
931 2642 1124 2729 constaret
1155 2641 1300 2760 (quod
1327 2649 1442 2762 plane
1470 2678 1548 2736 non
1576 2654 1757 2774 conslat)

137 2764 337 2880 Hispanos
368 2795 447 2851 non
478 2766 574 2851 alios
606 2761 782 2848 habuisse
810 2761 900 2847 fidei
931 2792 1127 2877 praecones
1158 2792 1280 2875 quam
1312 2796 1410 2878 quos
1439 2770 1650 2883 Apostolus
1686 2783 1759 2862 Pe.

138 2906 256 2990 trus,
298 2909 369 2969 aut
405 2884 488 2994 ejus
518 2882 756 2973 Successores
793 2881 1079 2967 constituerunt
1107 2883 1366 2992 Sacerdotes,
1406 2915 1483 2971 non
1514 2889 1609 2973 inde
1641 2895 1757 3008 legit·

136 3003 238 3087 time
271 3000 566 3105 deduceretur,
606 3030 671 3086 eos
702 2999 752 3085 ab
789 3002 904 3086 initio
937 3000 1109 3085 imbutos
1141 3002 1254 3086 suisse
1288 3007 1500 3117 Liturgia,
1541 3012 1581 3093 8<
1613 3011 1756 3100 ritibus

138 3122 357 3208 Romanis.
388 3129 612 3235 Opponunt
641 3142 776 3203 tamen
804 3118 1073 3226 S.lsrdorum;
1105 3123 1174 3229 qui
1199 3122 1328 3204 Missa
1347 3123 1613 3235 Hispaniensis
1640 3135 1757 3216 &Pc-

135 3260 247 3324 trum
273 3239 449 3355 agnoscit
475 3236 705 3346 auslorem,
738 3236 841 3322 unde
871 3237 1135 3344 concludunt,
1168 3238 1334 3322 Missam
1363 3242 1490 3349 hanc,
1524 3270 1603 3328 non
1631 3249 1754 3337 aliam

135 3357 250 3443 luisse
281 3386 405 3469 quam
426 3348 683 3455 Romanam.
714 3363 856 3471 Quam
885 3358 991 3441 enim
1024 3358 1145 3440 aliam
1178 3362 1216 3443 S.
1235 3364 1372 3442 Petrus
1405 3359 1592 3474 Hispanis
1624 3367 1753 3452 trade·

134 3501 231 3584 ret,
263 3504 388 3590 quam
422 3504 508 3587 qua
539 3475 589 3560 ab
618 3504 665 3559 eo
690 3474 884 3560 Romanis
913 3475 1058 3559 tradita
1089 3469 1243 3558 suerat?
1275 3483 1340 3563 En
1372 3480 1492 3563 verba
1514 3480 1648 3567 Sansli
1673 3494 1756 3571 Do·

134 3590 285 3702 doris,
316 3625 339 3681 e
371 3596 470 3683 libro
501 3595 633 3711 primo
665 3589 715 3679 de
741 3585 905 3712 Qfficiis
932 3586 1254 3709 Ecclesiajsicis,
1284 3593 1415 3710 capite
1447 3596 1603 3683 decimo
1635 3607 1753 3715 quin·

130 3732 208 3820 to,
238 3712 305 3798 cui
336 3715 477 3799 titulus
507 3710 558 3801 dc
586 3706 748 3823 Miffa,
786 3706 842 3800 (π’
867 3702 1164 3817 Orationibus,
1196 3709 1434 3828 desumpta.
1476 3716 1586 3806 Ordo
1612 3721 1754 3837 Mr'ffae

131 3827 207 3920 vel
233 3830 498 3941 orationum,
529 3823 676 3948 quibus
701 3821 841 3917 oblata
868 3836 953 3918 Deo
980 3823 1096 3915 Sacri
1131 3826 1195 3915 cia
1224 3827 1542 3945 consecrantur,
1569 3834 1752 3952 primum

130 3946 331 4037 ananelo
358 3958 484 4039 Petro
512 3943 569 4066 est
594 3945 642 4045 ¹in
680 3944 843 4055 iturus,
884 3950 999 4059 cujus
1029 3978 1071 4035 ce
1090 3938 1247 4033 ebratio
1279 3980 1358 4036 uno
1386 3948 1600 4070 eodemque
1634 3960 1751 4053 modo

129 4062 354 4182 universus
377 4063 547 4186 peragit
569 4097 616 4153 or
643 4061 701 4151 is.
733 4072 855 4154 Hunc
887 4068 1020 4151 locum
1047 4062 1247 4151 difficilem
1277 4068 1355 4151 esse
1383 4097 1503 4153 nemo
1535 4101 1614 4159 non
1634 4079 1749 4193 vidit;
1778 4058 1792 4081 ⁸

127 4214 226 4273 nam
267 4192 305 4275 S.
326 4185 479 4273 Doslor
509 4187 689 4296 loquitur
721 4182 770 4268 de
798 4183 929 4269 Missa
967 4183 1136 4292 ordine,
1176 4183 1286 4293 cujus
1324 4189 1537 4273 celebratio
1572 4224 1651 4281 ann
1686 4229 1749 4285 eo·

126 4302 300 4420 demque
332 4301 448 4393 modo
486 4302 688 4389 universus
728 4305 884 4417 peragit
910 4303 1061 4409 Orbis,
1103 4330 1287 4413 quanam
1329 4328 1465 4391 autem
1508 4310 1592 4396 haec
1624 4314 1747 4405 suerit

127 4423 344 4539 Liturgia,
376 4421 557 4536 quisnam
585 4420 681 4506 ordo
706 4420 863 4526 Missa,
894 4421 1052 4506 difficile
1081 4416 1190 4505 disin
1221 4416 1300 4507 est?
1331 4425 1488 4537 Utique
1520 4435 1558 4516 S.
1577 4433 1748 4524 Isidorus

125 4544 285 4658 optimc
317 4567 483 4628 noverat
515 4543 677 4657 plures,
708 4544 748 4627 8<
779 4540 952 4625 intense
983 4538 1206 4624 diffidentes
1242 4542 1442 4657 Licurgias
1482 4545 1550 4631 suo
1591 4572 1747 4668 tempo-
1836 4634 1839 4643 ,

125 4688 226 4781 pore
262 4659 469 4749 extitisse.
508 4667 707 4777 Quanam
743 4658 866 4773 igitur
902 4687 949 4743 ea
978 4656 1100 4746 Missa
1132 4658 1241 4762 fuit,
1282 4688 1406 4773 quam
1444 4665 1657 4754 arbitratus
1691 4673 1749 4758 esi

124 4806 266 4866 omnes
292 4780 507 4886 Ecclesiae,
538 4808 617 4864 uno
649 4772 860 4893 eodemque
886 4771 1015 4887 moda,
1046 4772 1276 4862 celebrare?
1308 4787 1407 4867 Hac
1439 4810 1511 4867 nec
1530 4786 1651 4873 Missa
1672 4793 1748 4880 Hi·

124 4898 284 5016 spana,
322 4928 452 5011 neque
491 4895 613 4983 Missa
648 4903 834 4984 Romana
876 4895 982 4979 suit.
1022 4899 1118 4982 Non
1156 4895 1266 4981 enim
1304 4896 1512 5012 ignorabat
1542 4932 1744 5015 quantum

123 5018 284 5128 Missa,
322 5046 410 5134 quae
448 5016 518 5103 suo
557 5039 737 5131 tempore
758 5015 816 5099 in
850 5013 1043 5129 Hispania
1081 5013 1384 5126 celebrabatur,
1423 5017 1576 5108 diversa
1607 5052 1746 5117 erata

121 5140 346 5245 Romana,
378 5140 418 5224 8<
445 5156 642 5248 quantum
669 5140 857 5221 Romana
884 5131 1038 5217 diversa
1068 5159 1208 5227 erata
1237 5136 1473 5246 Gallicana,
1514 5142 1567 5227 ab
1593 5147 1740 5263 Hispa.

124 5256 285 5371 nicusi,
315 5260 357 5346 dt
386 5257 438 5343 ab
462 5253 734 5346 Orientalium
760 5252 912 5340 Millis.
952 5258 1012 5340 At
1044 5249 1144 5455 sisS.
1172 5251 1373 5369 1fidorus,
1404 5257 1482 5346 hoc
1513 5260 1638 5375 loco,
1670 5295 1744 5355 nec

1693 5385 1745 5472 de

164 5571 228 5658 (a)
245 5565 366 5655 loseph
392 5564 583 5636 vicecomes
605 5566 646 5631 de
671 5565 774 5650 antiq.
799 5563 899 5630 Mille
961 5560 1169 5632 ed.Maurin.

118 5658 209 5724 sace.
228 5656 652 5745 lib.2·cap.12.Em.Bona
676 5656 790 5719 divina
811 5650 902 5740 psal·
1006 5658 1059 5742 (c)
1084 5653 1281 5722 Tertullde
1295 5656 1395 5724 anim.
1419 5677 1525 5747 capp.
1542 5656 1630 5723 idem
1647 5664 1739 5751 Apo.

117 5736 355 5833 modsseapnr.
785 5818 788 5825 ¹
963 5740 1031 5830 sog.
1043 5748 1210 5830 cap.39.&
1227 5749 1269 5811 ad
1280 5747 1450 5835 Scapulam
1467 5770 1575 5835 capa.
1593 5754 1623 5814 S.
1637 5752 1740 5839 Cypr.

163 5836 228 5926 (b)
250 5838 401 5920 Optatus
424 5849 536 5899 contra
560 5832 764 5897 Parmenien.
793 5830 853 5894 lib.
867 5838 899 5896 6.
961 5835 1003 5896 ad
1020 5833 1172 5896 Demetr.
1190 5832 1425 5922 idem'ep.15.&
1443 5858 1495 5918 55.

118 5926 217 6008 epiri.
230 5922 372 5989 Concilii
388 5925 504 5989 Carth.
515 5921 554 5983 ad
569 5919 795 5995 Innocentium
808 5919 901 5985 nra-
1005 5920 1064 6008 (d)
1087 5924 1118 5983 S·
1133 5916 1325 6004 Pulg'entius
1346 5924 1387 5985 ad
1403 5924 1547 5992 Monim.
1564 5927 1658 5997 libn.
1673 5950 1737 5998 m.

115 6028 223 6097 pant,
245 6011 332 6078 iuter
358 6009 514 6099 epistolae
535 6014 567 6075 8·
581 6007 752 6094 Augustini
769 6028 901 6096 equ-175.
962 6007 1057 6076 liba.
1071 6017 1178 6096 capa·
1191 6016 1256 6088 8.9·
1273 6029 1383 6077 tona.
1697 6016 1700 6021 “
1724 6018 1738 6027 ”
