4450 7209
455 758 460 768 ·
549 701 699 788 neuls
724 705 926 800 QJARTA
951 705 1074 785 POST
1099 701 1271 782 RAMos
1293 697 1590 782 PALMnRuM.
1844 717 1927 797 155

265 810 369 888 'ambo
383 807 575 907 persiccum
589 812 769 907 ‚Cumque
785 806 973 882 transissent
988 811 1064 881 He·
1161 802 1363 894 Psallcndo.
1377 804 1642 901 cogitaverunt
1657 799 1837 877 aduersum
1851 829 1926 880 rne.
1957 824 2001 898 55

265 908 328 985 lias
345 908 433 983 dixit
445 910 486 981 ad
504 905 701 986 Heliseum·
721 903 856 983 Postula
883 906 978 999 quod
1007 904 1062 980 vis
1110 899 1398 995 Nederelinquas
1412 924 1467 978 me
1481 901 1636 990 Domine
1664 925 1708 974 ne
1725 901 1819 974 sorte
1832 899 1926 976 erasa

263 1026 302 1081 ut
316 1007 437 1084 faciam
456 1007 541 1082 cibit
557 1025 741 1100 antequam
770 1000 906 1079 tollara
922 1023 960 1078 te
975 1002 1067 1077 .Di·
1116 1019 1260 1074 tentur·
1275 993 1323 1096 pi.
1339 1000 1441 1095 Eripe
1466 1022 1519 1074 me
1535 999 1692 1076 Domine
1722 996 1765 1072 ab
1780 997 1925 1073 bomine

260 1104 383 1198 xitque
401 1103 558 1181 Heliseus
576 1155 586 1177 .
604 1104 763 1179 Obsecro
779 1121 818 1176 ut
846 1103 909 1177 fiat
935 1101 1066 1197 duplex
1113 1095 1229 1175 malou
1246 1096 1360 1172 avico
1371 1096 1495 1190 iniquo
1520 1089 1627 1172 libera
1643 1120 1699 1169 me
1713 1141 1726 1165 .
1739 1096 1809 1177 Qui
1824 1096 1926 1196 cogi·

213 1232 234 1306 5
260 1198 400 1295 spiritus
430 1223 506 1277 tuuc
523 1205 558 1276 in
571 1228 625 1279 me
641 1249 652 1272 .
666 1202 737 1295 Qu
753 1199 933 1295 respondit
948 1249 959 1272 .
972 1205 1063 1279 Rem
1114 1213 1277 1272 taverunt
1292 1192 1473 1281 injusticias
1488 1194 1523 1269 in
1536 1196 1644 1270 corde
1659 1223 1670 1266 a
1685 1193 1827 1270 totadie
1838 1216 1923 1269 con.
1958 1236 1961 1245 -

259 1299 429 1376 difficilem
445 1300 809 1397 postulaui-Attamen
821 1298 847 1371 si
860 1298 990 1374 videris
1006 1322 1062 1373 me
1113 1293 1297 1368 diruebant
1314 1288 1404 1364 bella
1420 1340 1431 1363 .
1446 1303 1492 1363 P.
1506 1293 1562 1366 Nc
1576 1289 1792 1386 derelinquar
1812 1335 1825 1390 ρ
1950 1288 2004 1373 6ο,

257 1400 397 1492 quando
422 1397 527 1474 tollar
547 1428 568 1475 a
590 1422 649 1474 te:
671 1399 738 1484 eric
753 1397 847 1492 quod
875 1396 1011 1493 petisti.
1026 1395 1063 1469 Si
1163 1392 1266 1464 Dicat
1279 1385 1401 1466 arasa
1417 1386 1600 1468 Silentium
1615 1388 1746 1465 sacite.

257 1515 471 1572 autemnon
500 1498 757 1574 videritanon
785 1496 1064 1590 erit·Cumque
1121 1498 1123 1502 '
1889 1502 1913 1508 ”

259 1615 452 1691 pergerent
480 1622 489 1664 r
517 1599 553 1670 δι
567 1597 764 1670 incedentes
790 1591 1063 1668 sermocinaren·
1164 1585 1347 1685 Sequentia
1373 1580 1514 1685 Epiisoic
1539 1584 1706 1683 volucris
1736 1581 1898 1683 Apostoli
1909 1591 1926 1662 ἰ

211 1725 238 1787 ρ,
259 1708 316 1764 tur
330 1721 339 1761 ε
352 1713 432 1769 ecce
445 1715 565 1770 currus
582 1694 704 1792 igneus
717 1694 754 1765 dt
769 1691 848 1785 equi
861 1690 956 1786 ignei
969 1685 1064 1766 divi·
1664 1740 1666 1744 2
1975 1721 1978 1729 ¹

257 1787 375 1862 serunt
403 1796 658 1886 utrumquea&
673 1787 971 1864 ascenditHelias
1000 1812 1064 1886 per
1114 1780 1260 1879 quDeo
1276 1782 1455 1882 gratiam·
1740 1785 1771 1852 s.
1788 1791 1863 1880 cap.
1877 1791 1924 1863 ΙΙ.
1950 1776 2002 1884 65

255 1888 426 1964 turbinem
454 1888 488 1961 in
513 1888 650 1963 celum.
679 1884 835 1962 Heliseua
863 1907 978 1964 autem
1006 1886 1064 1962 vi·

255 1986 357 2058 debat
386 2013 396 2053 a
425 1991 461 2062 δι
489 1984 654 2060 clamabat
682 2033 694 2056 ·
719 1989 822 2062 Pater
847 1989 930 2060 mi.
959 1989 1066 2063 Pater
1189 1979 1306 2056 Cribo
1329 1978 1433 2054 tobia
1451 1974 1766 2074 filioli.Qoniam
1799 1985 1922 2062 remit·

256 2083 302 2154 mi
322 2128 333 2151 .
355 2084 488 2158 Currus
519 2081 622 2159 lsrael
650 2109 660 2152 a
684 2085 720 2155 δι
749 2083 869 2180 auriga
895 2090 996 2172 ejus·
1020 2084 1064 2155 Et
1198 2077 1434 2156 tunturvobis
1457 2098 1597 2173 peccata
1627 2101 1922 2180 proptcrnnomen

211 2208 233 2283 ςΔ
256 2203 327 2256 non
357 2182 450 2255 vidit
475 2204 561 2257 cunr
579 2178 761 2280 amplius.
802 2179 1065 2278 Apprehendit·
1113 2176 1357 2272 eturucribo
1389 2173 1490 2250 vobis
1516 2180 1830 2272 patreszquoniam
1857 2205 1923 2257 co·
2085 2210 2087 2217 ·

256 2302 322 2371 que
352 2280 554 2356 vestimenta
581 2278 638 2352 sua
676 2280 713 2350 δι
754 2277 856 2354 scidit
893 2277 950 2355 illa
986 2278 1064 2353 in..-
1113 2273 1284 2382 gnovistis
1297 2273 1448 2368 eumqui
1463 2277 1506 2348 ab
1520 2271 1623 2348 initio
1635 2277 1843 2354 cll-Scribo
1855 2303 1922 2353 vo.
1947 2288 2002 2376 73,

256 2378 338 2449 duas
361 2396 513 2473 partes.
549 2381 591 2451 Et
620 2372 752 2453 levavit
779 2374 919 2472 pallium
934 2373 1062 2452 Helier
1113 2370 1523 2467 bisjuvenescquoniam
1550 2371 1675 2447 vicistis
1710 2371 1923 2472 malignum.

255 2475 353 2566 quod
390 2476 560 2549 ceciderat
586 2475 656 2548 ei.
704 2474 941 2569 Reversusque
970 2474 1062 2550 stetit
1113 2477 1240 2553 Scribo
1253 2472 1356 2546 vobis
1370 2471 1517 2543 infantes
1534 2473 1719 2563 :quoniam
1738 2478 1921 2571 cognovi·

256 2573 359 2664 super
386 2576 491 2669 ripam
514 2572 706 2651 Jordanir=
738 2577 775 2648 δι
812 2570 919 2669 pallio
959 2570 1063 2645 Helie
1110 2576 1168 2648 stis
1197 2568 1492 2666 patrem·Scribo
1523 2567 1626 2642 vobit
1653 2564 1921 2646 adolescenterr

211 2670 352 2762 pquod
375 2672 547 2746 ceciderat
573 2668 866 2745 ei&dixit·Ubi
897 2669 946 2742 esl
966 2672 1061 2743 Deus
1112 2666 1649 2768 quiafortesestisturverbum
1667 2667 1735 2743 Dei
1764 2669 1799 2743 in
1818 2672 1972 2759 vobio*
2072 2724 2075 2729 -
2134 2730 2139 2737 .

224 2764 361 2841 ‘Helie
384 2770 489 2844 etiam
529 2774 649 2843 nunc?
673 2770 910 2862 Percussrtque
935 2791 1062 2861 aquasa
1111 2786 1231 2845 manet
1262 2768 1298 2838 δι
1325 2759 1815 2861 vicistitmalignum.Nolite
1841 2769 1922 2845 dili·
1949 2780 2001 2867 75

257 2866 294 2935 δι
317 2865 426 2936 divise
444 2870 520 2941 sunt
547 2869 614 2939 huc
632 2886 736 2959 atque
766 2864 848 2938 illuc
879 2895 890 2936 a
918 2865 953 2936 δι
971 2885 1064 2940 tran·
1112 2893 1196 2968 gere
1224 2863 1386 2939 mundum
1415 2893 1426 2936 a
1456 2888 1477 2934 n
1549 2884 1686 2959 eaque
1717 2864 1754 2936 in
1788 2867 1922 2942 mundo

257 2961 316 3035 siit
348 2961 530 3037 Heliseus·
556 2963 726 3036 Videntea
757 2984 868 3038 autem
902 2959 965 3035 filii
979 2987 1061 3059 pto·
1111 2961 1349 3055 sunt-Siquis
1364 2958 1481 3061 diligit
1529 2965 1921 3041 undum=.nonestcha·
2064 3008 2090 3045 ·.

258 3060 437 3152 phetarum
467 3062 523 3155 qui
550 3080 651 3135 erant
680 3063 712 3133 in
740 3061 883 3134 Hierico
912 3062 956 3130 de
975 3084 1062 3133 coo·
1112 3067 1197 3139 ritas
1215 3060 1322 3154 patria
1340 3061 1373 3130 in
1400 3061 1664 3150 eo·-Qoniam
1691 3085 1797 3136 omne
1822 3065 1921 3156 quod

211 3189 228 3261 5
260 3174 312 3230 tra
341 3187 353 3227 a
379 3157 773 3251 dixerunt.chuievit
803 3157 939 3252 spiritus
957 3156 1061 3229 Helie
1109 3157 1217 3234 estin
1247 3156 1402 3230 mundoc
1427 3156 1705 3250 concupiscentia
1731 3160 1921 3236 carnisa&

258 3252 357 3347 super
367 3257 540 3332 Heliseum
554 3304 565 3326 .
580 3259 623 3329 Et
640 3256 819 3328 venientes
835 3257 867 3327 in
883 3254 1059 3330 occursum
1110 3253 1392 3348 concupiscentia
1407 3251 1590 3326 oculorum
1609 3259 1658 3330 esl
1672 3283 1683 3326 r
1699 3259 1733 3327 δι
1760 3258 1919 3353 superbia
1948 3248 2002 3342 80

256 3357 335 3431 eius
352 3383 362 3424 r
379 3359 613 3430 adoraverunt
644 3375 720 3427 eum
736 3353 836 3446 proni
851 3354 886 3426 io
906 3370 1060 3425 terrum.
1110 3358 1185 3429 vite
1200 3381 1210 3421 a
1224 3374 1289 3446 que
1314 3375 1385 3425 non
1412 3352 1458 3424 ess
1486 3374 1532 3424 ex
1547 3372 1644 3446 patre
1660 3353 1746 3425 ased
1775 3378 1821 3426 ex
1851 3357 1920 3435 hoc

256 3450 502 3547 Dixeruntque
516 3452 564 3527 illi
575 3500 585 3522 .
596 3453 680 3526 Ecce
691 3473 767 3523 cum
781 3451 889 3528 servir
903 3451 969 3523 tuit
984 3451 1060 3525 sunt
1109 3454 1241 3527 mundo
1254 3450 1300 3521 esi
1314 3498 1325 3521 .
1354 3449 1398 3522 Et
1412 3453 1558 3523 mundus
1571 3454 1691 3527 transit
1703 3455 1741 3527 &
1753 3457 1921 3550 concupi-

258 3550 502 3650 quinquaginta
531 3550 598 3624 viri
614 3551 725 3626 fortes
743 3576 752 3617 a
768 3553 825 3642 qui
852 3550 979 3644 possint
1008 3547 1058 3621 ire
1111 3552 1240 3622 scentia
1253 3551 1328 3631 ejus
1343 3593 1357 3616 .
1371 3545 1442 3634 oui
1455 3566 1568 3622 autem
1583 3551 1669 3626 iacit
1696 3547 1921 3630 voluntatem

211 3649 453 3742 p&querere
466 3651 658 3723 Dominum
672 3667 848 3720 tuumrne
859 3648 954 3723 forte
970 3643 1060 3719 tule·
1111 3649 1181 3722 Dei
1212 3660 1327 3724 manet
1358 3645 1395 3718 in
1419 3650 1802 3747 eternumrquomodo
1820 3649 1922 3727 Deua
1943 3678 1982 3736 .‘·-
2121 3709 2124 3716 .

221 3773 226 3785 ·
258 3749 305 3820 rit
320 3748 544 3844 cumspiritur
556 3746 711 3821 Dominiz
724 3750 760 3817 &
778 3743 970 3843 projecerit
984 3768 1061 3819 eum
1109 3765 1230 3824 manet
1245 3746 1279 3817 in
1297 3761 1478 3840 eternumg
1500 3780 1503 3785 ⁴
1949 3746 1998 3858 8⁰5

258 3843 296 3916 in
312 3867 383 3917 uno
398 3848 567 3920 montium
583 3864 643 3919 aut
671 3843 703 3914 in
721 3869 786 3917 una
802 3841 1071 3938 vallium-Qi·
1159 3845 1364 3941 ljoAmen.
1446 3904 1451 3912 .

259 3940 309 4015 ait
324 3989 334 4010 .
350 3941 474 4016 Nolite
513 3946 636 4017 timere
650 3988 662 4011 ·
679 3945 953 4038 coegeruntque
983 3961 1064 4014 eum

260 4038 375 4112 donec
387 4041 835 4136 acquiesceretaurdicerer
850 4033 1065 4111 mittite-Et
1188 4037 1302 4116 leilio
1325 4036 1437 4132 sancii
1462 4041 1642 4141 Evangelii
1656 4046 1841 4140 secundant
1911 4070 1913 4075 ·

211 4137 427 4238 5miserunt
456 4140 699 4237 quinquaginta
725 4139 823 4211 viros
847 4185 860 4206 .
882 4138 953 4228 Qui
981 4156 1062 4209 cum
1109 4174 1111 4179 ·
1329 4194 1332 4201 ·
1409 4141 1623 4219 matheum.
1777 4168 1785 4178 ··
1965 4187 1975 4213 ·.

258 4236 437 4328 quefiffent
456 4237 565 4310 tribus
581 4236 702 4311 diebus
714 4263 724 4306 r
737 4260 807 4310 non
824 4234 1057 4310 invenerunta
1683 4278 1687 4288 ·
1737 4247 1919 4321 cmm
1942 4270 1997 4345 90

262 4337 298 4406 ὃ(
325 4335 453 4407 reversi
482 4336 557 4408 sunt
572 4339 614 4411 ad
629 4357 707 4408 eum
720 4383 732 4405 .
744 4341 794 4407 At
810 4330 867 4406 ille
882 4332 1057 4407 habitabat
1563 4395 1566 4404 .

260 4431 296 4502 in
312 4430 457 4506 Hierico
471 4481 482 4503 .
495 4434 662 4527 Dixitque
689 4432 738 4505 eis
754 4483 764 4505 .
778 4432 955 4526 Numquid
982 4455 1063 4505 non.
1165 4426 1233 4510 Uo
1246 4430 1279 4510 in
1303 4450 1460 4535 tempore
1475 4488 1486 4511 .
1500 4435 1674 4518 Dominus
1690 4448 1804 4520 noller
1814 4442 1913 4528 Jesm
2011 4511 2013 4515 Α

257 4528 329 4601 dixi
348 4532 449 4604 vobis
465 4529 574 4607 nolite
590 4530 729 4603 mittere
745 4530 946 4604 iDixerunt
966 4554 1055 4625 quo·
1180 4535 1331 4609 Christus
1343 4564 1355 4606 r
1369 4538 1458 4612 dixit
1487 4536 1665 4636 discipulis
1692 4543 1757 4615 suis
1778 4540 1906 4615 ‚sertia

211 4657 227 4709 ῃ
257 4648 323 4719 que
337 4628 405 4701 viri
419 4629 573 4701 civitatis
588 4629 632 4700 ad
645 4625 819 4703 Heliseum
831 4675 843 4698 ·
856 4630 944 4700 Ecce
959 4628 1057 4700 babi-
1101 4620 1183 4725 quia
1198 4634 1275 4726 post
1288 4631 1427 4706 biduum
1440 4633 1562 4728 pascha
1575 4640 1639 4712 liet
1658 4644 1719 4713 a&
1736 4633 1826 4712 filius
1839 4638 1910 4710 ho·

256 4727 348 4798 tatio
361 4725 515 4798 civitatis
547 4728 644 4810 hujus
669 4727 801 4822 optima
813 4727 863 4798 est
877 4751 889 4791 c
905 4724 992 4799 sicut
1015 4743 1055 4802 tu
1104 4726 1207 4800 minis
1221 4731 1378 4805 tradetur
1393 4749 1432 4802 ut
1444 4731 1664 4832 crucifigatur
1678 4783 1692 4806 .
1708 4739 1806 4812 Tunc
1821 4757 1910 4809 con·
1935 4762 1990 4843 95

255 4820 267 4894 i
294 4820 328 4894 se
344 4824 493 4897 Domine
510 4822 669 4919 perspicis
684 4851 695 4894 a
710 4825 770 4897 sed
795 4847 882 4920 aque
911 4825 1054 4916 pessime
1102 4827 1248 4920 gregati
1260 4827 1336 4900 sunt
1349 4827 1519 4924 principes
1528 4829 1754 4910 sacerdotum
1769 4837 1829 4907 a&
1853 4833 1909 4906 se·

257 4846 337 4992 time
352 4924 387 4994 δι
413 4938 505 4993 terra
519 4919 637 4993 sterilis
652 4968 664 4991 .
678 4925 729 4995 At
746 4919 804 4993 ille
829 4921 877 4995 ait
891 4968 903 4992 .
916 4922 1053 4994 Asserte
1102 4926 1222 4996 niores
1237 4921 1358 5018 populi
1374 4925 1408 4995 in
1422 4921 1547 5001 atrium
1558 4931 1722 5028 principia
1738 4933 1909 5006 sacerdo.

257 5018 340 5089 mihi
371 5042 432 5092 vas
462 5041 590 5094 novum
605 5020 640 5089 bt
657 5019 786 5094 mittite
816 5016 852 5091 in
879 5014 964 5090 illud
990 5017 1053 5093 sal.
1098 5037 1176 5095 tum
1188 5043 1199 5084 r
1211 5022 1268 5110 qui
1283 5020 1461 5096 dicebatur
1474 5020 1638 5194 Capphas
1651 5057 1661 5100 a
1674 5034 1711 5106 δι
1724 5029 1905 5105 consilium

211 5140 224 5212 ς
253 5116 325 5208 Qi
339 5139 414 5189 curn
430 5113 625 5190 adtulissent
641 5144 655 5184 =-
666 5142 695 5202 ve
725 5118 825 5189 reisue
849 5118 893 5190 ad
919 5116 1053 5190 sontem
1101 5116 1261 5189 iecerunt
1276 5144 1287 5186 a
1300 5137 1338 5203 ut
1349 5116 1461 5202 lesum
1477 5120 1525 5195 do
1540 5148 1565 5199 o
1586 5146 1750 5213 tenerent
1764 5155 1775 5198 a
1790 5133 1826 5203 dt
1840 5146 1905 5203 oca
1933 5188 1936 5193 .
1960 5198 1964 5210 ,

258 5237 415 5306 aquarum
430 5215 520 5287 mist
533 5215 569 5286 in
583 5239 659 5288 eum
672 5142 729 5288 sai:
743 5215 777 5286 &
791 5215 840 5288 ait
856 5261 867 5283 ·
881 5215 956 5289 Hec
968 5214 1059 5287 dicit-
1098 5213 1260 5287 ciderent
1270 5261 1281 5286 .
1293 5213 1465 5292 Dicebant
1478 5239 1594 5300 autem
1606 5274 1619 5296 ·
1630 5225 1714 5304 Non
1729 5229 1764 5302 in
1780 5228 1835 5301 die
1853 5228 1904 5300 sc·
1936 5248 2009 5311 102

257 5312 428 5385 Dominus
445 5312 593 5387 .Sanavi
622 5337 726 5406 aquas
752 5311 810 5383 has
826 5341 835 5381 r
849 5313 884 5384 dt
899 5336 969 5386 non
983 5312 1051 5385 erit
1101 5312 1154 5387 sto
1168 5339 1179 5382 a
1195 5335 1239 5384 ne
1255 5313 1349 5387 forte
1361 5311 1528 5390 tumultur
1543 5322 1645 5396 fieret
1665 5326 1706 5400 in
1737 5324 1872 5422 populo
1887 5371 1901 5396 ·

257 5406 349 5482 ultra
363 5413 395 5480 in
411 5410 458 5480 eis
470 5433 558 5484 mora
573 5434 583 5481 a
601 5434 710 5503 neque
725 5407 908 5483 sterilitas.
923 5417 1049 5486 sanate
1099 5411 1192 5484 Cum
1204 5426 1322 5485 autern
1335 5413 1519 5492 elsetlesua
1543 5419 1578 5493 in
1594 5424 1759 5498 bethamar
1775 5428 1809 5495 in
1835 5417 1906 5499 do·
2086 5413 2114 5465 ⁶

254 5506 537 5602 suntergoaque
561 5508 724 5616 usquead
742 5507 835 5582 diem
851 5506 937 5581 banc
954 5513 1054 5593 juxta
1100 5529 1161 5583 mo
1174 5510 1322 5583 Simonis
1351 5509 1702 5607 leprosrraccessitad
1724 5546 1802 5593 eum
1829 5545 1905 5597 mu·
2005 5520 2012 5542 '

211 5636 225 5686 u
255 5606 400 5677 verbum
422 5591 550 5678 Helisei
577 5635 589 5677 a
614 5607 707 5700 quod
734 5604 872 5681 locutus
895 5604 1058 5679 fuerat}
1102 5604 1169 5682 liet
1182 5608 1307 5686 habena
1331 5606 1528 5684 alabastrum
1544 5619 1711 5711 unguenti
1725 5619 1899 5713 preciosis
1965 5638 1981 5669 ι·-

221 5746 224 5755 ·
257 5706 459 5795 chmen.
1100 5708 1139 5780 &
1163 5704 1287 5780 effudit
1316 5706 1418 5802 super
1434 5730 1549 5802 -caput
1578 5719 1652 5800 ejus
1683 5718 1901 5792 recumbente
1935 5740 2002 5821 105

305 5798 538 5874 DicarPresb.
549 5800 721 5878 Dominus
733 5800 775 5877 sit
787 5801 924 5899 semper
935 5798 1055 5878 vobis·
1103 5801 1203 5897 ipso·
1218 5805 1383 5878 videnter
1404 5824 1520 5879 autem
1539 5811 1698 5908 discipuli
1728 5816 1898 5912 indignati

251 5925 327 5978 cum
343 5949 353 5970 ·
1104 5901 1183 5974 sunt
1197 5900 1376 5975 dicentes.
1392 5907 1438 5978 Ut
1460 5906 1541 5996 quid
1560 5913 1713 6004 perdit-io
1727 5913 1822 5984 hec?
1839 5930 1904 6008 po·
1920 5940 1922 5945 ·
1943 5918 1952 5965 '³

302 6000 406 6094 13cEt
418 6021 529 6100 cuma„
960 6050 964 6057 -
1103 5997 1276 6077 tuitenim
1286 6002 1352 6079 boc
1365 6002 1555 6080 venundari
1565 6007 1805 6086 mulrourdari
1818 6035 1904 6105 pau..

1468 6103 1502 6180 V
1526 6123 1548 6181 2
1743 6110 1918 6210 peribus?¹
