4450 7209
432 808 468 868 ιι
578 787 580 791 ’
856 774 888 858 Ρ
949 775 991 856 R
1039 774 1095 859 Ε
1154 773 1189 856 F
1247 774 1290 856 A
1347 773 1394 856 T
1451 773 1475 855 Ι
1536 775 1612 858 0.

430 921 530 1006 tus,
562 892 633 1007 qui
662 889 884 978 constanter
898 889 1155 975 retinentur.
1185 894 1332 1002 Ingens
1362 910 1555 1002 praterea
1573 887 1819 978 Orationum
1845 888 1960 1002 copia
1992 907 2056 974 at·

431 1044 513 1128 que
545 1014 802 1117 varietates,
830 1034 1002 1118 quarum
1031 1009 1120 1092 alia
1157 1006 1332 1092 vetustas
1362 1008 1630 1096 Ecclesrarum
1662 1006 1866 1120 Hispania
1895 1003 2057 1091 consue·

432 1133 589 1219 tudines
619 1129 670 1214 ad
702 1128 942 1212 memoriam
972 1149 1195 1234 revocant,
1224 1125 1311 1210 alia
1340 1124 1436 1212 stdei
1455 1124 1647 1241 dogmata
1676 1126 1726 1210 ad
1746 1148 1927 1209 mentem
1947 1133 2054 1211 Con·

433 1253 619 1337 ciliorum
650 1243 854 1359 Hispania
881 1267 953 1329 aut
982 1246 1223 1358 explicant,
1251 1267 1322 1328 aut
1360 1243 1544 1330 adversus
1574 1243 1719 1359 priscos
1748 1245 2051 1332 Hareticorum

377 1374 407 1458 6
434 1392 582 1454 errores
610 1386 810 1449 tuentur„
836 1367 926 1448 Nec
955 1362 1176 1475 quidquam
1208 1364 1251 1446 in
1282 1364 1331 1446 iis
1357 1362 1505 1448 oll'endi
1535 1362 1642 1474 quod
1674 1390 1841 1476 pravam
1869 1363 2055 1448 Acatho·

433 1485 602 1574 licorum
634 1477 858 1566 dodlriuam
889 1480 1104 1595 sapiebat,
1136 1485 1175 1565 8(
1207 1481 1249 1565 in
1280 1508 1460 1565 mentem
1495 1482 1682 1564 veniebat
1712 1480 1859 1566 Patres
1880 1479 2052 1567 Concilii

433 1598 651 1693 Mantuani
680 1626 788 1682 anuo
818 1626 992 1707 uuxru,
1021 1627 1156 1682 coram
1189 1597 1420 1690 Alexandro,
1436 1607 1495 1685 11.
1528 1599 1756 1706 Pontisrce‚
1788 1598 1907 1681 libros
1938 1599 2053 1682 litur-

341 1737 403 1835 ‘7
435 1722 545 1838 gicos
573 1718 866 1823 Mozarabum,
895 1740 1076 1801 accurate
1106 1714 1307 1824 discussos,
1338 1716 1599 1804 Orthodoxos
1630 1715 1916 1829 pronuntiasse,
1947 1722 2051 1803 Sunt

436 1836 601 1951 quidem
631 1836 794 1920 rubrica
822 1836 976 1947 aliquot
1007 1836 1237 1920 recentioris
1268 1834 1373 1918 avi.
1402 1835 1478 1922 Sed
1505 1837 1566 1920 hae
1596 1834 1737 1948 seipsas
1760 1833 1965 1947 produnt,
1995 1831 2053 1916 sa·

379 1961 405 2045 8
436 1958 514 2042 cile
542 1954 858 2070 dignoscuntur,
888 1982 960 2038 nec
992 1954 1293 2041 sacramentarii
1323 1955 1558 2065 antiquitati
1588 1953 1800 2037 officiunt.
1831 1958 2051 2068 Quacum

435 2075 575 2190 sapius
601 2073 913 2186 recogitassem,
956 2075 995 2156 8(
1026 2070 1084 2155 ad·
1107 2072 1327 2156 maximam
1358 2074 1597 2178 affinitatem
1629 2069 1920 2174 attendissem,
1960 2097 2049 2178 qua

433 2192 565 2280 Missa
593 2191 855 2274 Mozarabicae
885 2219 978 2276 curn
1010 2189 1135 2303 prisca
1166 2193 1375 2276 Gallorum
1396 2190 1516 2275 Missa
1545 2188 1844 2291 intercedebat,
1877 2188 1918 2269 in
1946 2188 2051 2272 hanc

434 2309 676 2396 sententiam
706 2307 849 2394 deveni
867 2309 1023 2394 Millale
1043 2302 1227 2394 Ximeuia'
1258 2337 1348 2391 eam
1379 2309 1554 2393 sormam
1572 2305 1784 2421 peragendi
1806 2304 1956 2388 Divina
1982 2333 2053 2388 uo·

435 2429 498 2513 bis
525 2427 751 2536 exhibere,
779 2454 868 2537 qua
899 2427 941 2510 in
974 2425 1168 2539 Hispania
1198 2427 1330 2534 olim,
1359 2450 1481 2536 atque
1513 2428 1555 2510 in
1571 2427 1702 2512 Gallia
1733 2422 1858 2538 prisco
1890 2421 1960 2507 usu
1990 2451 2053 2506 rc·

435 2567 555 2659 cepta
584 2544 746 2652 suerat,
777 2545 1063 2658 optimumque
1093 2543 1344 2630 Cardinalem
1376 2546 1646 2651 Ximenium,
1679 2543 1818 2656 insigni
1848 2541 1925 2623 hoc
1957 2569 2053 2652 ope·

435 2691 483 2750 re
512 2661 621 2776 typis
649 2663 855 2775 vulgato,
888 2661 1207 2775 Hispanienfium
1238 2662 1386 2777 pariter
1415 2726 1428 2771 ,
1460 2667 1499 2748 8(
1531 2664 1824 2748 Gallicanarum
1858 2657 2056 2744 Ecclesia·

437 2807 531 2868 rum
562 2779 761 2866 vetustam
790 2780 1000 2895 liturgiam
1028 2781 1081 2864 ab
1110 2782 1345 2890 oblivione,
1375 2787 1414 2867 8(
1447 2780 1615 2866 interitu
1645 2777 1884 2866 vindicasse.

1227 3028 1267 3108 I.

851 3209 962 3290 Pars
982 3194 1123 3318 primo
1140 3195 1326 3315 Missalis
1342 3194 1635 3316 Mozarabici.
1730 3230 1763 3285 .·
1827 3166 1854 3238 ‘⁵
1888 3162 1894 3238 ζ
1920 3286 1924 3293 .

375 3414 407 3496 9
538 3381 742 3496 Iturgiae,
774 3408 898 3490 quam
929 3379 1058 3494 postea
1085 3385 1385 3476 Mozarabicam
1416 3384 1714 3493 nominarunt,
1744 3412 1769 3467 a
1800 3382 1973 3498 suscepta
2004 3384 2054 3469 fi·

566 3500 616 3584 de
646 3497 868 3584 Christiana
896 3498 945 3580 ad
977 3501 1079 3582 hanc
1110 3498 1230 3609 usque
1262 3500 1394 3608 diem,
1425 3502 1512 3585 ulus
1541 3502 1688 3614 aliquis
1713 3502 1866 3616 semper.
1896 3502 1937 3587 in
1969 3503 2053 3589 Hi·

434 3619 572 3737 spania
601 3617 710 3702 suit.
741 3623 930 3702 Exeunte
958 3615 1098 3699 laculo
1125 3614 1426 3728 decimoquinto
1456 3620 1523 3703 sex
1554 3621 1736 3707 Ecclesra
1755 3618 2077 3728 mozarabico,

435 3738 584 3849 quibus
611 3735 797 3822 Saraceni
827 3755 1127 3848 pepercerant,
1158 3736 1300 3820 Toleti
1339 3735 1561 3848 superstites
1597 3738 1911 3820 numerabantur
1936 3731 2052 3850 .·(a)

436 3862 624 3971 Quarum
657 3852 901 3957 Presbiteri,
930 3854 1126 3936 &Cieros
1155 3853 1372 3966 privilegiis
1402 3851 1509 3936 haud
1535 3854 1837 3936 contemnendis
1868 3854 2055 3939 frueban-

436 3994 535 4081 tur,
564 4000 653 4084 qua
682 3998 791 4054 anno
823 3978 935 4071 1480
966 3969 1234 4057 Ferdinandus
1265 3975 1303 4056 8(
1340 3970 1534 4074 isabella,
1566 3972 1765 4056 Catholici
1785 3978 1948 4083 Reges,
1981 4000 2055 4055 no·

352 4117 410 4180 to
438 4120 492 4177 vo
523 4091 760 4201 Diplomate
787 4089 1105 4173 confirmarunt.
1136 4086 1211 4175 Sed
1242 4089 1451 4174 Presbiteri
1477 4089 1723 4174 Mozarabici
1755 4090 1921 4196 Missas,
1951 4091 2048 4173 alia·

436 4238 517 4322 que
547 4210 699 4319 Divina
729 4207 890 4312 officia,
922 4234 1033 4303 more
1059 4212 1280 4313 Romano,
1309 4207 1544 4320 plerumque
1563 4209 1793 4293 faciebant.
1823 4212 1942 4312 Nec,
1974 4209 2050 4293 nili

436 4327 557 4410 certis
586 4322 821 4436 quibusdam
853 4323 1004 4409 sellivis
1031 4322 1199 4432 diebus,
1228 4325 1311 4408 ritu
1341 4327 1600 4409 Mozarabico
1629 4326 1732 4410 sacra
1761 4324 1955 4437 Mysteria
1985 4355 2050 4410 ce·

437 4445 590 4528 lebrare
618 4443 835 4526 solebant.
864 4443 976 4527 Huic
1005 4445 1117 4525 malo
1145 4451 1285 4528 Petrus
1312 4441 1531 4528 Cardinalis
1568 4443 1618 4527 de
1648 4441 1850 4529 Mendoza
1878 4444 2050 4530 Archie·

436 4562 615 4678 piscopus
644 4561 868 4646 Toletanus
897 4559 1121 4644 remedium
1150 4562 1290 4645 afferre
1320 4562 1601 4672 cogitaverat,
1632 4564 1786 4646 nullum
1819 4586 1955 4646 tamen
1987 4585 2050 4646 at·

353 4711 403 4771 11
442 4682 568 4764 tulit.
596 4678 830 4786 Mendoza,
861 4705 1123 4787 ann01495,
1153 4677 1324 4763 succeffit
1352 4680 2047 4778 FranciscuscardinalisXimenius

436 4797 486 4882 de
502 4796 705 4904 cinctos,
734 4797 831 4907 qui,
860 4797 969 4880 inter
994 4796 1141 4907 primas
1174 4795 1230 4879 sui
1247 4796 1616 4910 Archiepilcopatus
1644 4797 1857 4903 curas,.ad
1888 4828 1948 4881 res
1968 4805 2046 4884 Ec·

418 4910 663 5004 'clesrasticas
693 4915 959 4996 Mozarabum
989 4911 1225 5024 reparandas
1263 4913 1444 4996 animum
1474 4916 1667 5027 appulit.
1699 4915 1958 5025 Primumque
1989 4917 2047 5003 es·

290 5050 300 5055 “
436 5035 568 5137 fecit,
601 5057 647 5113 ut
666 5031 871 5113 Presbiteri
888 5029 1136 5113 Mozarabici
1168 5031 1326 5145 proprio
1344 5032 1449 5139 ritu,
1478 5032 1614 5146 sapius
1642 5061 1765 5142 quam
1783 5058 1924 5140 antea,
1957 5063 2047 5119 rem

437 5152 615 5235 divinam
635 5148 840 5230 lacerent.
869 5144 990 5260 Quod
1012 5167 1060 5227 ut
1078 5147 1231 5231 facilius
1249 5146 1506 5259 proclinent,
1535 5151 1716 5256 Millale,
1734 5156 1774 5235 8(
1794 5154 2048 5238 Breviarium

352 5300 406 5367 12
436 5266 729 5365 Mozarabum,
757 5259 952 5345 caradlere
973 5264 1140 5370 usitato,
1173 5266 1282 5376 typis
1299 5262 1448 5350 edenda
1465 5271 1643 5353 curavit.
1672 5270 1909 5359 Mozarabes
1932 5273 2048 5358 enim

435 5389 479 5477 in
496 5388 665 5493 choro,
695 5378 983 5488 &adAltare,
1010 5376 1205 5464 haetenus
1233 5381 1289 5464 usi
1306 5379 1465 5467 fuerant
1493 5387 1605 5470 libris
1620 5385 1914 5501 eeclefiasticis,
1943 5417 2048 5499 quos

1926 5509 2051 5622 pauci

399 5674 403 5685 '
480 5658 542 5750 (a)
562 5660 617 5721 Ea
636 5666 726 5719 erant
754 5644 902 5716 Ecclesia
917 5644 1219 5713 parochialesSan-
1272 5648 1969 5744 inTrauatutritomo-chronologiaed<
1990 5661 2052 5725 Li·

436 5750 479 5813 ffi
495 5746 600 5812 Maeci
613 5791 623 5818 ‚
636 5743 755 5806 Saucia
770 5735 908 5803 Eulalia
922 5778 937 5809 ,
957 5736 1142 5799 Saudarum
1155 5736 1218 5805 Ju-
1273 5738 1382 5820 turgia
1405 5741 1540 5823 antiqua
1556 5742 1728 5828 Hispanico
1752 5758 1894 5828 anast.
1908 5750 1981 5831 ad·3
1993 5772 2049 5826 ¹4·

433 5836 514 5908 sse,
539 5839 568 5901 ει
595 5833 745 5904 Rufina,
773 5833 805 5890 S·
820 5823 939 5896 Luca,
963 5822 1186 5887 &Sebastiam
1200 5867 1210 5898 ‚
1270 5828 1299 5889 ἃ
1327 5844 1441 5907 n·3o9.
1464 5830 1493 5894 8(
1520 5836 1608 5910 364.Ι
1622 5835 1781 5915 pramilso
1809 5839 1921 5904 Tomo
1945 5837 2048 5906 sexto

433 5924 465 5990 ἃ
478 5928 510 5987 s.
520 5916 686 6003 Torquati
701 5939 712 5995 3
740 5917 781 5979 de
795 5915 916 5997 quibus
930 5955 939 5984 ‚
953 5910 1118 5975 decorum
1134 5908 1215 5972 Cle·
1273 5911 1430 5982 Actorum
1443 5919 1723 5996 Sanaotumlulii
1735 5962 1749 5988 .

434 6031 502 6087 ιο,
529 6005 758 6101 &privilegiis
782 6002 856 6094 agit
878 6000 1088 6075 klouannes
1098 5995 1215 6064 Plutus
1775 6012 1777 6017 '
