4450 7209
563 689 816 775 DOMINICA
829 691 1004 777 marin
1021 696 1425 791 Qlaounorslmm
1749 710 1820 804 τῖς

211 785 277 901 ud
290 784 852 904 rorfradiisnrmpauis.·drrifonr
866 846 876 869 .
891 794 968 871 Fiat
1018 819 1146 899 guttur
1157 797 1296 879 lucerna
1308 810 1383 890 eius
1396 804 1433 878 in
1446 801 1567 882 mediis
1577 805 1832 885 tenebrir.He··
1863 835 1911 910 55

159 887 393 1001 milettqurdta
403 905 464 966 tua
480 892 632 1002 Domine
642 894 743 999 super
754 922 821 979 nos
846 923 856 969 r
882 894 969 975 ficut
1019 899 1146 981 reditas
1161 902 1316 996 adquam
1333 903 1508 981 festinatur
1522 906 1556 980 in
1571 908 1831 1007 principiosin·

158 988 369 1088 speravimus
383 1010 418 1061 ru
433 1006 499 1065 te.
1016 998 1201 1077 novimum
1213 1000 1454 1079 benedidione
1463 1007 1620 1083 carebit.
1649 1010 1708 1081 Ne
1731 1008 1826 1083 dicas

1013 1098 1157 1175 reddam
1171 1098 1294 1178 malurn
1311 1126 1377 1198 pro
1393 1099 1513 1178 malo.
1537 1102 1685 1201 expedia
1701 1104 1827 1185 Domi·

99 1218 120 1294 5
289 1186 366 1261 md
378 1190 563 1265 orationem
584 1192 821 1269 nominitant}
1015 1218 1098 1271 nuru
1113 1195 1320 1275 &liberabit
1336 1220 1375 1277 te
1390 1203 1755 1281 .Abhominatioesta
1780 1203 1828 1277 ud

525 1384 534 1405 ⁹
606 1386 613 1405 1
1019 1294 1136 1371 Deum
1166 1300 1304 1393 pondus
1320 1303 1358 1374 dc
1372 1303 1533 1397 pondus.
1560 1303 1680 1375 statera
1705 1230 1826 1378 dolissa
1862 1304 1917 1379 6·

285 1382 535 1465 ssererenollrr
564 1384 616 1463 filt
644 1388 765 1467 David
779 1416 822 1467 ne
836 1387 976 1473 darida·
1023 1416 1097 1471 non
1108 1398 1158 1469 est
1169 1396 1287 1473 bona.
1308 1398 1510 1476 ADomino
1521 1399 1720 1498 diriguntur
1732 1400 1856 1498 grem
1986 1452 1998 1467 ,

156 1526 162 1538 ·
294 1510 367 1561 mus
384 1486 489 1563 invia
518 1516 528 1558 s
555 1510 619 1560 ner
632 1488 769 1581 ,laboris
778 1492 975 1575 subruamur
1022 1491 1076 1568 sus
1093 1494 1268 1571 hominis.
1293 1496 1329 1568 Si
1353 1500 1430 1592 quis
1444 1517 1559 1572 autem
1574 1496 1753 1572 hominum
1774 1495 1832 1569 in·

157 1590 307 1683 pressura
333 1615 343 1657 s
371 1610 417 1663 ne
445 1586 516 1659 line
542 1583 653 1663 numu
666 1591 909 1685 perveniamus
925 1596 970 1669 ad
1019 1590 1181 1691 telligere
1206 1592 1341 1691 poterit
1362 1594 1456 1671 iiam
1482 1594 1577 1672 suam
1604 1640 1617 1665 .
1642 1594 1755 1670 Ruina
1779 1594 1829 1669 eli

75 1714 122 1771 10
160 1684 331 1783 patriam·
363 1688 410 1759 Ut
429 1686 636 1783 parsimonie
664 1690 777 1763 nostre
792 1691 968 1789 propicia·
1015 1688 1494 1771 hominidevotareSandlos
1520 1733 1530 1767 ι
1556 1696 1594 1767 &
1610 1693 1687 1790 poll
1703 1708 1832 1768 votam

155 1802 212 1857 tus
225 1802 269 1859 er
288 1780 436 1859 victimis
468 1813 479 1855 s
504 1784 665 1861 exaudias
680 1807 805 1864 vocem
821 1792 970 1868 nostres
1018 1792 1232 1867 retradlare·
1254 1792 1407 1892 Diffipat
1429 1791 1557 1892 impios
1585 1813 1650 1865 rer
1672 1790 1829 1888 sapienta
1866 1793 1915 1887 65

154 1878 380 1994 consessionis
394 1906 405 1949 r
419 1900 495 1959 eum
509 1886 552 1959 ad
566 1902 601 1959 te
610 1882 971 1984 proclamaverimus
1019 1892 1055 1963 dt
1069 1890 1228 1967 incurvat
1242 1891 1344 1988 super
1370 1917 1433 1969 tos
1459 1893 1652 1967 fornicem.
1676 1888 1831 1963 Lucerna

156 2000 283 2055 tertis·
302 1982 406 2055 Pater
414 1982 529 2056 noller
543 2030 555 2055 .
1020 1988 1162 2065 Domini
1172 1986 1412 2088 inspiraculum
1424 1990 1572 2065 hominis
1587 2019 1596 2062 r
1612 1987 1671 2081 qui
1685 1988 1830 2062 invelli-

205 2081 307 2153 Ds'rrr
322 2073 445 2153 ansb.
462 2076 651 2157 Humiliate
671 2103 739 2160 vos
754 2082 975 2165 benedictio*
1049 2106 1084 2165 ar
1109 2088 1223 2163 omnia
1248 2087 1379 2162 secreta
1405 2090 1569 2164 ventris·
1593 2085 1831 2162 Misericordia

80 2202 120 2279 15
155 2175 216 2255 ni.
241 2176 411 2251 Dominus
422 2175 465 2255 lit
476 2177 611 2277 semper
623 2179 824 2287 vobiscumg
1018 2114 1535 2287 {veritsscuoodiuntregem
1558 2212 1569 2256 s
1590 2185 1628 2259 br
1652 2185 1835 2285 roborabi-

206 2276 426 2373 μΕεοιιιη.
1018 2303 1077 2362 tur
1092 2280 1274 2363 clementia
1285 2286 1432 2365 thronus
1445 2293 1550 2385 ejus·
1865 2296 1921 2386 70'

1065 2396 1117 2483 ξι.
1127 2391 1242 2463 Amen
1255 2431 1267 2456 .

452 2476 642 2555 menedimo
665 2525 677 2551 .

968 2673 972 2681 Ι
1070 2580 1184 2656 deliis
1198 2577 1283 2657 libri
1297 2582 1478 2683 Mamers·
1502 2596 1552 2682 ξι.
1567 2583 1651 2659 Deo
1663 2576 1811 2679 gratim.

77 2696 123 2756 2⁰
154 2664 730 2884 JEsusliliusDriquiellpauis
755 2672 882 2754 vivuat
898 2674 974 2753 ine·
1172 2717 1175 2722 ·
1671 2682 1837 2751 cami.
1886 2724 1896 2735 ·

226 2772 318 2845 diam
343 2771 492 2847 vestram
525 2774 629 2848 donis
656 2771 889 2874 spiritualibus
917 2795 975 2848 re·
1084 2775 1122 2853 N
1147 2772 1215 2849 illis
1231 2776 1375 2855 diebuss
1400 2776 1523 2855 videns
1539 2774 1837 2854 BalaatfiliusSr·
1867 2798 1916 2883 75

159 2872 256 2969 pleat
270 2918 282 2941 .
294 2874 495 2961 malmen-
515 2871 672 2951 Mentem
689 2870 833 2949 eonlilio
845 2869 975 2947 saluta·
1097 2875 1190 2974 pbor
1199 2878 1320 2955 omnia
1332 2900 1399 2973 que
1407 2880 1540 2952 fecerat
1550 2876 1652 2953 lsrael
1666 2880 1833 2949 Ammor·

158 2970 191 3047 ri
204 2969 401 3067 premuniat
414 2990 573 3048 .earntm
588 2972 688 3048 viciis
706 2970 823 3049 eluats
849 2989 975 3045 votum
1023 2998 1089 3049 reo
1106 2976 1165 3046 a&
1178 2977 1271 3069 quod
1289 2976 1628 3073 pertimuid‘tnteum
1644 2973 1832 3049 Moabitas

160 3086 345 3166 acceptet.
361 3068 594 3165 jejuniumque
603 3068 976 3149 benedicendosantri·
1023 3068 1324 3167 &impetumejus
1339 3076 1433 3148 serre
1456 3096 1525 3146 non
1542 3072 1678 3168 pod'tnt
1705 3096 1716 3140 t
1741 3067 1835 3143 dixit

75 3192 121 3269 αξ
162 3168 272 3243 liert·
302 3180 352 3264 ξι.
365 3170 475 3241 Amen
494 3214 505 3239 .
523 3172 571 3242 Ut
589 3174 663 3257 tius
677 3171 777 3245 dono
790 3167 884 3243 omni
898 3169 975 3242 artu
1024 3171 1068 3245 ad
1086 3172 1239 3253 maiores
1253 3190 1338 3246 natu
1354 3168 1520 3244 Madian.
1543 3172 1596 3245 lta
1620 3165 1753 3242 delevit
1775 3165 1834 3239 hie

159 3264 440 3341 mereaminieffe
459 3260 669 3346 felicesscui
687 3265 885 3342 abstinentie
915 3264 977 3336 de·
1023 3264 1377 3377 populusomnesqui
1393 3268 1428 3343 in
1442 3268 1563 3345 nollris
1594 3264 1719 3343 finibus
1733 3288 1834 3340 com·
1867 3272 1920 3351 80

161 3363 263 3439 fertis
277 3360 466 3439 humilimas
489 3387 636 3461 preces.
664 3380 714 3457 ξι.
741 3370 877 3441 Amen.
905 3367 974 3439 Per
1024 3386 1205 3444 morantur
1233 3396 1244 3439 r
1269 3368 1445 3465 quomodo
1462 3365 1553 3444 solet
1568 3364 1834 3443 boshetbasus·

160 3460 430 3539 misericordiam
446 3462 547 3557 ipfius
565 3464 633 3539 Dei
648 3462 750 3537 nostri
778 3462 836 3557 qui
852 3461 899 3533 tll
913 3466 977 3535 bt·
1024 3492 1091 3563 que
1103 3467 1145 3540 ad
1161 3464 1292 3541 radices
1306 3489 1480 3564 carperez
1502 3464 1578 3563 lpse
1595 3482 1671 3539 erat
1685 3479 1836 3538 eorem.

159 3560 316 3635 nedidlus
328 3562 366 3635 dr
380 3560 471 3639 vivit
483 3560 645 3638 &omnia
663 3563 764 3661 regit
774 3560 809 3634 in
821 3556 976 3635 setulas
1026 3587 1116 3665 pore
1132 3565 1211 3638 Rex
1226 3567 1261 3640 in
1276 3566 1384 3640 Moab
1398 3613 1408 3635 .
1420 3564 1516 3637 Milit
1529 3586 1620 3663 ergo
1632 3560 1778 3635 nuncios
1792 3559 1837 3633 ad

75 3686 122 3765 30
159 3656 378 3736 seculorum·
1026 3661 1162 3745 Balaam
1189 3662 1298 3737 filium
1314 3661 1567 3740 beorariolam
1594 3686 1604 3729 r
1626 3660 1685 3756 qui
1699 3657 1835 3733 habita·

213 3772 264 3857 ξε.
279 3766 422 3831 Amen.
1026 3762 1087 3837 bat
1107 3757 1207 3854 super
1222 3764 1347 3835 flumen
1375 3782 1470 3835 tetre
1498 3757 1649 3835 filiorum
1659 3764 1836 3833 Ammonr
1870 3766 1918 3860 85

209 3852 803 3952 Dominuslitsemperaobistumi
912 3917 917 3931 .
1027 3879 1067 3932 ut
1083 3876 1228 3932 vocaret
1260 3882 1338 3931 eum
1362 3861 1398 3932 dr
1426 3860 1560 3932 diceret
1581 3906 1592 3927 .
1617 3854 1838 3969 Ecceegres·

210 3969 261 4053 ξι.
273 3954 424 4030 Etcum.
1026 3953 1080 4031 sus
1095 3954 1143 4025 ell
1159 3954 1308 4052 populus
1325 3978 1371 4026 rx
1387 3956 1527 4053 Egypto
1543 3954 1622 4050 aqui
1634 3950 1840 4049 operuttsu·

211 4051 552 4127 uindicat-chorus..
569 4048 641 4139 Qui
655 4049 754 4127 venit
777 4050 890 4124 adme
906 4074 977 4127 non
1027 4050 1206 4151 perficiem
1236 4075 1331 4127 terre
1359 4053 1478 4125 sedens
1499 4072 1718 4126 eontrame.
1747 4050 1840 4123 Veni

79 4160 125 4251 35
166 4150 317 4227 tiufiet·
1027 4147 1496 4248 igitur&maledicpopulo
1523 4151 1629 4223 ltuicr
1656 4148 1736 4244 quia
1763 4149 1841 4225 for·
1899 4160 1908 4178 ·

213 4248 356 4325 orario.
374 4242 486 4343 Reple
499 4243 654 4321 Domine
668 4247 914 4321 cornollrum.
1030 4250 1102 4325 tior
1116 4269 1173 4318 me
1186 4249 1234 4320 est
1250 4277 1259 4315 r
1273 4250 1299 4323 li
1314 4250 1504 4345 quomodo
1518 4250 1640 4342 poffinr
1655 4268 1839 4343 percutere
1869 4272 1921 4341 90

214 4348 359 4445 acquire
373 4362 464 4420 retro
479 4350 513 4418 r‘n
527 4352 584 4418 Vl.
593 4340 708 4431 oria.
731 4342 979 4422 Llrebdomada
1028 4368 1129 4419 eume
1149 4348 1183 4419 dr
1200 4347 1329 4431 ejicere
1344 4349 1388 4420 de
1400 4366 1493 4421 terra
1509 4369 1609 4420 mea.
1633 4346 1732 4421 Novi
1747 4348 1839 4419 enim

162 4441 445 4589 Qrdragpssme·
460 4440 686 4517 rolxtVrrr.
1028 4444 1337 4616 qupddbgnedidus
1364 4443 1407 4517 fir
1431 4444 1752 4614 εῗίἀρἃεηεάῐιειίῗΐ
1762 4444 1840 4555 «οἂ

1028 4566 1151 4617 maes
1190 4566 1274 4617 usin
1314 4566 1525 4615 uemmaer
1561 4565 1670 4614 acon
1700 4566 1717 4607 e
1746 4562 1841 4611 etis.

80 4664 136 4735 40
240 4636 296 4713 IN
311 4636 491 4717 TERTIO
515 4634 773 4711 DOMlNlCO
785 4636 906 4729 Qut·
1028 4567 1840 4724 perrexeruntsenioresmosnumfiresna·
1900 4686 1903 4694 ·
1980 4664 2009 4708 x,

418 4734 722 4813 DRAGESIME·
1027 4754 1065 4809 ru
1081 4736 1218 4810 Madian
1236 4738 1401 4809 habentes
1431 4733 1656 4808 divinationis
1685 4734 1839 4829 precium
1869 4757 1920 4829 95

940 4846 942 4849 ’
1030 4832 1235 4907 inmanibus
1254 4880 1266 4905 .
1294 4832 1364 4922 Qi
1376 4850 1454 4904 turn
1468 4828 1636 4907 venissent
1649 4834 1692 4905 ad
1707 4828 1841 4906 Balaam

458 4924 691 5024 addMlffirrr·
1031 4932 1068 5003 δι
1086 4930 1276 5004 narrassent
1309 4931 1342 5002 ei
1369 4928 1481 5001 omnia
1507 4935 1618 5003 verba
1645 4928 1767 5007 Balaac
1783 4925 1842 5000 ille

1030 5025 1235 5125 respondit·
1246 5027 1386 5100 Manere
1399 5028 1453 5098 hic
1465 5028 1528 5099 hac
1538 5026 1640 5101 node
1655 5030 1690 5099 dt
1700 5028 1844 5124 respou-

83 5154 136 5229 45
219 5126 333 5203 fflio
345 5121 431 5203 libri
441 5119 715 5203 Proverbiorurn
730 5118 934 5199 salomonis.
1015 5125 1126 5205 ,debo
1144 5122 1304 5217 quicquid
1320 5122 1399 5197 milri
1414 5124 1545 5196 dixerit
1559 5126 1840 5199 Dominus-Ma·
1910 5154 1917 5163 ·

167 5238 218 5325 ξι.
237 5226 318 5302 Deo
333 5224 485 5324 gratias.
913 5228 985 5291 rt.
1034 5221 1200 5296 nentibus
1213 5217 1279 5295 illis
1294 5221 1383 5317 apud
1399 5220 1531 5295 Balaam
1550 5224 1670 5298 evenit
1700 5226 1795 5295 Deus
1808 5228 1844 5297 br
1877 5246 1947 5297 roo

139 5362 154 5387 ο
263 5323 304 5398 lli
320 5348 330 5391 t
346 5324 454 5401 suavis
468 5324 515 5398 ell
530 5320 660 5400 homini
674 5320 774 5420 panis
790 5316 980 5395 mendaciis
1031 5319 1080 5395 sit
1096 5325 1140 5397 ad
1155 5343 1256 5394 eum.
1281 5321 1375 5413 Qid
1391 5320 1451 5393 fibi
1469 5317 1600 5396 solunt
1620 5323 1778 5399 homines
1796 5321 1845 5393 illi

253 5428 305 5508 2&
323 5424 438 5517 polles
453 5421 652 5519 implebitur
673 5444 716 5495 os
733 5426 807 5506 eius
824 5415 981 5491 calculo·
1030 5422 1120 5515 apud
1136 5422 1201 5491 tr?
1230 5418 1442 5516 Respondit.
1468 5417 1589 5498 balaac
1609 5418 1696 5489 lilius
1710 5420 1847 5516 sephor

171 5519 417 5622 Cogitationes
432 5520 558 5597 consilii
577 5524 790 5597 roborantur
822 5542 832 5584 r
859 5522 896 5590 δι
918 5538 982 5613 gu·
1030 5520 1113 5593 Rex
1127 5516 1362 5591 Moabitarum
1376 5516 1465 5589 mim
1484 5518 1593 5589 adme
1607 5515 1745 5587 dicens.
1759 5519 1848 5589 Ecce

88 5635 140 5725 50
170 5615 364 5694 bernaculis
382 5618 557 5694 tractanda
569 5620 645 5692 sunt
656 5614 747 5690 bella
763 5662 774 5685 .
797 5616 839 5689 Et
856 5611 912 5709 qui
929 5634 983 5684 re·
1031 5611 1254 5709 populusqui
1268 5613 1418 5712 egressus
1436 5614 1484 5685 est
1499 5618 1542 5685 dr
1556 5616 1697 5709 Egypto
1706 5616 1848 5711 operuit
1912 5620 1919 5631 '

170 5714 470 5808 velatmylltrium
484 5742 494 5785 t
508 5720 542 5790 dt
558 5714 704 5789 ambulat
720 5706 984 5787 fraudulenter:
1033 5710 1253 5807 superficiem
1265 5730 1359 5785 terre
1376 5753 1388 5778 ·
1417 5710 1503 5781 Veni
1535 5712 1570 5783 dr
1592 5710 1733 5797 maledic
1755 5710 1843 5807 eisll
1878 5734 1945 5810 105

169 5822 207 5891 bt
223 5816 281 5909 qui
295 5812 423 5887 dilatat
440 5811 528 5887 labia
538 5812 595 5886 sua
621 5839 631 5881 r
656 5836 697 5882 ne
712 5806 984 5883 commiscearis.
1034 5809 1213 5901 qttomodo
1241 5829 1396 5905 pugnans
1416 5809 1539 5899 possum
1555 5808 1694 5905 abigere
1710 5834 1844 5882 eunus.

68 6000 71 6005 ,
170 5904 246 6001 Qui
259 5910 432 5995 maledicit
445 5908 537 6008 patri
565 5908 796 6012 sundrmatri
829 5934 840 5981 a
868 5904 983 6002 errius
1027 5907 1134 5993 Dixit
1149 5904 1322 5985 Dominus
1338 5903 1381 5981 ad
1393 5901 1556 6081 dalap'm.
1585 5902 1670 5984 Noli
1703 5904 1754 5980 ire
1767 5930 1846 6019 cum
1912 5940 1915 5947 ·

1530 6024 1550 6077 a
1690 6064 1694 6070 .
1797 6028 1848 6079 ers
