4450 7209
227 803 230 810 ,
572 713 1172 801 8ᾹΒΒΑΤο8ΑΝ<ΖΤΟ
1209 715 1491 791 PASCHE·
1791 722 1867 807 185·

130 841 134 847 ’
209 820 336 897 itinere
351 815 464 897 ‘trium
485 815 617 892 dierum
635 865 646 888 .
673 820 716 891 Et
732 819 825 910 cepit
837 814 1011 897 lonasin·
1060 812 1213 889 irasceris
1230 832 1267 886 tu
1282 815 1380 910 super
1394 809 1578 889 hederam?
1593 811 1634 886 Et
1647 809 1760 887 dixit·
1779 815 1876 890 Bene¹
1906 838 1948 912 55

209 922 320 996 troire
348 919 548 997 civitatem:
575 917 701 988 itinere
726 914 794 989 diei
821 914 943 989 unius:
974 915 1010 986 dt
1061 912 1191 986 irascor
1217 915 1411 1010 egousque
1435 919 1477 988 ad
1504 931 1681 985 mortem.
1710 914 1752 987 Et
1779 915 1879 988 dixit

209 1016 370 1094 clamavit
388 1018 447 1088 i&
471 1016 563 1089 dixit
591 1061 604 1084 ·
637 1015 763 1088 Adhuc
790 1010 1017 1108 quadraginta
1066 1010 1099 1085 ei
1115 1009 1308 1083 Dominus.
1336 1015 1389 1082 Tu
1412 1009 1509 1086 doles
1524 1012 1626 1105 super
1650 1010 1812 1088 hederam
1839 1012 1878 1085 in

211 1118 285 1190 dies
302 1142 312 1184 :
342 1119 379 1188 δι
406 1112 560 1188 Ninnive
579 1104 822 1187 subiertetur.
847 1112 890 1184 Et
907 1109 1019 1183 credi·
1067 1131 1134 1206 qua
1148 1132 1219 1183 non
1234 1108 1414 1182 laborasti:
1442 1133 1553 1201 neque
1571 1109 1676 1182 fecisti
1690 1129 1729 1183 ut
1743 1109 1878 1184 cresce·

156 1233 178 1306 5
210 1217 338 1288 derunt
352 1212 419 1289 viri
437 1208 623 1288 Ninnivite
636 1211 670 1283 in
685 1213 822 1283 Deum:
852 1211 887 1280 δε
902 1206 1018 1306 predi·
1067 1224 1146 1282 ret:
1176 1229 1243 1299 que
1276 1207 1335 1277 sub
1357 1227 1420 1279 una
1446 1207 1549 1279 nocte
1566 1226 1644 1279 nata
1658 1210 1729 1279 est:
1757 1211 1792 1280 δι
1809 1234 1875 1300 una
1917 1226 1920 1231 '

150 1302 155 1310 ⁸
209 1331 377 1387 caverunt
392 1310 586 1397 ieiunium.
611 1310 653 1381 Et
681 1308 795 1381 vestiti
821 1307 897 1379 sunt
914 1305 1017 1378 saccis
1068 1300 1173 1378 nothe
1191 1303 1320 1397 periit.
1343 1304 1386 1378 Et
1402 1328 1471 1399 ego
1486 1327 1553 1375 non
1569 1327 1704 1400 parcam
1719 1306 1874 1383 Ninuive
1902 1308 1954 1384 60

207 1414 376 1494 amaiore
390 1409 492 1507 usque
515 1409 557 1482 ad
574 1406 743 1481 minorem
756 1452 767 1475 .
794 1404 836 1477 Et
853 1401 1015 1498 pervenit
1065 1400 1204 1475 civitati
1219 1424 1368 1497 magne:
1383 1403 1419 1474 in
1436 1426 1501 1496 qua
1515 1401 1593 1474 sunt
1607 1400 1779 1497 plusquam
1791 1426 1892 1478 cen-t.

206 1508 351 1582 nuncius
381 1507 425 1578 ad
449 1508 582 1605 Regem
610 1505 788 1581 Ninnive:
817 1498 1016 1574 &surrexit
1065 1519 1138 1572 tum
1151 1493 1280 1595 viginti
1295 1493 1398 1573 millia
1410 1499 1612 1573 hominum:
1640 1503 1696 1592 qui
1720 1501 1875 1577 nesciunt

207 1609 253 1679 de
282 1601 370 1678 solio
400 1605 499 1677 suo:
538 1605 575 1675 dt
607 1603 734 1689 abjecit
766 1597 1013 1675 vestimentum
1063 1595 1147 1690 quid
1163 1597 1204 1669 fit
1221 1597 1313 1668 inter
1325 1597 1507 1670 dexteram
1531 1595 1874 1675 &finiurarnsuanz

134 1723 182 1780 ιο
209 1705 305 1777 suum
326 1702 414 1776 ase:
439 1701 629 1775 &indutus
646 1701 830 1776 estsacco·
861 1698 904 1771 Et
928 1694 1016 1769 sedit
1065 1697 1102 1767 a:
1118 1698 1270 1779 jumenta
1287 1692 1427 1767 multa?
1452 1695 1519 1767 Sed
1533 1696 1874 1788 parcam&misere·
1931 1731 1940 1755 .-

209 1802 401 1876 incinere:
432 1800 469 1872 dt
495 1797 658 1872 clamavit
671 1798 811 1870 dicens.
838 1794 876 1867 ln
891 1793 1020 1869 Ninni·
1070 1792 1226 1867 boreis:
1253 1793 1330 1889 quia
1345 1817 1506 1892 magnum
1537 1794 1584 1878 etl
1600 1816 1872 1895 nomenmeumq
1901 1800 1955 1895 65
2001 1865 2003 1869 .

209 1894 1018 1994 veexoreRegis&principumeiumdiceus-
1307 1989 1314 1995 ῃ
1866 1924 1868 1929 ,
1995 1958 2003 1995 ,

209 1998 380 2071 Homines
402 1999 439 2068 &
451 2000 632 2080 jumenta:
658 1997 693 2066 &
710 1993 821 2066 boves
835 1995 870 2066 &
888 2014 1017 2087 pecora
1115 2000 1166 2082 132·
1179 1988 1315 2064 Amen.

209 2119 282 2169 non
296 2095 429 2193 gustent
442 2096 644 2186 quicquam:
674 2112 738 2162 nec
755 2089 956 2186 pascantur:
982 2089 1019 2156 &
1548 2175 1553 2184 ἱ

127 2199 179 2284 ‘15
210 2217 330 2287 aquam
355 2216 428 2265 non
451 2192 594 2263 bibant.
619 2190 663 2262 Et
684 2189 889 2284 operiantur
913 2183 1016 2260 saccis
1116 2188 1217 2257 Dicat
1233 2183 1875 2282 Dracones.Propenirentibus.1³le⁴
1928 2221 1943 2245 ··

209 2291 417 2365 homines&
434 2295 606 2375 jumenta:
635 2286 831 2360 &clament
845 2286 889 2360 ad
902 2286 1017 2359 Deum
1068 2287 1198 2362 uanus
1213 2305 1344 2384 genua.
1372 2283 1533 2358 Levate.
1801 2280 1821 2292 “
1896 2302 1950 2391 7⁶

208 2390 245 2462 in
262 2388 493 2465 fortitudine.
518 2387 562 2456 Et
587 2400 811 2460 convertatur
838 2384 893 2458 vir
915 2410 934 2457 a
960 2381 1022 2456 via
1538 2441 1541 2446 .

209 2486 267 2560 sua
281 2485 367 2560 mala
383 2513 392 2555 :
421 2488 457 2557 δι
486 2485 527 2559 ab
540 2482 719 2580 iniquitate
734 2505 801 2576 que
823 2483 871 2555 est
900 2480 934 2552 in
950 2503 1023 2553 ma·
1399 2481 1546 2558 Oratio}

209 2586 308 2658 nibus
335 2607 482 2658 eorum.
509 2583 598 2673 Qis
623 2580 686 2656 scit
709 2583 736 2654 s:
763 2595 1018 2655 convertatur:

128 2696 181 2758 ‘20
212 2684 247 2753 δι
265 2681 420 2778 ignoscat
433 2682 553 2753 Deus:
580 2681 615 2752 &
638 2695 841 2754 revertatur
864 2678 1018 2750 :surore
1168 2676 1358 2756 Unslorum
1377 2674 1615 2847 penitentium
1638 2677 1744 2755 Pater
1763 2681 1877 2759 omnia*
1933 2728 1936 2735 ·

212 2778 264 2853 ire
281 2781 363 2851 lue:
389 2781 423 2850 δι
440 2803 509 2853 nou
523 2776 740 2874 peribimus?
764 2778 806 2849 Et
820 2774 909 2848 vidit
922 2772 1018 2848 Deus
1181 2797 1305 2873 potens
1337 2775 1374 2849 su
1391 2777 1467 2873 cipe
1494 2777 1622 2850 fletus:
1650 2780 1688 2853 dt
1711 2803 1800 2874 quos
1815 2783 1875 2858 ha·
1897 2789 1951 2881 75

211 2901 325 2971 opera
354 2900 498 2950 eorum:
528 2877 605 2968 quia
630 2873 788 2950 conversi
812 2873 888 2945 sunt
914 2899 936 2946 a
961 2872 1020 2944 via
1069 2873 1188 2949 &enus
1215 2872 1368 2950 diabolus
1385 2873 1488 2949 variis
1518 2873 1689 2950 viciorum
1713 2877 1874 2956 sordibus
2034 2895 2037 2902 '

211 2975 267 3047 sua
291 2970 402 3048 mala.
435 2977 476 3045 lit
494 2975 649 3049 misertus
664 2974 712 3045 est
728 2971 897 3046 Dominus
913 2971 1018 3065 supet·
1067 2973 1281 3068 inquinavit:
1298 2970 1452 3070 respeflu
1474 2970 1612 3065 pietatis
1629 2991 1688 3045 tue
1704 2974 1874 3068 purifica:

211 3069 399 3145 maliciam:
428 3096 526 3168 quam
551 3069 683 3146 locutus
697 3073 811 3146 fuerat
828 3097 843 3139 :v
868 3085 907 3141 ut
931 3070 1019 3144 sace·
1068 3074 1197 3147 Tribue
1219 3069 1349 3146 cundis
1375 3069 1542 3163 preterita
1556 3088 1699 3165 peccata
1721 3071 1876 3148 deflere:

85 3191 184 3250 tarn.
213 3189 266 3243 ret
280 3172 352 3243 eis:
379 3174 413 3243 δε
433 3194 501 3244 non
519 3170 625 3245 fecit.
652 3172 696 3241 Et
722 3169 865 3242 asflidtus
889 3169 937 3239 ell
952 3172 1017 3244 Jo-
1067 3174 1102 3243 &
1119 3171 1234 3243 sutura
1248 3192 1319 3242 non
1338 3168 1547 3242 admittere.
1574 3168 1630 3239 Ab
1655 3163 1720 3240 illis
1745 3171 1876 3247 miseri·
1930 3184 1943 3224 ·'

131 3291 179 3361 25
213 3291 271 3340 nas
302 3266 490 3342 afflictione
517 3291 662 3364 magna:
693 3269 728 3338 dt
751 3266 857 3339 iratus
872 3265 945 3337 est·
975 3266 1017 3336 Et
1067 3269 1183 3343 cordia
1198 3287 1254 3339 tua
1267 3263 1495 3359 preveniente
1509 3265 1795 3344 mundenturzab
1806 3268 1873 3345 iuis
1897 3275 1949 3352 80

212 3366 329 3439 oravit
356 3369 397 3438 ad
425 3366 638 3444 Dominum:
655 3366 689 3438 &
707 3363 795 3437 dixit
816 3411 826 3433 .
861 3359 1018 3436 Obsecro
1068 3386 1130 3441 tua
1143 3365 1356 3439 custodiente
1371 3360 1482 3460 gratia
1496 3356 1708 3439 liberentur.

209 3461 389 3536 Domine:
418 3465 579 3557 numquid
610 3489 680 3539 non
709 3465 777 3536 hoc
801 3463 944 3536 verbum
971 3461 1019 3532 est
1116 3466 1321 3562 ljaAmen.

213 3583 349 3634 meum:
372 3585 448 3636 cum
472 3564 583 3636 adhuc
610 3569 710 3637 essem
738 3561 773 3632 in
796 3580 889 3633 terra
912 3564 1018 3632 mea?
1117 3567 1186 3637 Per
1211 3560 1476 3634 misericordiam
1506 3577 1597 3635 tuam
1622 3564 1877 3639 Deusnosleri

131 3680 181 3753 30
212 3662 360 3753 Propter
373 3662 468 3758 quod
486 3662 721 3756 preocupavi:
754 3676 791 3731 ut
813 3659 966 3754 sugerem
982 3655 1018 3729 iu
1067 3660 1126 3755 qui
1142 3660 1231 3733 vivis
1261 3659 1424 3733 &omnia
1439 3660 1532 3758 regis
1555 3661 1590 3732 in
1615 3659 1725 3738 secula
1738 3658 1872 3736 seculo-

213 3757 373 3829 Tharsrs.
399 3758 583 3832 Scioenim
598 3761 675 3853 quia
703 3777 743 3829 tu
762 3757 856 3828 Deus
870 3753 1018 3830 clemens
1068 3781 1171 3835 rum·
1199 3761 1402 3854 lje-Amen.
1616 3779 1618 3782 ’
1897 3767 1949 3862 85

211 3855 246 3924 ὅ(
262 3856 449 3930 misericors
466 3881 526 3928 es:
556 3859 690 3954 patiens
710 3853 865 3927 &multe
881 3851 1019 3925 misera·
1702 3894 1705 3901 ·
1943 3858 1946 3864 '

209 3951 341 4023 tionis:
373 3956 410 4026 δι
438 3954 615 4050 ignoscens
634 3956 733 4049 super
749 3949 943 4026 maliciam.
974 3952 1018 4023 Et
1166 3953 1277 4026 teuto
1298 3949 1382 4027 libri
1403 3953 1554 4027 Danielis
1566 3957 1757 4054 Prophetei

213 4073 303 4120 nunc
315 4049 471 4124 Domine
485 4053 590 4144 queso
606 4078 616 4119 a
641 4050 728 4126 tolle
745 4051 890 4123 animam
904 4070 1016 4122 meam
1116 4062 1166 4144 gt.
1182 4050 1263 4125 Deo
1283 4050 1435 4146 gratias.
1729 4062 1869 4158 (φάη.

132 4165 178 4239 35
213 4170 325 4219 ame:
354 4150 431 4241 quia
449 4148 574 4223 melior
588 4150 634 4220 esi
649 4149 729 4224 mihi
745 4170 836 4220 mors
849 4169 947 4239 quam
961 4146 1016 4220 vi·
1907 4172 1911 4178 ·
1940 4222 1953 4237 ι,

211 4264 272 4317 ta·
310 4246 350 4315 Et
382 4246 469 4316 dixit
500 4248 710 4321 Dominus.
754 4244 899 4321 Putasne
927 4247 1015 4317 bene
1125 4243 1244 4318 Nillis
1266 4244 1411 4319 diebus.
1437 4246 1759 4328 Nabuchodonosor
1786 4257 1866 4335 Rea
1890 4273 1943 4348 90

208 4341 360 4415 irasceris
378 4363 415 4415 tu
434 4347 448 4411 ἔ
478 4345 519 4416 Et
534 4348 681 4442 egressus
698 4347 853 4422 elilonas
872 4344 917 4415 dc
931 4342 1016 4417 civi·
1139 4345 1220 4420 fecit
1237 4344 1373 4420 statuant
1388 4371 1547 4422 auream:
1578 4347 1759 4425 altitudine
1772 4354 1869 4430 cubi·

211 4455 313 4511 tate:
342 4441 376 4511 &
402 4441 490 4515 sedit
504 4463 627 4517 contra
654 4446 826 4518 orientem
842 4441 1014 4519 civitatis.
1066 4461 1181 4515 torum
1208 4442 1412 4540 sexaginta:
1450 4443 1638 4519 latitudine
1667 4449 1869 4530 cubitorum·

208 4535 254 4609 Et
275 4537 357 4609 feci:
383 4539 517 4613 sibimet
533 4541 788 4615 umbraculum:
813 4542 848 4610 &
875 4536 1012 4611 sedebat
1063 4539 1147 4612 sex.
1171 4538 1213 4612 Et
1229 4541 1340 4613 statuit
1360 4563 1434 4614 eam
1456 4542 1491 4614 in
1509 4564 1629 4638 campo
1645 4547 1763 4622 Duran
1782 4555 1868 4643 pro·i

128 4659 179 4732 40
210 4633 327 4709 subter
340 4631 422 4708 illud
439 4636 473 4708 in
489 4638 607 4711 umbra
620 4642 732 4713 donec
746 4638 905 4710 videret:
930 4638 1011 4729 quid
1063 4637 1176 4713 vincie
1199 4634 1410 4731 Babylonis.
1439 4640 1563 4733 Itaque
1579 4642 1868 4720 Nabuchodono·
1939 4651 1948 4699 ἶ

208 4732 371 4804 acciderit
383 4733 520 4813 civitati
536 4783 546 4806 .
573 4736 613 4808 Et
632 4734 1010 4831 preparavitDominus
1060 4734 1118 4809 sor
1130 4739 1209 4808 Rex
1227 4734 1316 4807 mifit
1335 4738 1376 4808 ad
1391 4740 1666 4833 congregandos.
1675 4743 1862 4836 Satrapes:
1887 4760 1939 4837 95

207 4830 304 4903 Deus
318 4832 488 4907 hederam:
505 4838 541 4907 dt
558 4832 708 4906 ascendit
721 4838 820 4931 super
832 4854 934 4925 caput
947 4838 1011 4910 lo·
1058 4836 1094 4906 dt
1117 4833 1333 4930 magistratus
1361 4836 1397 4905 bt
1413 4835 1562 4921 judices:
1589 4839 1740 4913 duces&
1757 4842 1867 4916 tiran-

207 4950 272 5000 ne:
297 4946 335 5001 ut
359 4933 441 5004 esset
467 4933 585 5006 umbra
610 4930 710 5027 super
733 4953 835 5026 caput
851 4935 948 5014 ejus:
972 4934 1009 5005 δι
1059 4955 1126 5005 nos
1143 4934 1179 5005 &
1193 4930 1391 5026 perfectos:
1419 4932 1606 5029 omnesque
1621 4936 1791 5033 principes
1809 4964 1868 5013 re·

236 5042 419 5125 roregeret
451 5052 527 5105 eum
557 5057 566 5098 a
592 5027 811 5103 laboraverat
843 5026 930 5100 enim
945 5056 955 5098 ε
973 5033 1010 5102 dt
1061 5030 1200 5127 gionum
1215 5057 1225 5097 ι
1240 5046 1277 5100 ut
1290 5031 1525 5106 convenirent
1549 5035 1591 5107 ad
1612 5030 1865 5115 dedicationem

127 5143 175 5217 45
208 5051 337 5198 letatus
353 5126 512 5210 estlonas
526 5128 626 5222 super
637 5129 798 5200 hederam
815 5123 925 5196 leticia
940 5152 1011 5202 ma·
1061 5130 1192 5200 llatue:
1222 5147 1321 5222 quam
1347 5147 1507 5203 erexerat
1534 5130 1862 5212 Nabuchodonosor
1945 5186 1949 5191 -

213 5247 306 5319 gna·
337 5226 381 5298 Et
407 5227 605 5322 preparavit
637 5226 805 5301 Dominus
818 5225 913 5296 Deus
929 5250 1010 5298 ver·
1061 5226 1165 5296 Rex.
1190 5223 1286 5296 Tunc
1301 5227 1508 5326 congregati
1522 5226 1599 5302 sunt
1617 5238 1756 5330 satrape
1776 5261 1863 5310 :ma·
1890 5242 1963 5309 100

208 5343 299 5392 mem
325 5324 461 5397 ascensu
492 5320 630 5396 diluculi
653 5324 689 5397 in
719 5323 897 5398 crastinum
923 5349 934 5392 :
973 5326 1009 5397 dt
1061 5323 1217 5422 gsstratus
1233 5323 1455 5408 :triuncem
1472 5331 1509 5401 δι
1524 5328 1695 5404 tiranni&
1712 5333 1864 5425 optima·

208 5422 371 5512 perculsit
388 5423 571 5496 hederam:
586 5427 621 5497 dt
637 5423 787 5497 exaruit·
801 5423 842 5492 Et
858 5444 934 5495 curn
949 5447 1010 5496 or·
1061 5443 1138 5495 tes:
1166 5421 1337 5515 quierant
1365 5424 1398 5497 in
1416 5427 1640 5520 potestatibus
1656 5430 1831 5504 constituti
1847 5461 1858 5504 :

208 5533 265 5588 tus
289 5516 500 5592 suisset-Sol:
530 5523 687 5619 precepit
712 5520 881 5597 Dominus
898 5538 1009 5594 vento
1059 5518 1256 5594 &universi
1272 5520 1443 5617 principes
1460 5524 1659 5621 regionum:
1680 5544 1718 5597 ut
1733 5551 1863 5606 conve-

124 5626 177 5709 '50
208 5613 324 5686 calido
349 5617 385 5686 &
410 5617 550 5689 urenti:
578 5622 614 5691 dt
638 5621 798 5716 perculsit
824 5615 885 5690 Sol
908 5619 1011 5711 super
1060 5618 1230 5698 nirenrad
1245 5617 1499 5695 dedicationem
1516 5624 1647 5697 statue:
1672 5649 1860 5718 quamcre.
1938 5653 1944 5672 ν

208 5715 434 5806 caputlone:
462 5715 686 5790 &estuabat.
716 5720 759 5789 Et
788 5714 913 5808 petivit
939 5714 1011 5788 ani·
1059 5736 1159 5789 xerat
1175 5716 1498 5794 Nabuchodonosor
1512 5722 1614 5792 Rex.
1641 5722 1860 5799 Stabantau-
1889 5743 1957 5824 105

207 5831 265 5885 me
293 5811 351 5880 sue
381 5829 418 5881 ut
443 5830 667 5885 moreretur:
693 5811 856 5887 &dixit.
883 5811 1009 5886 Melius
1058 5831 1129 5887 tem
1168 5815 1203 5885 in
1230 5812 1416 5907 conspectu
1444 5820 1669 5915 slatuequam
1695 5822 1861 5915 posuerat
2009 5821 2012 5828 ’

203 5908 252 5977 etl
281 5906 365 5977 mihi
390 5908 510 5982 mori:
539 5932 639 6002 quam
666 5913 819 5985 vivere·
847 5909 890 5985 Et
914 5911 1004 5986 dixit
1056 5910 1379 5988 Nabuchodonosor
1407 5917 1512 5989 Rex:
1544 5923 1579 5992 ἃ
1605 5943 1712 6013 preco
1735 5918 1870 5994 clama··

200 6003 373 6121 Dominus
423 6007 464 6080 ad
503 6010 667 6086 sonam.
718 6007 866 6089 Putasne
913 6011 1002 6088 benc
1053 6008 1111 6085 bat
1137 6007 1320 6091 valenter.
1349 6011 1456 6089 Vobis
1484 6016 1612 6096 dicitur
1633 6015 1771 6120 populis
1790 6018 1882 6093 tri··-
1971 6012 1973 6016 '

227 6147 229 6150 Δ
299 6104 544 6206 Mass-Mazar-
1424 6115 1503 6189 Aa
1796 6116 1859 6194 but
