4450 7209
577 799 1326 888 PRAEFATIO·
1614 803 1771 898 'rsitut'

139 916 334 1040 utipanti
351 919 648 1038 patrocinatur,
675 944 793 1023 nam,
822 916 1068 1002 ntAlcuinus
1087 912 1148 1030 (a)
1165 915 1529 1030 animadverterat,
1548 920 1587 1007 in
1608 925 1654 1010 iis
1674 926 1770 1017 ado·

137 1038 302 1157 ptionit
337 1069 480 1129 nomen
516 1038 572 1128 ad
607 1032 914 1124 multitudinem
940 1024 1136 1150 fidelium
1168 1065 1245 1122 non
1284 1035 1339 1122 ad
1366 1032 1528 1157 Chrisli
1551 1032 1649 1154 filii
1688 1041 1771 1133 Dei

132 1155 352 1276 personam
372 1153 587 1278 pertinet.
618 1163 827 1274 Quartum
854 1176 1017 1244 textum
1043 1183 1066 1240 e
1090 1147 1219 1266 Miffa
1250 1151 1301 1244 de
1319 1162 1443 1244 Coena
1471 1158 1639 1248 Domini
1665 1165 1764 1251 cita·
1799 1193 1883 1277 133

138 1302 268 1390 runt,
299 1274 407 1396 qui,
434 1299 511 1397 per
541 1301 802 1364 nnonrrvt
832 1268 1008 1361 hominis
1028 1267 1274 1389 paffionem,
1303 1270 1401 1361 dum
1418 1270 1498 1388 suo
1524 1308 1604 1366 non
1631 1277 1769 1374 indul·

133 1419 211 1513 get
238 1395 435 1515 corpori,
467 1390 600 1516 nostro
628 1394 819 1502 demum,
860 1386 963 1509 idest
991 1386 1174 1499 iterum,
1206 1421 1286 1479 non
1308 1391 1528 1509 pepercit,
1568 1400 1675 1487 hunc
1707 1403 1766 1489 lo-

137 1543 235 1602 cum
261 1539 496 1634 corruptum
527 1516 671 1623 fuisse,
702 1513 807 1597 male
834 1513 1030 1597 coherere
1058 1511 1203 1618 verba,
1236 1514 1275 1596 8<
1301 1541 1375 1629 pro
1403 1508 1614 1630 adsumpti
1640 1514 1768 1609 homi·

133 1631 236 1746 nit,
267 1638 486 1754 repositum
516 1636 627 1722 luisse
657 1626 853 1749 adoptivi
878 1623 1077 1739 bominis,
1108 1629 1300 1717 Alcuinus
1331 1655 1541 1718 notaverat
1558 1631 1657 1750 (b).
1686 1639 1766 1730 Sed

136 1781 233 1842 cum
266 1757 332 1842 hic
361 1779 496 1845 textus
528 1757 569 1842 in
595 1754 716 1840 Missa·
742 1751 848 1836 seriae
878 1751 1027 1864 quintae
1055 1751 1096 1833 in
1124 1756 1252 1834 Coena
1280 1752 1451 1837 Domini
1476 1780 1557 1838 non
1585 1756 1765 1845 invenit·

135 1893 206 1959 tur
222 1868 316 1990 (c),
347 1873 550 1992 quomodo
575 1872 726 1960 restitui
752 1870 896 1956 debeat
926 1899 1006 1956 non
1035 1868 1127 1955 latis
1156 1867 1328 1955 constat.
1360 1869 1410 1957 Id
1435 1871 1551 1986 plane
1579 1874 1763 1989 videtur,
1875 1934 1882 1947 -

134 1989 339 2109 adoptivi
368 1990 546 2084 bominis
567 1989 811 2112 paffionem,
841 1989 1082 2078 Mozarabes
1106 1990 1317 2101 antiquet,
1347 1990 1389 2075 in
1409 1989 1517 2077 libris
1544 1990 1646 2106 suis,
1675 2025 1758 2087 non
1794 1990 1887 2111 i34'

133 2111 304 2227 legisse,
335 2113 400 2200 sed
432 2111 641 2232 adsumpti
672 2106 848 2201 bominis
874 2104 1130 2229 paffionem,
1160 2109 1222 2194 uti
1252 2139 1305 2195 ex
1333 2108 1517 2223 sequenti
1545 2135 1664 2204 textu
1695 2145 1766 2238 ap·

133 2256 281 2349 peret.
312 2239 469 2346 Hunc,
499 2235 644 2349 quinto
673 2236 785 2342 loco,
814 2233 943 2318 citant
970 2229 1155 2341 eMilsa,
1179 2224 1363 2344 deferit
1393 2225 1542 2348 quinta
1567 2231 1738 2349 Pascha

134 2352 206 2435 ubi
233 2351 273 2438 se
299 2354 431 2470 legisse
457 2357 596 2467 ajunt,
626 2350 699 2472 qui
720 2349 875 2470 pietati
900 2376 982 2441 tua
1003 2371 1081 2468 per
1105 2378 1371 2436 nuorrrvr
1404 2378 1646 2442 uouruts
1667 2376 1724 2476 pa
1747 2401 1766 2423 ·

123 2464 284 2586 fiunem
316 2468 406 2563 (tt.
447 2475 556 2562 locus
587 2477 742 2589 integer
771 2496 887 2558 extat
918 2474 961 2558 in
993 2470 1169 2556 illatione
1194 2469 1322 2555 Milite
1353 2468 1462 2555 seriae
1494 2472 1644 2584 quintae
1676 2477 1765 2594 post

132 2590 287 2678 Pascha
311 2588 410 2708 (d),
442 2592 515 2712 'qui
539 2589 693 2713 pietati
721 2615 804 2680 tuae
833 2614 907 2707 per
937 2617 1212 2678 nusuunrt
1246 2617 1480 2676 uournts
1513 2588 1765 2798 pafflonem,

131 2703 254 2826 quast
276 2709 506 2829 quasdam,
550 2711 596 2803 in
618 2707 835 2829 profantis
867 2707 1015 2829 papuli
1046 2704 1349 2827 adquisitione,
1390 2738 1512 2797 manu
1539 2706 1633 2822 iat,
1672 2736 1766 2806 cunt

133 2856 217 2917 nott
245 2829 436 2920 exiverit
461 2864 484 2922 e
516 2828 657 2943 Colo,
688 2826 923 2920 exhibuerit
946 2861 969 2918 e
997 2823 1240 2946 triumpho,
1269 2823 1327 2918 Θ
1351 2858 1442 2917 cum
1468 2859 1547 2917 non
1572 2825 1767 2927 habuerit

131 2942 351 3038 divinitat
380 2944 654 3040 immutabilis
678 2970 891 3069 pugnam,
922 2941 1113 3037 babuerit
1132 2942 1360 3066 fragilitas
1384 2976 1559 3034 nusum
1572 2978 1669 3036 nrt
1696 2949 1768 3043 vi·

132 3062 344 3180 floriana,
375 3068 480 3157 unde
506 3096 672 3188 apparet
704 3072 803 3156 olim
831 3075 957 3155 etiam
979 3069 1217 3155 Mozarabes
1247 3067 1379 3181 legisse
1405 3061 1613 3181 adsumpti
1639 3064 1768 3160 bomi-
1803 3161 1805 3165 .

131 3181 234 3297 nit,
266 3189 307 3274 ei
336 3190 446 3275 enim
477 3189 752 3308 correspondet
782 3183 1010 3307 fragilitas
1042 3182 1289 3300 adsumpta.
1328 3189 1476 3297 Neque
1517 3185 1623 3271 dicer
1659 3190 1766 3279 olim

124 3299 359 3425 fragilitas
383 3305 613 3425 adoptata,
646 3334 716 3395 aut
744 3305 972 3425 adoptivo,
1002 3302 1152 3392 lelium
1182 3305 1276 3391 esse.
1309 3303 1351 3393 Si
1379 3304 1491 3390 enim
1522 3305 1565 3391 in
1593 3304 1669 3392 suis
1687 3315 1766 3405 Coe

132 3422 288 3513 ditibus
317 3429 374 3513 ita
404 3430 577 3543 legisset,
596 3433 809 3543 Elipantue
836 3428 1036 3541 integrum
1058 3447 1219 3510 textum
1247 3423 1499 3541 protulisset,
1531 3453 1603 3511 nec
1630 3427 1762 3515 secun·

131 3541 227 3629 darn
256 3544 342 3656 ejus
368 3572 551 3664 purtem,
583 3549 683 3633 adeo
707 3550 811 3632 clare
838 3548 896 3632 illi
924 3546 1167 3655 laventem,
1197 3544 1405 3630 omistslet.
1437 3549 1583 3633 Sextus
1611 3570 1762 3662 textus,
1799 3569 1886 3662 135

132 3664 299 3750 eMisss
331 3665 380 3752 de
400 3667 636 3754 Al'censrone
658 3667 850 3773 Domini,
878 3665 1103 3781 profertur.
1137 3661 1272 3752 Hodie
1295 3656 1499 3751 Salvator
1528 3659 1661 3784 nasler
1672 3664 1765 3789 post

130 3810 497 3872 unonrtounu
530 3815 726 3873 cnnuts
758 3783 889 3870 sedem
923 3785 1085 3898 repetiit
1117 3777 1333 3871 Deitatis.
1363 3783 1558 3872 Alcuinus
1582 3787 1764 3875 animad-

130 3904 262 3988 vertit
301 3901 447 3992 melius
485 3900 614 3993 multo
656 3907 723 3990 hic
764 3903 841 3989 diei
882 3930 1315 3989 nnsuunrtoueu
1354 3928 1601 4016 cnnnts,
1638 3938 1765 4024 qaam

134 4046 505 4110 nnonrtounu
539 4052 770 4132 cinnes,
799 4022 926 4134 quia,
957 4020 1121 4132 inquit,
1152 4013 1293 4107 Filius
1320 4014 1402 4107 Dei
1426 4017 1650 4136 adsumpfit
1677 4057 1765 4115 car·

132 4168 260 4249 nern,
291 4172 373 4231 non
402 4139 628 4260 adoptavit
655 4138 744 4255 (e),
784 4144 823 4227 8(
854 4143 915 4226 ita
955 4140 994 4224 in
1026 4140 1173 4225 Missoli
1206 4136 1511 4248 Mozarabnm,
1556 4141 1623 4226 hic
1655 4144 1763 4235 locut

135 4259 271 4349 adhuc
302 4252 482 4378 legitur,
514 4263 554 4349 in
576 4263 757 4347 oratione
785 4253 937 4373 miffa,
969 4258 1034 4342 die
1055 4258 1300 4349 Ascensronis
1325 4258 1496 4344 Domini
1514 4253 1616 4373 (f),
1643 4255 1765 4357 bodie

131 4374 341 4468 Salvator
370 4373 503 4498 nasler
527 4376 618 4498 pasl
646 4405 1064 4466 ussuunrrounu
1091 4405 1292 4463 cunuts
1309 4370 1452 4490 sedem
1477 4375 1646 4492 repetiit
1667 4377 1764 4474 Dei·

132 4495 267 4607 tatis,
298 4494 421 4587 bodie
450 4493 652 4588 bominem
670 4494 792 4613 suum
820 4491 971 4586 intulit
994 4492 1145 4611 patri,
1177 4524 1294 4613 quem
1324 4488 1479 4584 obtulit
1493 4490 1694 4613 passioni,
1719 4506 1762 4592 dt

131 4613 192 4704 ita
220 4619 320 4703 olim
352 4621 589 4707 Mozarabes
621 4619 726 4702 hunc
760 4619 892 4702 locum
934 4615 1064 4732 legisse
1103 4614 1270 4701 suadent
1300 4616 1459 4724 rerba,
1499 4619 1588 4726 quae
1619 4647 1761 4735 praece·

131 4733 237 4823 dunt
273 4736 313 4823 in
352 4739 427 4824 hac
458 4740 540 4856 ipsa
571 4737 772 4823 oratione.
807 4730 1009 4845 Placeat,
1040 4728 1291 4848 dilelliffimi
1308 4728 1474 4848 fratres
1500 4792 1575 4822 ....
1602 4731 1763 4855 impost-

132 4874 258 4966 tam,
287 4851 454 4946 etheris
469 4850 577 4978 fasli
606 4854 679 4967 io,
710 4882 973 4941 assumunt
1007 4881 1248 4940 noutnts
1278 4847 1592 4942 communionem
1615 4851 1770 4974 sequa·-

132 4967 286 5082 aibut,
328 4972 464 5066 tardis
484 4888 642 5085 σαφές,
674 4970 860 5064 contueri
892 4969 980 5064 (tc.
1011 5002 1098 5086 quae
1131 4971 1350 5089 Elipandus
1380 5000 1461 5059 non
1494 4977 1759 5091 protermilis·

133 5091 228 5200 set,
260 5095 290 5180 st
319 5098 362 5183 in
394 5096 443 5182 iis
473 5088 672 5213 adoptivi
699 5088 876 5182 bominis
900 5088 1215 5185 communionem
1246 5093 1425 5224 legisset.
1459 5097 1686 5211 Septimus,
1718 5104 1759 5190 8<
1794 5103 1882 5212 136

133 5215 306 5303 ultimus
335 5216 475 5327 locus,
507 5245 630 5329 quem
661 5212 848 5324 laudant,
880 5206 1047 5327 eMiffa
1076 5218 1119 5297 S.
1137 5221 1302 5343 Speratt
1332 5215 1616 5330 depromitur.
1647 5226 1763 5340 lnge·

130 5328 220 5423 niti
244 5330 425 5450 Patris,
462 5329 675 5456 unigenite
699 5326 841 5424 Filius
864 5327 946 5425 Dei
982 5390 1083 5420 ....
1107 5361 1181 5450 qut
1215 5392 1316 5422 ....
1341 5328 1465 5450 hujus
1495 5332 1637 5428 mundi
1668 5330 1763 5458 infi-

518 5504 521 5509 -
642 5516 646 5521 -
1087 5478 1112 5538 e
1170 5507 1174 5518 ·
1387 5544 1390 5551 ,
1582 5500 1584 5504 ’
1694 5474 1766 5549 tna

175 5630 238 5726 (a)
263 5635 388 5703 Contra
401 5631 556 5722 Elipand.
572 5634 718 5718 tolm-
979 5652 1020 5699 ao
1031 5628 1171 5700 inveniti
1187 5675 1197 5694 .

175 5724 238 5815 (b)
263 5724 346 5789 tttt.
366 5723 460 5788 libo.
477 5727 622 5809 col.953.
853 5728 857 5735 ’
1025 5726 1086 5812 (t)
1111 5719 1243 5787 Mitule
1258 5721 1427 5788 Mozarab.
1441 5742 1552 5810 p.209.
1567 5719 1683 5805 limpy.
1704 5766 1706 5770 -
1725 5757 1730 5782 t

177 5815 234 5905 (c)
257 5808 920 5899 EruditiffimuefleuriHisAEccldihaa.
1029 5816 1085 5903 (e)
1109 5809 1271 5877 Aleuinus
1295 5809 1454 5878 adversus
1470 5813 1626 5902 Elipand.
1652 5814 1713 5878 lib·
1728 5833 1760 5880 a.

131 5901 265 5994 seam.
283 5903 325 5973 ab
337 5904 380 5970 iis
395 5902 551 5990 deeeptus
564 5947 576 5980 ,
601 5902 721 5987 qulbus
734 5919 846 5966 curam
862 5902 922 5962 de·
982 5903 1048 5968 eol.
1061 5924 1138 5988 953.

88 6016 98 6053 ι
133 5992 227 6060 derat
256 5989 455 6079 inspiciendi
490 5989 614 6057 Missale
639 5991 922 6063 Montanium,
1023 5998 1094 6084 (s)
1118 5988 1248 6057 uiuite
1262 5988 1477 6057 mozarabum
1486 5958 1761 6080 pag.251.lin.6io.

88 6066 106 6107 ⁸
133 6077 259 6179 stripfit
282 6085 370 6153 hunc
390 6094 522 6155 textum
546 6078 849 6152 ineinrouiuatie
869 6074 923 6154 lo·
1767 6117 1773 6134 .
