4450 7209
497 700 1387 787 ΙΟΑΚΝΕὸ’1ὈΙ,Ῐ.ῙΞ1Ὴ)Α8.

120 802 224 877 suosr
257 826 332 876 eum
350 805 432 879 esser
457 801 491 874 in
517 804 727 878 tormentis:
754 802 848 878 vidit
876 814 925 881 A·

122 904 240 975 bream
257 900 395 995 alonge
419 902 627 978 &lazarum
645 901 872 988 insinuens:
890 909 925 980 &
1253 906 1343 981 vilia
1365 902 1495 978 oratio.

122 1000 196 1095 ipse
225 998 368 1073 clamans
383 998 497 1071 dixit.
527 1001 630 1074 Pater
657 1000 804 1076 Abraam
831 1000 929 1077 mise·

123 1120 204 1169 rere
220 1098 310 1169 mei:
354 1100 389 1169 bt
417 1097 516 1169 mitte
532 1099 691 1171 Lazarum
718 1118 756 1171 ut
774 1100 926 1197 intingat
1090 1104 1234 1176 Uantum
1250 1130 1312 1178 nos
1328 1102 1444 1176 divina
1457 1095 1638 1175 clementia
1652 1082 1774 1175 iratres

71 1212 92 1287 5
127 1215 323 1269 extremum
342 1195 443 1293 digiti
457 1194 507 1266 sui
535 1194 568 1267 in
585 1220 691 1291 aquas
721 1198 923 1295 utresrige-
1133 1203 1312 1277 charissimi
1346 1198 1507 1295 expedat
1542 1199 1586 1272 ad
1615 1201 1775 1291 peniten-

126 1312 183 1367 ret
212 1291 360 1392 linguam
383 1318 516 1369 meamr
541 1294 618 1387 quia
644 1295 781 1370 crucior
805 1296 839 1367 in
861 1298 923 1373 hac
1148 1299 1248 1375 tiamr
1277 1300 1310 1371 in
1325 1300 1392 1373 hoc
1405 1300 1568 1369 debemus
1583 1296 1774 1389 cognosce·
1803 1293 1853 1365 60

124 1392 277 1465 flamma.
306 1392 349 1461 Et
374 1391 461 1463 dixit
486 1386 535 1463 illi
561 1391 733 1467 Abraam.=
773 1391 837 1465 Fili
870 1418 929 1468 re·
980 1418 1044 1467 rer
1075 1390 1107 1461 in
1125 1418 1194 1487 quo
1209 1395 1287 1467 dum
1317 1422 1380 1470 nos
1393 1393 1561 1490 prospicit
1577 1414 1687 1484 prava
1703 1393 1773 1464 stne

124 1491 272 1563 cordare
291 1487 367 1583 quia
384 1487 537 1585 recepisti
551 1487 642 1562 bona
656 1492 689 1564 in
706 1491 776 1565 vita
790 1509 851 1564 tua
866 1520 875 1561 r
889 1496 926 1567 bc
979 1492 1131 1565 termino
1146 1516 1248 1587 agere
1261 1491 1422 1568 scelernm
1435 1493 1647 1565 noslrorum=
1664 1490 1698 1561 in
1710 1491 1774 1562 hu-

123 1588 269 1659 Lazarus
293 1584 574 1661 similitermala.
607 1587 709 1663 Nunc
732 1605 845 1661 autem
868 1590 925 1662 hic
972 1594 1027 1674 ius
1057 1585 1132 1659 vite
1162 1588 1278 1684 spacio
1300 1589 1581 1665 terminationem
1608 1587 1773 1681 dignetur

52 1704 99 1761 10
124 1682 349 1759 consolatura
380 1703 417 1756 tu
441 1709 527 1759 vero
544 1686 731 1760 cruciaris.
754 1686 798 1758 Et
820 1687 854 1758 in
870 1687 923 1759 his
973 1685 1192 1760 concedere.
1220 1689 1312 1762 Cum
1337 1690 1372 1762 in
1395 1686 1464 1781 ipsa
1479 1687 1585 1760 etiam
1600 1689 1677 1760 anni
1695 1684 1771 1778 spa-

124 1782 283 1856 omnibus
309 1784 475 1855 internos
502 1782 538 1853 δι
551 1806 617 1855 vos
643 1784 745 1858 cbaos
760 1806 922 1878 magnum
972 1785 1024 1858 cia
1045 1786 1170 1859 slatuta
1184 1787 1340 1860 decrevit
1354 1804 1538 1879 tempora:
1565 1782 1600 1855 in
1624 1807 1688 1877 qua
1704 1806 1769 1860 nos
1799 1782 1848 1869 65

121 1882 293 1955 firmatum
307 1883 377 1953 esi.
404 1882 451 1953 Ut
465 1879 499 1950 hi
517 1878 573 1975 qui
588 1878 711 1957 volunt
724 1880 804 1953 binc
823 1901 919 1955 tran·
971 1884 1013 1954 ad
1029 1881 1199 1957 bonorum
1213 1907 1356 1978 operum
1369 1886 1442 1957 asia
1458 1882 1606 1955 invitat·
1627 1884 1674 1953 Ut
1686 1905 1767 1953 caro

118 1978 186 2050 sire
214 1980 257 2051 ad
275 2002 340 2053 vos
355 2000 423 2049 non
440 1978 566 2072 possint
583 2006 592 2047 =
624 2003 735 2072 neque
758 1979 836 2051 inde
851 1980 918 2055 buc
969 1980 1131 2072 quesead
1146 1979 1203 2052 sue
1217 1981 1463 2056 combustionis
1476 1979 1634 2052 incendia
1650 2002 1771 2071 crapu-

119 2075 327 2151 transmeare
343 2123 354 2145 .
384 2076 490 2171 Rogo
505 2098 591 2172 ergo
609 2095 644 2148 te
659 2096 762 2172 pater
781 2095 820 2150 ut
834 2080 918 2154 mit*
967 2072 1088 2152 lationi
1102 2079 1219 2153 dedita
1234 2106 1245 2147 s
1275 2080 1498 2155 immoderata
1515 2079 1681 2176 grassatur
1695 2078 1767 2154 rui,-

51 2192 89 2261 15
119 2192 173 2247 tas
199 2198 277 2247 eum
300 2174 336 2247 in
363 2174 498 2247 domurn
526 2173 634 2267 patris
664 2175 753 2248 mei.
793 2174 917 2253 Habeo
967 2200 1032 2249 nar
1055 2182 1090 2251 δι
1105 2177 1293 2253 indiscreto
1309 2175 1508 2254 temulentia
1521 2173 1614 2248 vicio
1628 2198 1698 2247 non
1712 2173 1768 2248 so·

118 2272 212 2346 enim
226 2270 375 2367 quinque
391 2272 544 2342 fratres:
571 2286 611 2343 ut
634 2272 777 2345 testetur
791 2270 855 2345 illis
871 2300 916 2347 ne
966 2269 1035 2348 lum
1063 2277 1257 2349 incenditur
1288 2273 1412 2372 culpa:
1438 2274 1496 2346 sed
1517 2271 1620 2345 etiam
1637 2269 1765 2343 fuscata
1796 2288 1848 2372 7o¹

118 2372 154 2442 bt
170 2372 230 2466 ipsi
246 2372 384 2443 veniant
399 2366 434 2438 in
448 2364 562 2439 locum
578 2386 854 2449 tormentorum·
873 2373 917 2447 Et
969 2376 1130 2449 memoria
1142 2375 1310 2449 creatoris
1323 2376 1370 2449 sul
1386 2369 1598 2451 obliviscitur
1611 2370 1768 2443 benevo-

117 2472 169 2541 ait
188 2464 237 2541 illi
255 2468 421 2540 Abraam.
446 2464 584 2538 Habent
599 2467 746 2563 Moysen
774 2471 810 2543 bc
836 2494 919 2563 pro·
969 2467 1133 2545 lentiam:
1160 2493 1265 2565 aquo
1276 2472 1386 2547 statim
1403 2466 1483 2545 ¹uun
1501 2466 1625 2563 recipit
1645 2469 1765 2540 secun·

118 2569 243 2661 phetas
260 2592 270 2637 a
288 2564 427 2639 audiant
439 2559 547 2634 illos.
569 2564 617 2636 At
635 2563 793 2639 illedixit
808 2569 919 2641 .Non
967 2570 1047 2645 dum
1064 2568 1220 2665 culpams
1247 2594 1369 2643 verum
1387 2570 1465 2644 dum
1487 2567 1522 2638 in
1546 2588 1696 2663 utroque
1711 2564 1768 2642 vi*

48 2676 93 2735 'ao
119 2681 219 2757 pater
247 2661 420 2737 Abraams
464 2660 522 2732 sed
550 2662 648 2757 siquis
691 2686 736 2735 ex
764 2666 915 2739 mortuis
968 2667 1025 2738 cio
1056 2670 1230 2742 refrenata
1259 2668 1430 2743 confisius
1461 2665 1542 2762 quid
1570 2662 1663 2738 aliud
1690 2664 1798 2761 agit,

117 2762 199 2835 ierit
221 2763 263 2832 ad
283 2784 344 2833 eos
371 2755 596 2851 penitentiam
613 2776 745 2859 agent.
775 2762 836 2835 Ait
855 2789 918 2839 au·
966 2765 1135 2858 nisiquod
1148 2768 1189 2840 ab
1204 2768 1281 2840 imis
1296 2768 1337 2840 ad
1350 2766 1478 2839 sursum
1492 2762 1665 2837 ascendit.
1693 2760 1763 2859 Qt
1795 2783 1842 2860 75

116 2878 188 2933 tem
204 2855 281 2932 illi.
308 2858 344 2930 Si
359 2853 504 2947 Moysen
519 2858 553 2928 &
565 2860 758 2953 prophetas
772 2882 843 2933 uon
856 2885 915 2936 au·
964 2862 1092 2937 dudum
1113 2861 1287 2959 corporali
1305 2865 1495 2961 gravedine
1510 2880 1677 2936 oneratae
1710 2879 1765 2933 te·

116 2958 229 3029 diunt:
239 2978 349 3049 neque
365 2952 465 3046 squis
479 2974 520 3029 ex
532 2957 677 3029 mortuis
688 2954 915 3035 resurrexerit
964 2979 1024 3036 tro
1037 2963 1156 3036 herebi
1170 2966 1346 3058 profundo
1359 2960 1549 3033 devenerat
1565 2956 1765 3050 mancipan-

116 3055 275 3128 credent·
288 3052 358 3145 Qi
371 3051 474 3127 hebet
489 3076 605 3131 autem
618 3052 775 3131 audiendi
786 3059 914 3133 audiat.
962 3062 1031 3135 da·
1058 3063 1127 3135 Sed
1156 3062 1235 3132 dum
1251 3058 1449 3131 abstinentie
1475 3055 1652 3133 miseratio
1679 3077 1764 3126 con·

47 3172 89 3249 25
636 3188 639 3197 ·
966 3156 1129 3255 iungitur
1152 3155 1386 3250 elemosyne:
1425 3175 1589 3247 tanquam
1617 3152 1764 3247 pinnato
1826 3187 1830 3198 ·

166 3256 368 3347 §odmen-
966 3279 1066 3332 more
1078 3256 1150 3330 five
1163 3279 1256 3329 mens
1271 3254 1365 3351 ipsas
1392 3247 1764 3328 siveoratioelevatur
1792 3247 1842 3322 80

965 3353 1002 3427 in
1032 3356 1178 3429 ethera·
1204 3354 1246 3426 Et
1271 3374 1348 3427 cum
1362 3369 1459 3426 tanta
1474 3349 1616 3445 superna
1629 3345 1766 3421 benefi-

164 3449 267 3519 Dicat
280 3443 400 3521 Presb.
415 3442 585 3519 Dominus
600 3447 641 3520 sit
654 3448 787 3549 semper
800 3448 917 3527 vobis·
965 3452 1018 3526 cia
1048 3454 1160 3527 nostru
1184 3449 1284 3525 nobis
1309 3473 1382 3525 non
1401 3448 1549 3523 ambiant
1564 3442 1763 3520 desiderias

120 3567 198 3619 eum
212 3593 223 3614 ·
252 3562 300 3641 132.
313 3548 356 3619 Et
371 3567 466 3619 cum·
966 3547 1078 3622 saltim
1092 3551 1282 3624 adornante
1296 3573 1362 3622 nos
1375 3546 1490 3643 gratia
1504 3544 1623 3619 divina
1634 3540 1764 3617 alacres

46 3654 92 3737 go
169 3648 313 3717 Lauda.
338 3640 512 3725 Alleluia.
536 3643 745 3738 vb.Respice
762 3647 915 3721 Domine
965 3648 1128 3721 debemus
1153 3670 1338 3723 occurrere
1365 3647 1408 3717 ad
1430 3646 1494 3718 bec
1505 3639 1639 3716 celestia
1653 3637 1765 3712 medi·

118 3740 162 3811 de
189 3740 301 3816 celos
339 3744 375 3815 bt
397 3740 478 3815 vide
506 3743 603 3818 visita
630 3742 766 3819 vineam
799 3745 917 3824 istam.
964 3761 1149 3821 ramenta.
1189 3750 1237 3820 Ut
1263 3746 1423 3820 concesso
1452 3740 1553 3814 nobis
1579 3734 1763 3833 penitendi
1792 3738 1839 3832 85

116 3836 346 3924 mntsetnja.
963 3842 1104 3938 specior
1132 3845 1179 3917 sic
1204 3845 1387 3917 defleamus
1415 3834 1606 3913 commissas
1634 3858 1679 3907 ne
1696 3832 1765 3905 ite·

167 3936 395 4031 Sacrificium·
420 3937 567 4037 Accepit
594 3936 716 4012 librum
742 3941 911 4037 Moyses.
960 3961 1035 4017 rum
1051 3941 1270 4015 admittamus
1291 3941 1469 4013 deflendas
1494 3936 1554 4006 sed
1579 3929 1766 4006 hocsemi-

117 4036 262 4128 Requsre
293 4048 385 4108 retro
409 4041 444 4110 r'n
474 4038 645 4112 Dominicr
668 4038 813 4132 septimo
838 4036 911 4137 posi
958 4062 1083 4111 nemus
1108 4039 1144 4113 in
1162 4037 1360 4113 lachrimisa
1389 4033 1666 4133 quodmetatnus
1683 4026 1764 4128 ing⁴

44 4140 88 4231 ‘35
117 4130 335 4229 Epiphaniam
359 4136 520 4211 Domini.
545 4131 633 4225 falsu
647 4138 792 4209 LXXXI.
965 4135 1120 4235 gaudiia.
1146 4150 1198 4236 ss.
1212 4140 1351 4212 Amen.

458 4330 573 4428 Missa·
1158 4332 1397 4427 Prsnomr‘na·
1428 4329 1571 4423 oratis·
1792 4254 1842 4325 90

115 4526 276 4713 ECce
290 4534 359 4616 iam
387 4528 421 4603 in
435 4529 594 4627 proximo
609 4530 685 4605 sunt
709 4528 781 4607 dies
796 4527 846 4606 illi
861 4531 911 4604 sa·
1051 4530 1205 4608 Ecenllta
1220 4528 1374 4603 Domine
1386 4546 1523 4602 tuorum
1538 4522 1689 4599 fidelium
1699 4548 1765 4602 rto·

45 4642 89 4723 ¹40
219 4624 326 4701 tutts=
355 4630 528 4724 inquibus
555 4626 722 4704 revoluto
751 4632 829 4703 anni
845 4630 912 4701 cir·
969 4664 970 4667 ¹
1075 4632 1189 4704 mina:
1215 4628 1393 4720 quesumus
1409 4644 1449 4697 ut
1471 4622 1560 4694 liber
1573 4624 1648 4695 vite
1666 4641 1764 4694 eter-

114 4725 222 4800 culo:
250 4750 312 4821 per
340 4725 490 4803 salutaris
503 4726 703 4802 abstinentie
715 4752 825 4823 opus:
857 4746 913 4798 re·
963 4749 1007 4795 ne
1024 4730 1226 4801 contineat.
1252 4729 1301 4797 Ut
1326 4722 1384 4815 qui
1397 4718 1664 4794 misericorditer
1676 4742 1759 4791 cun·
1787 4732 1837 4811 95

114 4824 229 4897 media
241 4824 392 4919 cupimus
402 4826 567 4920 suscipere
578 4848 764 4919 pravorum
774 4826 912 4899 asinum
964 4820 1018 4895 &a
1032 4822 1122 4920 regis
1137 4848 1176 4899 ac
1191 4824 1365 4896 moderass
1390 4822 1426 4891 δι
1439 4816 1530 4890 vivis
1544 4817 1670 4910 prestes
1686 4812 1763 4889 seli·

113 4924 335 4998 nostrorum.
361 4924 495 4997 Etenim
520 4924 604 4995 ficut
631 4922 679 4993 ait
704 4916 914 5016 Apostolusr
964 4918 1053 4991 citer
1077 4922 1224 4995 viveres
1257 4923 1293 4990 br
1320 4912 1490 4989 defundis
1515 4936 1613 4985 eruas
1629 4934 1648 4985 a
1664 4930 1763 4988 tent·

113 5016 180 5091 hoc
194 5022 243 5092 est
257 5019 465 5116 acceptabile
480 5039 633 5115 tempus:
648 5021 683 5090 δι
696 5018 731 5089 hi
747 5019 826 5093 sunt
840 5017 913 5088 dies
964 5012 1065 5093 brusa
1086 5011 1245 5090 infernali
1266 5010 1441 5111 caligine.
1466 5016 1663 5109 isc-Amen.

43 5116 84 5205 '45
114 5112 255 5189 salutis·
271 5118 310 5189 In
322 5119 441 5215 quibus
453 5114 633 5213 spiritualis
647 5114 780 5191 medela
796 5112 915 5207 exqui-

109 5214 212 5288 renti
241 5212 400 5289 adveniit
428 5215 567 5291 animes
601 5215 637 5283 δι
664 5210 751 5286 mala
775 5210 915 5285 dulciss
1171 5212 1387 5308 Adparent.
1411 5210 1556 5287 oratio:
1793 5222 1866 5285 100

113 5312 250 5387 scrabra
266 5311 494 5407 peccaminum
511 5306 708 5387 evellantur
734 5336 753 5383 a
767 5328 882 5385 mente
898 5355 910 5380 .
1756 5405 1759 5410 4

112 5412 160 5483 Ut
184 5408 245 5505 qui
270 5411 516 5486 consuetudine
544 5408 646 5483 noxia
665 5407 797 5503 semper
814 5405 913 5504 cogi·
1063 5405 1177 5481 Hrille
1188 5408 1258 5484 Dei
1275 5407 1363 5579 plius
1392 5407 1450 5504 qui
1476 5432 1538 5502 per
1556 5404 1759 5503 supplicium
1816 5457 1818 5460 -

114 5528 190 5583 mur
214 5507 375 5583 deorsum
391 5511 497 5585 fluere
515 5538 524 5580 s
552 5508 690 5584 tandem
705 5506 822 5579 divina
849 5524 914 5577 nos
1079 5505 1231 5601 suscepte
1247 5531 1284 5581 cr
1308 5509 1355 5579 cis
1370 5505 1548 5600 pacificasti
1563 5505 1676 5579 omnia
1692 5525 1761 5595 que

43 5618 86 5694 50
116 5608 277 5707 erigente
300 5607 482 5683 clementia
512 5627 675 5683 conemur
702 5603 828 5678 sursum
841 5601 914 5675 sur·
965 5602 1042 5685 sunt
1058 5603 1091 5674 in
1107 5603 1189 5675 celis
1209 5605 1245 5674 bt
1261 5605 1294 5674 in
1308 5604 1433 5682 tertias
1457 5601 1633 5695 quesumus
1647 5620 1685 5674 ut
1698 5622 1762 5673 nos

43 5750 45 5759 ,
116 5726 228 5801 gere.
261 5710 306 5781 Ut
335 5708 459 5784 horum
484 5708 615 5783 dierum
630 5701 758 5777 votiva
773 5701 916 5774 exiben-
967 5723 1052 5796 pace
1074 5698 1132 5774 illa
1146 5697 1365 5793 locupletes:
1395 5698 1428 5767 in
1455 5720 1519 5789 qua
1534 5694 1663 5772 eleetos
1676 5716 1757 5770 tuos
1790 5716 1858 5789 105

114 5821 167 5877 tes
184 5804 411 5900 susceptione:
427 5806 463 5876 bt
475 5802 641 5879 malorum
659 5800 851 5873 nostrorum
867 5796 916 5868 le·
965 5796 1143 5872 consuere
1173 5798 1281 5871 sacis.
1310 5803 1354 5869 Ut
1370 5812 1495 5888 pacato
1520 5796 1641 5867 mentis
1669 5818 1765 5868 rece·

112 5927 236 5979 remur
254 5929 274 5975 a
288 5904 451 5977 criminer
480 5905 515 5975 δι
530 5898 757 5975 beatitudinis
783 5893 916 5969 eteeso-
966 5894 1105 5992 ptaculo
1121 5896 1166 5966 fic
1181 5896 1244 5967 tibi
1259 5900 1294 5966 in
1306 5894 1467 5966 cordibus
1482 5894 1601 5966 nosris
1615 5895 1759 5989 dignum

113 6022 185 6080 rum
199 6024 396 6083 mereamur
411 6020 590 6101 compotes
607 5996 671 6077 ese
687 6043 699 6099 ς
729 6002 917 6098 tlt-Amen.
968 6014 1192 6093 preparemus
1205 5990 1413 6090 hospitium.
1431 5994 1477 6066 Ut
1489 5989 1623 6089 semper
1640 5992 1683 6063 ad
1697 6015 1770 6101 nos

1624 6111 1767 6166 ventare
