<?xml version="1.0" encoding="UTF-8"?>
<!DOCTYPE html PUBLIC "-//W3C//DTD XHTML 1.0 Transitional//EN"
    "http://www.w3.org/TR/xhtml1/DTD/xhtml1-transitional.dtd">
<html xmlns="http://www.w3.org/1999/xhtml" xml:lang="en" lang="en">
 <head>
  <title>
</title>
<meta http-equiv="Content-Type" content="text/html;charset=utf-8" />
  <meta name='ocr-system' content='tesseract 3.04.00' />
  <meta name='ocr-capabilities' content='ocr_page ocr_carea ocr_par ocr_line ocrx_word'/>
</head>
<body>
  <div class='ocr_page' id='page_1' title='image "./missalemixtumse00leslgoog_0321.png"; bbox 0 0 4450 7209; ppageno 0'>
   <div class='ocr_carea' id='block_1_1' title="bbox 268 683 2184 6148">
    <p class='ocr_par' dir='ltr' id='par_1_1' title="bbox 268 683 2184 6148">
     <span class='ocr_line' id='line_1_1' title="bbox 388 683 2184 786; baseline -0.006 -15"><span class='ocrx_word' id='word_1_1' title='bbox 388 695 470 772; x_wconf 68' lang='lat'>³05</span> <span class='ocrx_word' id='word_1_2' title='bbox 714 687 854 767; x_wconf 82' lang='lat' dir='ltr'>FERlA</span> <span class='ocrx_word' id='word_1_3' title='bbox 880 685 1102 766; x_wconf 79' lang='lat' dir='ltr'>SECUNDA</span> <span class='ocrx_word' id='word_1_4' title='bbox 1127 683 1247 768; x_wconf 84' lang='lat' dir='ltr'><strong>POST</strong></span> <span class='ocrx_word' id='word_1_5' title='bbox 1272 684 1731 767; x_wconf 67' lang='lat' dir='ltr'>RESURRECTIONEMJ</span> <span class='ocrx_word' id='word_1_6' title='bbox 1838 780 1845 786; x_wconf 82' lang='lat'><em>.</em></span> <span class='ocrx_word' id='word_1_7' title='bbox 2183 763 2184 784; x_wconf 23' lang='lat' dir='ltr'>p</span> 
     </span>
     <span class='ocr_line' id='line_1_2' title="bbox 362 778 2184 886; baseline -0.007 -18"><span class='ocrx_word' id='word_1_8' title='bbox 362 793 500 872; x_wconf 68' lang='lat' dir='ltr'>‘nodis</span> <span class='ocrx_word' id='word_1_9' title='bbox 516 782 666 868; x_wconf 70' lang='lat' dir='ltr'>horrore</span> <span class='ocrx_word' id='word_1_10' title='bbox 679 789 823 865; x_wconf 84' lang='lat' dir='ltr'>discusso</span> <span class='ocrx_word' id='word_1_11' title='bbox 839 787 1078 882; x_wconf 89' lang='lat' dir='ltr'>temporalium</span> <span class='ocrx_word' id='word_1_12' title='bbox 1111 814 1122 856; x_wconf 77' lang='lat' dir='ltr'>a</span> <span class='ocrx_word' id='word_1_13' title='bbox 1151 787 1192 860; x_wconf 93' lang='lat' dir='ltr'>li·</span> <span class='ocrx_word' id='word_1_14' title='bbox 1240 790 1505 884; x_wconf 79' lang='lat' dir='ltr'>mortuisaquia</span> <span class='ocrx_word' id='word_1_15' title='bbox 1520 815 1589 866; x_wconf 90' lang='lat' dir='ltr'>non</span> <span class='ocrx_word' id='word_1_16' title='bbox 1602 809 1675 863; x_wconf 90' lang='lat' dir='ltr'>erat</span> <span class='ocrx_word' id='word_1_17' title='bbox 1696 779 1848 860; x_wconf 83' lang='lat' dir='ltr'>subditus</span> <span class='ocrx_word' id='word_1_18' title='bbox 1877 778 1955 857; x_wconf 85' lang='lat' dir='ltr'>leto</span> <span class='ocrx_word' id='word_1_19' title='bbox 1982 781 2044 886; x_wconf 83' lang='lat' dir='ltr'>qui</span> <span class='ocrx_word' id='word_1_20' title='bbox 2074 804 2119 878; x_wconf 87' lang='lat'>55</span> <span class='ocrx_word' id='word_1_21' title='bbox 2183 785 2184 810; x_wconf 65' lang='lat'>¹</span> 
     </span>
     <span class='ocr_line' id='line_1_3' title="bbox 386 882 2049 980; baseline -0.008 -12"><span class='ocrx_word' id='word_1_22' title='bbox 386 914 445 968; x_wconf 88' lang='lat' dir='ltr'>cet</span> <span class='ocrx_word' id='word_1_23' title='bbox 460 891 550 967; x_wconf 88' lang='lat' dir='ltr'>diem</span> <span class='ocrx_word' id='word_1_24' title='bbox 564 913 642 964; x_wconf 91' lang='lat' dir='ltr'>cum</span> <span class='ocrx_word' id='word_1_25' title='bbox 670 911 789 970; x_wconf 76' lang='lat' dir='ltr'>‚eterna</span> <span class='ocrx_word' id='word_1_26' title='bbox 812 891 882 971; x_wconf 79' lang='lat' dir='ltr'>iam</span> <span class='ocrx_word' id='word_1_27' title='bbox 896 882 971 959; x_wconf 89' lang='lat' dir='ltr'>luce</span> <span class='ocrx_word' id='word_1_28' title='bbox 999 889 1190 960; x_wconf 76' lang='lat' dir='ltr'>radiantem</span> <span class='ocrx_word' id='word_1_29' title='bbox 1240 905 1315 959; x_wconf 83' lang='lat' dir='ltr'>erat</span> <span class='ocrx_word' id='word_1_30' title='bbox 1331 911 1456 962; x_wconf 86' lang='lat' dir='ltr'>vacuus</span> <span class='ocrx_word' id='word_1_31' title='bbox 1473 887 1717 961; x_wconf 75' lang='lat' dir='ltr'>adelido.Nec</span> <span class='ocrx_word' id='word_1_32' title='bbox 1730 899 1871 980; x_wconf 88' lang='lat' dir='ltr'>poterat</span> <span class='ocrx_word' id='word_1_33' title='bbox 1884 906 1979 958; x_wconf 89' lang='lat' dir='ltr'>mors</span> <span class='ocrx_word' id='word_1_34' title='bbox 1993 905 2049 956; x_wconf 88' lang='lat' dir='ltr'>te·</span> 
     </span>
     <span class='ocr_line' id='line_1_4' title="bbox 389 980 2051 1081; baseline -0.007 -17"><span class='ocrx_word' id='word_1_35' title='bbox 389 993 566 1064; x_wconf 83' lang='lat' dir='ltr'>testificata</span> <span class='ocrx_word' id='word_1_36' title='bbox 579 989 748 1061; x_wconf 84' lang='lat' dir='ltr'>uirtutum</span> <span class='ocrx_word' id='word_1_37' title='bbox 764 1005 899 1059; x_wconf 86' lang='lat' dir='ltr'>tuarum</span> <span class='ocrx_word' id='word_1_38' title='bbox 912 981 1027 1080; x_wconf 90' lang='lat' dir='ltr'>gloria</span> <span class='ocrx_word' id='word_1_39' title='bbox 1039 982 1191 1063; x_wconf 87' lang='lat' dir='ltr'>celebra·</span> <span class='ocrx_word' id='word_1_40' title='bbox 1240 1007 1323 1057; x_wconf 90' lang='lat' dir='ltr'>nere</span> <span class='ocrx_word' id='word_1_41' title='bbox 1339 987 1513 1079; x_wconf 85' lang='lat' dir='ltr'>captivum</span> <span class='ocrx_word' id='word_1_42' title='bbox 1526 1009 1627 1081; x_wconf 91' lang='lat' dir='ltr'>quem</span> <span class='ocrx_word' id='word_1_43' title='bbox 1645 1005 1716 1057; x_wconf 91' lang='lat' dir='ltr'>nou</span> <span class='ocrx_word' id='word_1_44' title='bbox 1742 983 1923 1054; x_wconf 87' lang='lat' dir='ltr'>invenerat</span> <span class='ocrx_word' id='word_1_45' title='bbox 1939 980 2051 1056; x_wconf 83' lang='lat' dir='ltr'>traus-</span> 
     </span>
     <span class='ocr_line' id='line_1_5' title="bbox 386 1078 2045 1182; baseline -0.002 -24"><span class='ocrx_word' id='word_1_46' title='bbox 386 1111 483 1162; x_wconf 87' lang='lat' dir='ltr'>mus.</span> <span class='ocrx_word' id='word_1_47' title='bbox 498 1089 550 1157; x_wconf 87' lang='lat' dir='ltr'>Tu</span> <span class='ocrx_word' id='word_1_48' title='bbox 563 1110 652 1180; x_wconf 87' lang='lat' dir='ltr'>ergo</span> <span class='ocrx_word' id='word_1_49' title='bbox 667 1083 885 1177; x_wconf 87' lang='lat' dir='ltr'>omnipotens</span> <span class='ocrx_word' id='word_1_50' title='bbox 899 1083 993 1156; x_wconf 89' lang='lat' dir='ltr'>Deus</span> <span class='ocrx_word' id='word_1_51' title='bbox 1006 1085 1190 1158; x_wconf 84' lang='lat' dir='ltr'>ParerDo·</span> <span class='ocrx_word' id='word_1_52' title='bbox 1242 1083 1400 1182; x_wconf 83' lang='lat' dir='ltr'>grefforis</span> <span class='ocrx_word' id='word_1_53' title='bbox 1425 1084 1548 1158; x_wconf 85' lang='lat' dir='ltr'>debitis</span> <span class='ocrx_word' id='word_1_54' title='bbox 1561 1082 1755 1180; x_wconf 87' lang='lat' dir='ltr'>obligatum</span> <span class='ocrx_word' id='word_1_55' title='bbox 1770 1129 1780 1150; x_wconf 85' lang='lat'>.</span> <span class='ocrx_word' id='word_1_56' title='bbox 1797 1078 1916 1176; x_wconf 89' lang='lat' dir='ltr'>Surgit</span> <span class='ocrx_word' id='word_1_57' title='bbox 1939 1080 2045 1154; x_wconf 83' lang='lat' dir='ltr'>vivus</span> 
     </span>
     <span class='ocr_line' id='line_1_6' title="bbox 341 1179 2184 1278; baseline -0.005 -22"><span class='ocrx_word' id='word_1_58' title='bbox 341 1185 469 1276; x_wconf 84' lang='lat' dir='ltr'>5miui</span> <span class='ocrx_word' id='word_1_59' title='bbox 482 1182 673 1258; x_wconf 84' lang='lat' dir='ltr'>nosrilesu</span> <span class='ocrx_word' id='word_1_60' title='bbox 686 1179 984 1254; x_wconf 78' lang='lat' dir='ltr'>Christiaorantis</span> <span class='ocrx_word' id='word_1_61' title='bbox 999 1181 1119 1278; x_wconf 92' lang='lat' dir='ltr'>populi</span> <span class='ocrx_word' id='word_1_62' title='bbox 1136 1182 1186 1255; x_wconf 89' lang='lat' dir='ltr'>tui</span> <span class='ocrx_word' id='word_1_63' title='bbox 1237 1181 1636 1276; x_wconf 78' lang='lat' dir='ltr'>amortuisaquilocum</span> <span class='ocrx_word' id='word_1_64' title='bbox 1666 1179 1789 1253; x_wconf 90' lang='lat' dir='ltr'>mortis</span> <span class='ocrx_word' id='word_1_65' title='bbox 1812 1180 1888 1261; x_wconf 85' lang='lat' dir='ltr'>iure</span> <span class='ocrx_word' id='word_1_66' title='bbox 1904 1179 2040 1252; x_wconf 89' lang='lat' dir='ltr'>redem·</span> <span class='ocrx_word' id='word_1_67' title='bbox 2183 1251 2184 1258; x_wconf 7' lang='grc' dir='ltr'>χ</span> 
     </span>
     <span class='ocr_line' id='line_1_7' title="bbox 388 1275 2124 1376; baseline -0.003 -23"><span class='ocrx_word' id='word_1_68' title='bbox 388 1281 423 1353; x_wconf 93' lang='lat' dir='ltr'>in</span> <span class='ocrx_word' id='word_1_69' title='bbox 436 1276 543 1353; x_wconf 91' lang='lat' dir='ltr'>celum</span> <span class='ocrx_word' id='word_1_70' title='bbox 556 1297 640 1352; x_wconf 85' lang='lat' dir='ltr'>vota</span> <span class='ocrx_word' id='word_1_71' title='bbox 653 1276 825 1376; x_wconf 86' lang='lat' dir='ltr'>surgentia</span> <span class='ocrx_word' id='word_1_72' title='bbox 834 1276 985 1373; x_wconf 88' lang='lat' dir='ltr'>placidus</span> <span class='ocrx_word' id='word_1_73' title='bbox 999 1303 1037 1352; x_wconf 85' lang='lat' dir='ltr'>ac</span> <span class='ocrx_word' id='word_1_74' title='bbox 1050 1280 1187 1352; x_wconf 88' lang='lat' dir='ltr'>serenus</span> <span class='ocrx_word' id='word_1_75' title='bbox 1237 1283 1350 1376; x_wconf 85' lang='lat' dir='ltr'>proris</span> <span class='ocrx_word' id='word_1_76' title='bbox 1369 1281 1452 1354; x_wconf 85' lang='lat' dir='ltr'>adiit</span> <span class='ocrx_word' id='word_1_77' title='bbox 1466 1309 1475 1350; x_wconf 83' lang='lat' dir='ltr'>r</span> <span class='ocrx_word' id='word_1_78' title='bbox 1491 1305 1558 1355; x_wconf 88' lang='lat' dir='ltr'>nou</span> <span class='ocrx_word' id='word_1_79' title='bbox 1577 1277 1703 1350; x_wconf 86' lang='lat' dir='ltr'>scelere</span> <span class='ocrx_word' id='word_1_80' title='bbox 1734 1276 1949 1372; x_wconf 82' lang='lat' dir='ltr'>peccatoris.</span> <span class='ocrx_word' id='word_1_81' title='bbox 1964 1279 2041 1350; x_wconf 78' lang='lat' dir='ltr'>lle-</span> <span class='ocrx_word' id='word_1_82' title='bbox 2078 1275 2124 1352; x_wconf 71' lang='lat'>60</span> 
     </span>
     <span class='ocr_line' id='line_1_8' title="bbox 388 1373 2038 1475; baseline -0.001 -27"><span class='ocrx_word' id='word_1_83' title='bbox 388 1376 797 1468; x_wconf 82' lang='lat' dir='ltr'>acceptansrmunimiua</span> <span class='ocrx_word' id='word_1_84' title='bbox 821 1373 933 1451; x_wconf 83' lang='lat' dir='ltr'>tribue</span> <span class='ocrx_word' id='word_1_85' title='bbox 958 1404 968 1445; x_wconf 82' lang='lat' dir='ltr'>s</span> <span class='ocrx_word' id='word_1_86' title='bbox 999 1378 1071 1472; x_wconf 89' lang='lat' dir='ltr'>spei</span> <span class='ocrx_word' id='word_1_87' title='bbox 1096 1379 1189 1454; x_wconf 89' lang='lat' dir='ltr'>dona</span> <span class='ocrx_word' id='word_1_88' title='bbox 1240 1378 1338 1451; x_wconf 86' lang='lat' dir='ltr'>rebat</span> <span class='ocrx_word' id='word_1_89' title='bbox 1355 1379 1387 1450; x_wconf 90' lang='lat' dir='ltr'>in</span> <span class='ocrx_word' id='word_1_90' title='bbox 1402 1377 1655 1475; x_wconf 88' lang='lat' dir='ltr'>omnipotentis</span> <span class='ocrx_word' id='word_1_91' title='bbox 1670 1373 1859 1448; x_wconf 84' lang='lat' dir='ltr'>adventurn</span> <span class='ocrx_word' id='word_1_92' title='bbox 1887 1395 2038 1450; x_wconf 91' lang='lat' dir='ltr'>mortem</span> 
     </span>
     <span class='ocr_line' id='line_1_9' title="bbox 386 1471 2041 1572; baseline -0.001 -29"><span class='ocrx_word' id='word_1_93' title='bbox 386 1474 540 1546; x_wconf 83' lang='lat' dir='ltr'>concede</span> <span class='ocrx_word' id='word_1_94' title='bbox 554 1520 567 1543; x_wconf 89' lang='grc'><strong>.</strong></span> <span class='ocrx_word' id='word_1_95' title='bbox 581 1474 822 1548; x_wconf 81' lang='lat' dir='ltr'>Offerentibus</span> <span class='ocrx_word' id='word_1_96' title='bbox 836 1495 973 1570; x_wconf 80' lang='lat' dir='ltr'>quoque</span> <span class='ocrx_word' id='word_1_97' title='bbox 991 1475 1102 1550; x_wconf 85' lang='lat' dir='ltr'>tribue</span> <span class='ocrx_word' id='word_1_98' title='bbox 1130 1503 1191 1572; x_wconf 91' lang='lat' dir='ltr'>pa·</span> <span class='ocrx_word' id='word_1_99' title='bbox 1239 1475 1330 1550; x_wconf 88' lang='lat' dir='ltr'>suam</span> <span class='ocrx_word' id='word_1_100' title='bbox 1346 1477 1486 1552; x_wconf 80' lang='lat' dir='ltr'>timensa</span> <span class='ocrx_word' id='word_1_101' title='bbox 1500 1475 1625 1550; x_wconf 89' lang='lat' dir='ltr'>mortis</span> <span class='ocrx_word' id='word_1_102' title='bbox 1641 1471 1797 1566; x_wconf 85' lang='lat' dir='ltr'>impietas</span> <span class='ocrx_word' id='word_1_103' title='bbox 1811 1498 1820 1538; x_wconf 89' lang='lat'><em>=</em></span> <span class='ocrx_word' id='word_1_104' title='bbox 1833 1471 1869 1540; x_wconf 75' lang='grc' dir='ltr'><strong><em>δί</em></strong></span> <span class='ocrx_word' id='word_1_105' title='bbox 1883 1474 1955 1545; x_wconf 81' lang='lat' dir='ltr'>vire</span> <span class='ocrx_word' id='word_1_106' title='bbox 1967 1474 2041 1544; x_wconf 89' lang='lat' dir='ltr'>Do·</span> 
     </span>
     <span class='ocr_line' id='line_1_10' title="bbox 388 1567 2044 1667; baseline 0.001 -24"><span class='ocrx_word' id='word_1_107' title='bbox 388 1593 487 1643; x_wconf 75' lang='lat' dir='ltr'>cem:</span> <span class='ocrx_word' id='word_1_108' title='bbox 502 1571 721 1647; x_wconf 73' lang='lat' dir='ltr'>&amp;damnetis</span> <span class='ocrx_word' id='word_1_109' title='bbox 737 1592 856 1646; x_wconf 86' lang='lat' dir='ltr'>eterne</span> <span class='ocrx_word' id='word_1_110' title='bbox 871 1570 1076 1664; x_wconf 84' lang='lat' dir='ltr'>pausationis</span> <span class='ocrx_word' id='word_1_111' title='bbox 1089 1575 1189 1667; x_wconf 89' lang='lat' dir='ltr'>quie·</span> <span class='ocrx_word' id='word_1_112' title='bbox 1239 1575 1365 1646; x_wconf 89' lang='lat' dir='ltr'>minum</span> <span class='ocrx_word' id='word_1_113' title='bbox 1378 1576 1515 1647; x_wconf 82' lang='lat' dir='ltr'>occasus</span> <span class='ocrx_word' id='word_1_114' title='bbox 1531 1573 1580 1648; x_wconf 90' lang='lat' dir='ltr'>sui</span> <span class='ocrx_word' id='word_1_115' title='bbox 1596 1569 1780 1646; x_wconf 85' lang='lat' dir='ltr'>formidine</span> <span class='ocrx_word' id='word_1_116' title='bbox 1793 1567 1930 1644; x_wconf 85' lang='lat' dir='ltr'>confusa</span> <span class='ocrx_word' id='word_1_117' title='bbox 1942 1571 2044 1644; x_wconf 83' lang='lat' dir='ltr'>mira-</span> 
     </span>
     <span class='ocr_line' id='line_1_11' title="bbox 318 1664 2044 1764; baseline -0.003 -20"><span class='ocrx_word' id='word_1_118' title='bbox 318 1686 364 1744; x_wconf 75' lang='lat' dir='ltr'>to</span> <span class='ocrx_word' id='word_1_119' title='bbox 391 1686 465 1743; x_wconf 90' lang='lat' dir='ltr'>tem</span> <span class='ocrx_word' id='word_1_120' title='bbox 479 1716 491 1740; x_wconf 84' lang='lat'><strong>.</strong></span> <span class='ocrx_word' id='word_1_121' title='bbox 504 1682 554 1763; x_wconf 63' lang='lat' dir='ltr'>Bc·</span> <span class='ocrx_word' id='word_1_122' title='bbox 565 1672 680 1746; x_wconf 86' lang='lat' dir='ltr'>Amen</span> <span class='ocrx_word' id='word_1_123' title='bbox 693 1717 704 1740; x_wconf 88' lang='lat'><strong>.</strong></span> <span class='ocrx_word' id='word_1_124' title='bbox 719 1670 815 1764; x_wconf 69' lang='lat' dir='ltr'>Qia</span> <span class='ocrx_word' id='word_1_125' title='bbox 835 1689 874 1744; x_wconf 93' lang='lat' dir='ltr'>tu</span> <span class='ocrx_word' id='word_1_126' title='bbox 887 1692 924 1740; x_wconf 86' lang='lat' dir='ltr'>es</span> <span class='ocrx_word' id='word_1_127' title='bbox 940 1670 1015 1746; x_wconf 86' lang='lat' dir='ltr'>vita</span> <span class='ocrx_word' id='word_1_128' title='bbox 1029 1671 1192 1748; x_wconf 86' lang='lat' dir='ltr'>vivorum</span> <span class='ocrx_word' id='word_1_129' title='bbox 1241 1690 1298 1744; x_wconf 92' lang='lat' dir='ltr'>tur</span> <span class='ocrx_word' id='word_1_130' title='bbox 1309 1699 1319 1740; x_wconf 89' lang='lat'><em>=</em></span> <span class='ocrx_word' id='word_1_131' title='bbox 1329 1671 1453 1748; x_wconf 88' lang='lat' dir='ltr'>metuit</span> <span class='ocrx_word' id='word_1_132' title='bbox 1469 1672 1652 1746; x_wconf 83' lang='lat' dir='ltr'>fortiorem</span> <span class='ocrx_word' id='word_1_133' title='bbox 1667 1695 1677 1738; x_wconf 80' lang='lat' dir='ltr'>t</span> <span class='ocrx_word' id='word_1_134' title='bbox 1692 1691 1795 1762; x_wconf 89' lang='lat' dir='ltr'>quem</span> <span class='ocrx_word' id='word_1_135' title='bbox 1809 1664 1972 1764; x_wconf 85' lang='lat' dir='ltr'>intelligit</span> <span class='ocrx_word' id='word_1_136' title='bbox 1985 1667 2044 1740; x_wconf 89' lang='lat' dir='ltr'>in-</span> 
     </span>
     <span class='ocr_line' id='line_1_12' title="bbox 379 1765 2122 1864; baseline 0 -22"><span class='ocrx_word' id='word_1_137' title='bbox 379 1771 463 1864; x_wconf 67' lang='lat' dir='ltr'>¹&amp;tn</span> <span class='ocrx_word' id='word_1_138' title='bbox 1244 1787 1426 1842; x_wconf 85' lang='lat' dir='ltr'>nocentem</span> <span class='ocrx_word' id='word_1_139' title='bbox 1440 1817 1451 1838; x_wconf 87' lang='grc'><strong>.</strong></span> <span class='ocrx_word' id='word_1_140' title='bbox 1467 1769 1625 1844; x_wconf 78' lang='lat' dir='ltr'>Timebat</span> <span class='ocrx_word' id='word_1_141' title='bbox 1651 1765 1822 1840; x_wconf 85' lang='lat' dir='ltr'>vindicem</span> <span class='ocrx_word' id='word_1_142' title='bbox 1837 1789 1960 1859; x_wconf 81' lang='lat' dir='ltr'>:quem</span> <span class='ocrx_word' id='word_1_143' title='bbox 1975 1767 2047 1840; x_wconf 83' lang='lat' dir='ltr'>nou</span> <span class='ocrx_word' id='word_1_144' title='bbox 2073 1771 2122 1862; x_wconf 85' lang='lat'>65</span> 
     </span>
     <span class='ocr_line' id='line_1_13' title="bbox 699 1862 2045 1962; baseline -0.01 -15"><span class='ocrx_word' id='word_1_145' title='bbox 699 1915 708 1922; x_wconf 94' lang='lat'><em>·</em></span> <span class='ocrx_word' id='word_1_146' title='bbox 1245 1862 2045 1962; x_wconf 81' lang='lat' dir='ltr'>probaveratdebitorem·Qiascriptumetata</span> 
     </span>
     <span class='ocr_line' id='line_1_14' title="bbox 598 1961 2051 2066; baseline -0.007 -22"><span class='ocrx_word' id='word_1_147' title='bbox 598 1963 664 2044; x_wconf 71' lang='lat' dir='ltr'>add</span> <span class='ocrx_word' id='word_1_148' title='bbox 680 1981 824 2066; x_wconf 76' lang='lat' dir='ltr'>pacem.</span> <span class='ocrx_word' id='word_1_149' title='bbox 841 1969 984 2044; x_wconf 67' lang='lat' dir='ltr'>oratio}</span> <span class='ocrx_word' id='word_1_150' title='bbox 1243 1979 1309 2038; x_wconf 88' lang='lat' dir='ltr'>ero&#39;</span> <span class='ocrx_word' id='word_1_151' title='bbox 1325 1989 1418 2041; x_wconf 90' lang='lat' dir='ltr'>mors</span> <span class='ocrx_word' id='word_1_152' title='bbox 1435 1985 1493 2039; x_wconf 89' lang='lat' dir='ltr'>tua</span> <span class='ocrx_word' id='word_1_153' title='bbox 1506 1992 1531 2040; x_wconf 92' lang='lat' dir='ltr'>o</span> <span class='ocrx_word' id='word_1_154' title='bbox 1546 1988 1640 2040; x_wconf 90' lang='lat' dir='ltr'>mors</span> <span class='ocrx_word' id='word_1_155' title='bbox 1656 1989 1665 2031; x_wconf 83' lang='lat' dir='ltr'>a</span> <span class='ocrx_word' id='word_1_156' title='bbox 1679 1986 1744 2036; x_wconf 90' lang='lat' dir='ltr'>ero</span> <span class='ocrx_word' id='word_1_157' title='bbox 1761 1961 1891 2037; x_wconf 81' lang='lat' dir='ltr'>morsus</span> <span class='ocrx_word' id='word_1_158' title='bbox 1905 1980 1980 2034; x_wconf 88' lang='lat' dir='ltr'>tuus</span> <span class='ocrx_word' id='word_1_159' title='bbox 1995 1964 2051 2035; x_wconf 93' lang='lat' dir='ltr'>iu·</span> 
     </span>
     <span class='ocr_line' id='line_1_15' title="bbox 404 2060 2049 2160; baseline -0.007 -19"><span class='ocrx_word' id='word_1_160' title='bbox 404 2087 410 2096; x_wconf 89' lang='grc'><em>·</em></span> <span class='ocrx_word' id='word_1_161' title='bbox 1245 2066 1366 2138; x_wconf 83' lang='lat' dir='ltr'>ferne.</span> <span class='ocrx_word' id='word_1_162' title='bbox 1384 2065 1447 2137; x_wconf 85' lang='lat' dir='ltr'>His</span> <span class='ocrx_word' id='word_1_163' title='bbox 1462 2065 1570 2160; x_wconf 89' lang='lat' dir='ltr'>igitur</span> <span class='ocrx_word' id='word_1_164' title='bbox 1585 2060 1739 2138; x_wconf 86' lang='lat' dir='ltr'>omnibus</span> <span class='ocrx_word' id='word_1_165' title='bbox 1760 2060 2049 2156; x_wconf 86' lang='lat' dir='ltr'>quemadmodum</span> 
     </span>
     <span class='ocr_line' id='line_1_16' title="bbox 316 2159 2044 2342; baseline -0.005 -105"><span class='ocrx_word' id='word_1_166' title='bbox 316 2172 363 2254; x_wconf 71' lang='grc' dir='ltr'>ἲς</span> <span class='ocrx_word' id='word_1_167' title='bbox 392 2159 564 2342; x_wconf 81' lang='lat' dir='ltr'>DEus</span> <span class='ocrx_word' id='word_1_168' title='bbox 576 2161 634 2259; x_wconf 91' lang='lat' dir='ltr'>qui</span> <span class='ocrx_word' id='word_1_169' title='bbox 648 2161 819 2241; x_wconf 86' lang='lat' dir='ltr'>honorem</span> <span class='ocrx_word' id='word_1_170' title='bbox 831 2164 1009 2262; x_wconf 83' lang='lat' dir='ltr'>pristinum</span> <span class='ocrx_word' id='word_1_171' title='bbox 1018 2160 1192 2238; x_wconf 88' lang='lat' dir='ltr'>reddidilli</span> <span class='ocrx_word' id='word_1_172' title='bbox 1240 2162 1413 2238; x_wconf 83' lang='lat' dir='ltr'>veracium</span> <span class='ocrx_word' id='word_1_173' title='bbox 1430 2183 1548 2236; x_wconf 86' lang='lat' dir='ltr'>vatum</span> <span class='ocrx_word' id='word_1_174' title='bbox 1564 2159 1728 2259; x_wconf 89' lang='lat' dir='ltr'>preconia</span> <span class='ocrx_word' id='word_1_175' title='bbox 1744 2177 1939 2233; x_wconf 86' lang='lat' dir='ltr'>tonuerunt</span> <span class='ocrx_word' id='word_1_176' title='bbox 1955 2181 2044 2255; x_wconf 91' lang='lat' dir='ltr'>pro-</span> 
     </span>
     <span class='ocr_line' id='line_1_17' title="bbox 513 2253 2184 2362; baseline -0.002 -30"><span class='ocrx_word' id='word_1_177' title='bbox 513 2283 576 2356; x_wconf 86' lang='lat' dir='ltr'>per</span> <span class='ocrx_word' id='word_1_178' title='bbox 591 2261 699 2332; x_wconf 87' lang='lat' dir='ltr'>crucis</span> <span class='ocrx_word' id='word_1_179' title='bbox 714 2263 941 2362; x_wconf 88' lang='lat' dir='ltr'>opprobrium</span> <span class='ocrx_word' id='word_1_180' title='bbox 955 2291 965 2333; x_wconf 79' lang='lat' dir='ltr'>a</span> <span class='ocrx_word' id='word_1_181' title='bbox 982 2264 1103 2358; x_wconf 91' lang='lat' dir='ltr'>quibus</span> <span class='ocrx_word' id='word_1_182' title='bbox 1130 2286 1194 2334; x_wconf 89' lang='lat' dir='ltr'>no·</span> <span class='ocrx_word' id='word_1_183' title='bbox 1240 2259 1398 2333; x_wconf 88' lang='lat' dir='ltr'>habiliter</span> <span class='ocrx_word' id='word_1_184' title='bbox 1413 2258 1604 2358; x_wconf 87' lang='lat' dir='ltr'>adimpletis</span> <span class='ocrx_word' id='word_1_185' title='bbox 1619 2287 1628 2328; x_wconf 84' lang='lat' dir='ltr'>r</span> <span class='ocrx_word' id='word_1_186' title='bbox 1643 2283 1714 2333; x_wconf 91' lang='lat' dir='ltr'>non</span> <span class='ocrx_word' id='word_1_187' title='bbox 1730 2253 1840 2331; x_wconf 88' lang='lat' dir='ltr'>solum</span> <span class='ocrx_word' id='word_1_188' title='bbox 1853 2255 1918 2330; x_wconf 90' lang='lat' dir='ltr'>celi</span> <span class='ocrx_word' id='word_1_189' title='bbox 1947 2254 2047 2333; x_wconf 88' lang='lat' dir='ltr'>celo-</span> <span class='ocrx_word' id='word_1_190' title='bbox 2075 2280 2122 2356; x_wconf 72' lang='lat'>70</span> <span class='ocrx_word' id='word_1_191' title='bbox 2183 2297 2184 2324; x_wconf 63' lang='lat' dir='ltr'>r</span> 
     </span>
     <span class='ocr_line' id='line_1_18' title="bbox 392 2352 2047 2458; baseline -0.001 -28"><span class='ocrx_word' id='word_1_192' title='bbox 392 2357 481 2432; x_wconf 80' lang='lat' dir='ltr'>luisti</span> <span class='ocrx_word' id='word_1_193' title='bbox 493 2357 618 2434; x_wconf 87' lang='lat' dir='ltr'>mortis</span> <span class='ocrx_word' id='word_1_194' title='bbox 632 2358 762 2431; x_wconf 89' lang='lat' dir='ltr'>inferre</span> <span class='ocrx_word' id='word_1_195' title='bbox 776 2359 995 2458; x_wconf 81' lang='lat' dir='ltr'>supplicium:</span> <span class='ocrx_word' id='word_1_196' title='bbox 1007 2357 1193 2457; x_wconf 90' lang='lat' dir='ltr'>repromis·</span> <span class='ocrx_word' id='word_1_197' title='bbox 1243 2383 1317 2432; x_wconf 88' lang='lat' dir='ltr'>rum</span> <span class='ocrx_word' id='word_1_198' title='bbox 1330 2361 1509 2433; x_wconf 87' lang='lat' dir='ltr'>cumomni</span> <span class='ocrx_word' id='word_1_199' title='bbox 1525 2359 1706 2432; x_wconf 83' lang='lat' dir='ltr'>beatorum</span> <span class='ocrx_word' id='word_1_200' title='bbox 1722 2354 1877 2429; x_wconf 84' lang='lat' dir='ltr'>exercitu</span> <span class='ocrx_word' id='word_1_201' title='bbox 1888 2352 2047 2452; x_wconf 80' lang='lat' dir='ltr'>Angelo·</span> 
     </span>
     <span class='ocr_line' id='line_1_19' title="bbox 391 2453 2184 2555; baseline -0.003 -28"><span class='ocrx_word' id='word_1_202' title='bbox 391 2454 429 2528; x_wconf 88' lang='lat' dir='ltr'>sa</span> <span class='ocrx_word' id='word_1_203' title='bbox 455 2455 554 2531; x_wconf 89' lang='lat' dir='ltr'>nobis</span> <span class='ocrx_word' id='word_1_204' title='bbox 579 2454 852 2532; x_wconf 74' lang='lat' dir='ltr'>benedictionum</span> <span class='ocrx_word' id='word_1_205' title='bbox 867 2459 1037 2532; x_wconf 81' lang='lat' dir='ltr'>celestium</span> <span class='ocrx_word' id='word_1_206' title='bbox 1066 2455 1193 2555; x_wconf 87' lang='lat' dir='ltr'>largire</span> <span class='ocrx_word' id='word_1_207' title='bbox 1242 2479 1314 2532; x_wconf 92' lang='lat' dir='ltr'>rum</span> <span class='ocrx_word' id='word_1_208' title='bbox 1330 2484 1339 2526; x_wconf 79' lang='lat' dir='ltr'>a</span> <span class='ocrx_word' id='word_1_209' title='bbox 1355 2478 1476 2528; x_wconf 90' lang='lat' dir='ltr'>verum</span> <span class='ocrx_word' id='word_1_210' title='bbox 1497 2457 1601 2530; x_wconf 88' lang='lat' dir='ltr'>etiam</span> <span class='ocrx_word' id='word_1_211' title='bbox 1616 2453 1918 2550; x_wconf 83' lang='lat' dir='ltr'>qualiumcumque</span> <span class='ocrx_word' id='word_1_212' title='bbox 1942 2477 2048 2548; x_wconf 88' lang='lat' dir='ltr'>pere-</span> <span class='ocrx_word' id='word_1_213' title='bbox 2183 2489 2184 2502; x_wconf 29' lang='grc' dir='ltr'><strong>κ</strong></span> 
     </span>
     <span class='ocr_line' id='line_1_20' title="bbox 392 2547 2043 2656; baseline 0.002 -33"><span class='ocrx_word' id='word_1_214' title='bbox 392 2551 557 2627; x_wconf 77' lang='lat' dir='ltr'>subsidias</span> <span class='ocrx_word' id='word_1_215' title='bbox 571 2575 615 2624; x_wconf 92' lang='lat' dir='ltr'>ue</span> <span class='ocrx_word' id='word_1_216' title='bbox 628 2551 790 2648; x_wconf 88' lang='lat' dir='ltr'>paschalis</span> <span class='ocrx_word' id='word_1_217' title='bbox 804 2557 975 2632; x_wconf 82' lang='lat' dir='ltr'>adimatur</span> <span class='ocrx_word' id='word_1_218' title='bbox 987 2575 1131 2650; x_wconf 89' lang='lat' dir='ltr'>repente</span> <span class='ocrx_word' id='word_1_219' title='bbox 1145 2552 1194 2625; x_wconf 91' lang='lat' dir='ltr'>le·</span> <span class='ocrx_word' id='word_1_220' title='bbox 1243 2554 1452 2656; x_wconf 88' lang='lat' dir='ltr'>grinantium</span> <span class='ocrx_word' id='word_1_221' title='bbox 1463 2553 1615 2627; x_wconf 86' lang='lat' dir='ltr'>fidelium</span> <span class='ocrx_word' id='word_1_222' title='bbox 1630 2553 1735 2626; x_wconf 84' lang='lat' dir='ltr'>studia</span> <span class='ocrx_word' id='word_1_223' title='bbox 1745 2547 1950 2625; x_wconf 87' lang='lat' dir='ltr'>famulorum</span> <span class='ocrx_word' id='word_1_224' title='bbox 1964 2573 2043 2628; x_wconf 83' lang='lat' dir='ltr'>cunr</span> 
     </span>
     <span class='ocr_line' id='line_1_21' title="bbox 313 2647 2049 2750; baseline -0.002 -28"><span class='ocrx_word' id='word_1_225' title='bbox 313 2663 366 2723; x_wconf 59' lang='grc' dir='ltr'>πο</span> <span class='ocrx_word' id='word_1_226' title='bbox 394 2650 474 2724; x_wconf 88' lang='lat' dir='ltr'>ticia</span> <span class='ocrx_word' id='word_1_227' title='bbox 489 2682 500 2722; x_wconf 77' lang='lat' dir='ltr'>a</span> <span class='ocrx_word' id='word_1_228' title='bbox 514 2651 556 2723; x_wconf 87' lang='lat' dir='ltr'>da</span> <span class='ocrx_word' id='word_1_229' title='bbox 569 2653 787 2748; x_wconf 78' lang='lat' dir='ltr'>regeneratis</span> <span class='ocrx_word' id='word_1_230' title='bbox 799 2677 845 2726; x_wconf 86' lang='lat' dir='ltr'>ex</span> <span class='ocrx_word' id='word_1_231' title='bbox 860 2656 980 2750; x_wconf 88' lang='lat' dir='ltr'>spiritu</span> <span class='ocrx_word' id='word_1_232' title='bbox 997 2656 1121 2728; x_wconf 89' lang='lat' dir='ltr'>bonam</span> <span class='ocrx_word' id='word_1_233' title='bbox 1140 2652 1195 2724; x_wconf 88' lang='lat' dir='ltr'>vi·</span> <span class='ocrx_word' id='word_1_234' title='bbox 1241 2648 1934 2747; x_wconf 85' lang='lat' dir='ltr'>Seraphinhymnumdebiteconfeffionis</span> <span class='ocrx_word' id='word_1_235' title='bbox 1947 2647 2049 2720; x_wconf 86' lang='lat' dir='ltr'>exul-</span> 
     </span>
     <span class='ocr_line' id='line_1_22' title="bbox 392 2729 2117 2850; baseline 0 -29"><span class='ocrx_word' id='word_1_236' title='bbox 392 2750 614 2823; x_wconf 82' lang='lat' dir='ltr'>tamrdouec</span> <span class='ocrx_word' id='word_1_237' title='bbox 631 2729 806 2826; x_wconf 61' lang='lat' dir='ltr'>venffimus</span> <span class='ocrx_word' id='word_1_238' title='bbox 822 2749 973 2826; x_wconf 85' lang='lat' dir='ltr'>seliciter</span> <span class='ocrx_word' id='word_1_239' title='bbox 984 2754 1026 2828; x_wconf 93' lang='lat' dir='ltr'>ad</span> <span class='ocrx_word' id='word_1_240' title='bbox 1043 2750 1193 2850; x_wconf 86' lang='lat' dir='ltr'>gloriam</span> <span class='ocrx_word' id='word_1_241' title='bbox 1243 2770 1319 2825; x_wconf 89' lang='lat' dir='ltr'>taut</span> <span class='ocrx_word' id='word_1_242' title='bbox 1345 2751 1380 2825; x_wconf 76' lang='lat' dir='ltr'>bt</span> <span class='ocrx_word' id='word_1_243' title='bbox 1405 2751 1523 2827; x_wconf 85' lang='lat' dir='ltr'>dicunt</span> <span class='ocrx_word' id='word_1_244' title='bbox 1555 2765 1642 2845; x_wconf 60' lang='lat' dir='ltr'>dja.</span> <span class='ocrx_word' id='word_1_245' title='bbox 1670 2749 1815 2828; x_wconf 71' lang='lat' dir='ltr'>sannas</span> <span class='ocrx_word' id='word_1_246' title='bbox 1844 2745 2046 2849; x_wconf 27' lang='lat' dir='ltr'>sandius·</span> <span class='ocrx_word' id='word_1_247' title='bbox 2072 2771 2117 2849; x_wconf 84' lang='lat'>75</span> 
     </span>
     <span class='ocr_line' id='line_1_23' title="bbox 392 2844 1405 2944; baseline 0 -27"><span class='ocrx_word' id='word_1_248' title='bbox 392 2846 633 2942; x_wconf 85' lang='lat' dir='ltr'>sempiternam</span> <span class='ocrx_word' id='word_1_249' title='bbox 649 2893 660 2917; x_wconf 88' lang='lat'><strong>.</strong></span> <span class='ocrx_word' id='word_1_250' title='bbox 674 2847 727 2932; x_wconf 75' lang='lat' dir='ltr'>sit</span> <span class='ocrx_word' id='word_1_251' title='bbox 742 2847 778 2922; x_wconf 87' lang='lat' dir='ltr'>in</span> <span class='ocrx_word' id='word_1_252' title='bbox 791 2849 899 2924; x_wconf 87' lang='lat' dir='ltr'>oculis</span> <span class='ocrx_word' id='word_1_253' title='bbox 912 2851 979 2927; x_wconf 91' lang='lat' dir='ltr'>tuis</span> <span class='ocrx_word' id='word_1_254' title='bbox 999 2844 1193 2944; x_wconf 83' lang='lat' dir='ltr'>aceptabile</span> <span class='ocrx_word' id='word_1_255' title='bbox 1242 2847 1405 2926; x_wconf 74' lang='lat' dir='ltr'>sandius.</span> 
     </span>
     <span class='ocr_line' id='line_1_24' title="bbox 323 2944 1196 3041; baseline 0.001 -27"><span class='ocrx_word' id='word_1_256' title='bbox 323 2949 328 2958; x_wconf 84' lang='lat'>&#39;</span> <span class='ocrx_word' id='word_1_257' title='bbox 390 2946 490 3038; x_wconf 91' lang='lat' dir='ltr'>quod</span> <span class='ocrx_word' id='word_1_258' title='bbox 514 2946 688 3021; x_wconf 86' lang='lat' dir='ltr'>offerimus</span> <span class='ocrx_word' id='word_1_259' title='bbox 713 2971 723 3012; x_wconf 82' lang='lat' dir='ltr'>r</span> <span class='ocrx_word' id='word_1_260' title='bbox 748 2946 790 3019; x_wconf 82' lang='lat' dir='ltr'>fir</span> <span class='ocrx_word' id='word_1_261' title='bbox 816 2947 949 3023; x_wconf 89' lang='lat' dir='ltr'>salubre</span> <span class='ocrx_word' id='word_1_262' title='bbox 973 2954 1066 3041; x_wconf 92' lang='lat' dir='ltr'>quod</span> <span class='ocrx_word' id='word_1_263' title='bbox 1085 2944 1196 3041; x_wconf 90' lang='lat' dir='ltr'>posci·</span> 
     </span>
     <span class='ocr_line' id='line_1_25' title="bbox 392 3041 2184 3140; baseline 0.002 -26"><span class='ocrx_word' id='word_1_264' title='bbox 392 3066 468 3116; x_wconf 87' lang='lat' dir='ltr'>mus</span> <span class='ocrx_word' id='word_1_265' title='bbox 482 3067 493 3117; x_wconf 82' lang='lat' dir='ltr'>a</span> <span class='ocrx_word' id='word_1_266' title='bbox 505 3065 576 3138; x_wconf 92' lang='lat' dir='ltr'>quo</span> <span class='ocrx_word' id='word_1_267' title='bbox 593 3066 657 3138; x_wconf 92' lang='lat' dir='ltr'>per</span> <span class='ocrx_word' id='word_1_268' title='bbox 668 3041 864 3140; x_wconf 89' lang='lat' dir='ltr'>sanguinem</span> <span class='ocrx_word' id='word_1_269' title='bbox 871 3046 997 3126; x_wconf 87' lang='lat' dir='ltr'>Crucis</span> <span class='ocrx_word' id='word_1_270' title='bbox 1010 3064 1069 3120; x_wconf 91' lang='lat' dir='ltr'>tue</span> <span class='ocrx_word' id='word_1_271' title='bbox 1085 3047 1119 3114; x_wconf 93' lang='lat' dir='ltr'>in</span> <span class='ocrx_word' id='word_1_272' title='bbox 1135 3068 1196 3137; x_wconf 84' lang='lat' dir='ltr'>pa·</span> <span class='ocrx_word' id='word_1_273' title='bbox 1527 3045 1607 3136; x_wconf 73' lang='lat' dir='ltr'>Post</span> <span class='ocrx_word' id='word_1_274' title='bbox 1622 3047 1786 3123; x_wconf 59' lang='lat' dir='ltr'>sandius:</span> <span class='ocrx_word' id='word_1_275' title='bbox 2183 3087 2184 3138; x_wconf 57' lang='lat' dir='ltr'>q</span> 
     </span>
     <span class='ocr_line' id='line_1_26' title="bbox 314 3139 2184 3239; baseline -0.001 -27"><span class='ocrx_word' id='word_1_276' title='bbox 314 3149 364 3229; x_wconf 61' lang='grc' dir='ltr'>ὓς</span> <span class='ocrx_word' id='word_1_277' title='bbox 394 3160 436 3211; x_wconf 89' lang='lat' dir='ltr'>ce</span> <span class='ocrx_word' id='word_1_278' title='bbox 466 3160 525 3214; x_wconf 89' lang='lat' dir='ltr'>tua</span> <span class='ocrx_word' id='word_1_279' title='bbox 552 3140 612 3235; x_wconf 87' lang='lat' dir='ltr'>spe</span> <span class='ocrx_word' id='word_1_280' title='bbox 637 3139 778 3216; x_wconf 88' lang='lat' dir='ltr'>solidati</span> <span class='ocrx_word' id='word_1_281' title='bbox 806 3145 1198 3239; x_wconf 73' lang='lat' dir='ltr'>vivamus·132·Ameu.</span> <span class='ocrx_word' id='word_1_282' title='bbox 2183 3141 2184 3156; x_wconf 61' lang='lat'>¹</span> 
     </span>
     <span class='ocr_line' id='line_1_27' title="bbox 395 3236 2116 3342; baseline 0.006 -33"><span class='ocrx_word' id='word_1_283' title='bbox 395 3236 691 3342; x_wconf 63' lang='lat' dir='ltr'>Qiatuesytra</span> <span class='ocrx_word' id='word_1_284' title='bbox 702 3245 977 3338; x_wconf 73' lang='lat' dir='ltr'>paruosraorc.</span> <span class='ocrx_word' id='word_1_285' title='bbox 1356 3243 1421 3318; x_wconf 81' lang='lat' dir='ltr'>Ere</span> <span class='ocrx_word' id='word_1_286' title='bbox 1434 3245 1572 3323; x_wconf 70' lang='lat' dir='ltr'>sanstus</span> <span class='ocrx_word' id='word_1_287' title='bbox 1600 3249 1639 3319; x_wconf 80' lang='lat' dir='ltr'>tlt</span> <span class='ocrx_word' id='word_1_288' title='bbox 1667 3237 1866 3317; x_wconf 74' lang='lat' dir='ltr'>benedictus</span> <span class='ocrx_word' id='word_1_289' title='bbox 1895 3264 1935 3312; x_wconf 91' lang='lat' dir='ltr'>es</span> <span class='ocrx_word' id='word_1_290' title='bbox 1947 3240 2040 3314; x_wconf 88' lang='lat' dir='ltr'>Deus</span> <span class='ocrx_word' id='word_1_291' title='bbox 2071 3243 2116 3320; x_wconf 72' lang='lat'>80</span> 
     </span>
     <span class='ocr_line' id='line_1_28' title="bbox 723 3336 2048 3439; baseline -0.004 -19"><span class='ocrx_word' id='word_1_292' title='bbox 723 3352 730 3364; x_wconf 90' lang='lat'><em>&#39;</em></span> <span class='ocrx_word' id='word_1_293' title='bbox 1370 3347 1473 3420; x_wconf 91' lang='lat' dir='ltr'>Pater</span> <span class='ocrx_word' id='word_1_294' title='bbox 1498 3341 1717 3439; x_wconf 84' lang='lat' dir='ltr'>omnipotens</span> <span class='ocrx_word' id='word_1_295' title='bbox 1748 3340 1838 3434; x_wconf 80' lang='lat' dir='ltr'>aqui</span> <span class='ocrx_word' id='word_1_296' title='bbox 1864 3336 2048 3416; x_wconf 86' lang='lat' dir='ltr'>Dominum</span> 
     </span>
     <span class='ocr_line' id='line_1_29' title="bbox 724 3437 2048 3524; baseline -0.004 -12"><span class='ocrx_word' id='word_1_297' title='bbox 724 3437 877 3516; x_wconf 66' lang='lat' dir='ltr'>salatia}</span> <span class='ocrx_word' id='word_1_298' title='bbox 1249 3441 1514 3524; x_wconf 84' lang='lat' dir='ltr'>nostrumlesum</span> <span class='ocrx_word' id='word_1_299' title='bbox 1528 3441 1700 3514; x_wconf 87' lang='lat' dir='ltr'>Christum</span> <span class='ocrx_word' id='word_1_300' title='bbox 1717 3437 1822 3512; x_wconf 88' lang='lat' dir='ltr'>filium</span> <span class='ocrx_word' id='word_1_301' title='bbox 1839 3456 1934 3510; x_wconf 90' lang='lat' dir='ltr'>tuum</span> <span class='ocrx_word' id='word_1_302' title='bbox 1949 3440 1983 3510; x_wconf 90' lang='lat' dir='ltr'>in</span> <span class='ocrx_word' id='word_1_303' title='bbox 1998 3439 2048 3510; x_wconf 88' lang='lat' dir='ltr'>as·</span> 
     </span>
     <span class='ocr_line' id='line_1_30' title="bbox 1249 3535 2049 3636; baseline -0.003 -26"><span class='ocrx_word' id='word_1_304' title='bbox 1249 3536 1477 3636; x_wconf 83' lang='lat' dir='ltr'>sumptionem</span> <span class='ocrx_word' id='word_1_305' title='bbox 1501 3536 1723 3614; x_wconf 88' lang='lat' dir='ltr'>humanitatis</span> <span class='ocrx_word' id='word_1_306' title='bbox 1750 3553 1899 3610; x_wconf 88' lang='lat' dir='ltr'>mortem</span> <span class='ocrx_word' id='word_1_307' title='bbox 1942 3535 2049 3610; x_wconf 86' lang='lat' dir='ltr'>ferilli</span> 
     </span>
     <span class='ocr_line' id='line_1_31' title="bbox 316 3629 2073 3816; baseline -0.001 -111"><span class='ocrx_word' id='word_1_308' title='bbox 316 3640 367 3728; x_wconf 68' lang='lat'>30</span> <span class='ocrx_word' id='word_1_309' title='bbox 394 3632 491 3816; x_wconf 88' lang='lat' dir='ltr'>D</span> <span class='ocrx_word' id='word_1_310' title='bbox 504 3635 625 3737; x_wconf 84' lang='lat' dir='ltr'>ignum</span> <span class='ocrx_word' id='word_1_311' title='bbox 646 3635 683 3708; x_wconf 78' lang='lat' dir='ltr'>dl</span> <span class='ocrx_word' id='word_1_312' title='bbox 697 3639 815 3724; x_wconf 85' lang='lat' dir='ltr'>iullum</span> <span class='ocrx_word' id='word_1_313' title='bbox 829 3635 876 3708; x_wconf 88' lang='lat' dir='ltr'>est</span> <span class='ocrx_word' id='word_1_314' title='bbox 891 3663 901 3706; x_wconf 82' lang='lat' dir='ltr'>a</span> <span class='ocrx_word' id='word_1_315' title='bbox 918 3659 981 3714; x_wconf 90' lang='lat' dir='ltr'>nos</span> <span class='ocrx_word' id='word_1_316' title='bbox 998 3633 1058 3710; x_wconf 90' lang='lat' dir='ltr'>tibi</span> <span class='ocrx_word' id='word_1_317' title='bbox 1088 3636 1202 3711; x_wconf 88' lang='lat' dir='ltr'>omui·</span> <span class='ocrx_word' id='word_1_318' title='bbox 1251 3639 1379 3710; x_wconf 85' lang='lat' dir='ltr'>subire:</span> <span class='ocrx_word' id='word_1_319' title='bbox 1392 3656 1428 3707; x_wconf 92' lang='lat' dir='ltr'>ut</span> <span class='ocrx_word' id='word_1_320' title='bbox 1443 3639 1635 3711; x_wconf 90' lang='lat' dir='ltr'>noslrorum</span> <span class='ocrx_word' id='word_1_321' title='bbox 1650 3633 1804 3708; x_wconf 80' lang='lat' dir='ltr'>solveret</span> <span class='ocrx_word' id='word_1_322' title='bbox 1819 3629 1955 3708; x_wconf 87' lang='lat' dir='ltr'>vincula</span> <span class='ocrx_word' id='word_1_323' title='bbox 1971 3656 2048 3726; x_wconf 90' lang='lat' dir='ltr'>pec·</span> <span class='ocrx_word' id='word_1_324' title='bbox 2070 3667 2073 3672; x_wconf 38' lang='lat'>¹</span> 
     </span>
     <span class='ocr_line' id='line_1_32' title="bbox 503 3730 2114 3832; baseline -0.002 -23"><span class='ocrx_word' id='word_1_325' title='bbox 503 3753 643 3831; x_wconf 71' lang='lat' dir='ltr'>„potens</span> <span class='ocrx_word' id='word_1_326' title='bbox 658 3735 1006 3832; x_wconf 81' lang='lat' dir='ltr'>Pater&amp;unigenito</span> <span class='ocrx_word' id='word_1_327' title='bbox 1015 3736 1090 3818; x_wconf 85' lang='lat' dir='ltr'>lesu</span> <span class='ocrx_word' id='word_1_328' title='bbox 1100 3734 1203 3808; x_wconf 87' lang='lat' dir='ltr'>Chri·</span> <span class='ocrx_word' id='word_1_329' title='bbox 1251 3755 1406 3809; x_wconf 89' lang='lat' dir='ltr'>catorum</span> <span class='ocrx_word' id='word_1_330' title='bbox 1423 3762 1432 3804; x_wconf 81' lang='lat' dir='ltr'>a</span> <span class='ocrx_word' id='word_1_331' title='bbox 1447 3735 1482 3806; x_wconf 75' lang='grc' dir='ltr'>δι</span> <span class='ocrx_word' id='word_1_332' title='bbox 1507 3735 1720 3832; x_wconf 88' lang='lat' dir='ltr'>triumphans</span> <span class='ocrx_word' id='word_1_333' title='bbox 1745 3735 1787 3806; x_wconf 91' lang='lat' dir='ltr'>de</span> <span class='ocrx_word' id='word_1_334' title='bbox 1814 3730 1933 3804; x_wconf 87' lang='lat' dir='ltr'>inferis</span> <span class='ocrx_word' id='word_1_335' title='bbox 1960 3731 2048 3804; x_wconf 88' lang='lat' dir='ltr'>liber</span> <span class='ocrx_word' id='word_1_336' title='bbox 2072 3733 2114 3826; x_wconf 83' lang='lat'>85</span> 
     </span>
     <span class='ocr_line' id='line_1_33' title="bbox 397 3827 2046 3931; baseline -0.004 -24"><span class='ocrx_word' id='word_1_337' title='bbox 397 3835 452 3910; x_wconf 84' lang='lat' dir='ltr'>sto</span> <span class='ocrx_word' id='word_1_338' title='bbox 465 3831 542 3907; x_wconf 89' lang='lat' dir='ltr'>filio</span> <span class='ocrx_word' id='word_1_339' title='bbox 560 3851 626 3907; x_wconf 88' lang='lat' dir='ltr'>tuo</span> <span class='ocrx_word' id='word_1_340' title='bbox 638 3830 795 3908; x_wconf 86' lang='lat' dir='ltr'>Domino</span> <span class='ocrx_word' id='word_1_341' title='bbox 808 3834 925 3931; x_wconf 82' lang='lat' dir='ltr'>nostro</span> <span class='ocrx_word' id='word_1_342' title='bbox 943 3836 1070 3930; x_wconf 85' lang='lat' dir='ltr'>gratias</span> <span class='ocrx_word' id='word_1_343' title='bbox 1084 3857 1202 3930; x_wconf 84' lang='lat' dir='ltr'>agere.</span> <span class='ocrx_word' id='word_1_344' title='bbox 1253 3847 1418 3926; x_wconf 87' lang='lat' dir='ltr'>remearet</span> <span class='ocrx_word' id='word_1_345' title='bbox 1446 3833 1488 3904; x_wconf 84' lang='lat' dir='ltr'>ad</span> <span class='ocrx_word' id='word_1_346' title='bbox 1513 3827 1633 3906; x_wconf 91' lang='lat' dir='ltr'>solium</span> <span class='ocrx_word' id='word_1_347' title='bbox 1650 3851 1748 3908; x_wconf 89' lang='lat' dir='ltr'>tuum</span> <span class='ocrx_word' id='word_1_348' title='bbox 1763 3876 1774 3900; x_wconf 82' lang='lat'><strong>.</strong></span> <span class='ocrx_word' id='word_1_349' title='bbox 1790 3827 1864 3926; x_wconf 82' lang='lat' dir='ltr'>lpse</span> <span class='ocrx_word' id='word_1_350' title='bbox 1877 3829 2046 3904; x_wconf 86' lang='lat' dir='ltr'>Dominus</span> 
     </span>
     <span class='ocr_line' id='line_1_34' title="bbox 271 3930 1675 4027; baseline -0.004 -22"><span class='ocrx_word' id='word_1_351' title='bbox 271 3949 282 3960; x_wconf 84' lang='lat'><em>·</em></span> <span class='ocrx_word' id='word_1_352' title='bbox 394 3930 627 4027; x_wconf 81' lang='lat' dir='ltr'>Qieousque</span> <span class='ocrx_word' id='word_1_353' title='bbox 653 3931 1202 4007; x_wconf 86' lang='lat' dir='ltr'>descendenshumiliavitsemet·</span> <span class='ocrx_word' id='word_1_354' title='bbox 1250 3957 1288 4008; x_wconf 91' lang='lat' dir='ltr'>ac</span> <span class='ocrx_word' id='word_1_355' title='bbox 1301 3931 1500 4025; x_wconf 89' lang='lat' dir='ltr'>redemptor</span> <span class='ocrx_word' id='word_1_356' title='bbox 1511 3945 1675 4003; x_wconf 85' lang='lat' dir='ltr'>eternus.</span> 
     </span>
     <span class='ocr_line' id='line_1_35' title="bbox 395 4026 1202 4124; baseline 0.001 -22"><span class='ocrx_word' id='word_1_357' title='bbox 395 4029 506 4124; x_wconf 89' lang='lat' dir='ltr'>ipsum</span> <span class='ocrx_word' id='word_1_358' title='bbox 524 4029 724 4123; x_wconf 79' lang='lat' dir='ltr'>aquousque</span> <span class='ocrx_word' id='word_1_359' title='bbox 750 4031 841 4103; x_wconf 91' lang='lat' dir='ltr'>suum</span> <span class='ocrx_word' id='word_1_360' title='bbox 871 4026 1062 4104; x_wconf 84' lang='lat' dir='ltr'>latitantem</span> <span class='ocrx_word' id='word_1_361' title='bbox 1077 4053 1202 4124; x_wconf 87' lang='lat' dir='ltr'>reppe-</span> 
     </span>
     <span class='ocr_line' id='line_1_36' title="bbox 319 4121 1759 4222; baseline -0.001 -23"><span class='ocrx_word' id='word_1_362' title='bbox 319 4136 367 4216; x_wconf 80' lang='lat'>35</span> <span class='ocrx_word' id='word_1_363' title='bbox 397 4125 483 4199; x_wconf 87' lang='lat' dir='ltr'>rerit</span> <span class='ocrx_word' id='word_1_364' title='bbox 504 4127 714 4222; x_wconf 84' lang='lat' dir='ltr'>fugitivum.</span> <span class='ocrx_word' id='word_1_365' title='bbox 732 4129 812 4199; x_wconf 90' lang='lat' dir='ltr'>Non</span> <span class='ocrx_word' id='word_1_366' title='bbox 830 4147 869 4198; x_wconf 93' lang='lat' dir='ltr'>ut</span> <span class='ocrx_word' id='word_1_367' title='bbox 897 4129 1076 4203; x_wconf 87' lang='lat' dir='ltr'>inventum</span> <span class='ocrx_word' id='word_1_368' title='bbox 1105 4130 1197 4221; x_wconf 90' lang='lat' dir='ltr'>peri·</span> <span class='ocrx_word' id='word_1_369' title='bbox 1535 4121 1617 4209; x_wconf 76' lang='lat' dir='ltr'>‘Posi</span> <span class='ocrx_word' id='word_1_370' title='bbox 1626 4127 1759 4222; x_wconf 59' lang='lat' dir='ltr'>pridie}</span> 
     </span>
     <span class='ocr_line' id='line_1_37' title="bbox 397 4215 2120 4314; baseline 0.001 -17"><span class='ocrx_word' id='word_1_371' title='bbox 397 4223 606 4297; x_wconf 80' lang='lat' dir='ltr'>meretssed</span> <span class='ocrx_word' id='word_1_372' title='bbox 624 4218 856 4297; x_wconf 89' lang='lat' dir='ltr'>utavinculis</span> <span class='ocrx_word' id='word_1_373' title='bbox 872 4223 1040 4298; x_wconf 86' lang='lat' dir='ltr'>diabolice</span> <span class='ocrx_word' id='word_1_374' title='bbox 1068 4225 1197 4300; x_wconf 80' lang='lat' dir='ltr'>danna·</span> <span class='ocrx_word' id='word_1_375' title='bbox 1271 4215 1280 4234; x_wconf 69' lang='lat'>⁸</span> <span class='ocrx_word' id='word_1_376' title='bbox 1477 4305 1480 4311; x_wconf 70' lang='lat'><em>,</em></span> <span class='ocrx_word' id='word_1_377' title='bbox 1578 4297 1581 4302; x_wconf 87' lang='grc'><em>,</em></span> <span class='ocrx_word' id='word_1_378' title='bbox 2072 4245 2120 4314; x_wconf 84' lang='lat' dir='ltr'>9o</span> 
     </span>
     <span class='ocr_line' id='line_1_38' title="bbox 397 4316 2048 4420; baseline 0.001 -27"><span class='ocrx_word' id='word_1_379' title='bbox 397 4318 506 4394; x_wconf 85' lang='lat' dir='ltr'>tionis</span> <span class='ocrx_word' id='word_1_380' title='bbox 532 4336 690 4412; x_wconf 90' lang='lat' dir='ltr'>ereptum</span> <span class='ocrx_word' id='word_1_381' title='bbox 715 4321 862 4415; x_wconf 87' lang='lat' dir='ltr'>proprio</span> <span class='ocrx_word' id='word_1_382' title='bbox 888 4321 1039 4396; x_wconf 90' lang='lat' dir='ltr'>dominio</span> <span class='ocrx_word' id='word_1_383' title='bbox 1066 4322 1199 4396; x_wconf 87' lang='lat' dir='ltr'>miseri·</span> <span class='ocrx_word' id='word_1_384' title='bbox 1358 4324 1414 4395; x_wconf 91' lang='lat' dir='ltr'>Oc</span> <span class='ocrx_word' id='word_1_385' title='bbox 1430 4339 1574 4420; x_wconf 83' lang='lat' dir='ltr'>agentes</span> <span class='ocrx_word' id='word_1_386' title='bbox 1588 4323 1674 4418; x_wconf 80' lang='lat' dir='ltr'>apud</span> <span class='ocrx_word' id='word_1_387' title='bbox 1691 4339 1727 4393; x_wconf 87' lang='lat' dir='ltr'>te</span> <span class='ocrx_word' id='word_1_388' title='bbox 1743 4319 1850 4395; x_wconf 90' lang='lat' dir='ltr'>Pater</span> <span class='ocrx_word' id='word_1_389' title='bbox 1865 4316 1976 4394; x_wconf 70' lang='lat' dir='ltr'>sande</span> <span class='ocrx_word' id='word_1_390' title='bbox 1993 4347 2048 4395; x_wconf 90' lang='lat' dir='ltr'>re·</span> 
     </span>
     <span class='ocr_line' id='line_1_39' title="bbox 396 4416 2047 4514; baseline 0.002 -26"><span class='ocrx_word' id='word_1_391' title='bbox 396 4417 555 4491; x_wconf 86' lang='lat' dir='ltr'>corditer</span> <span class='ocrx_word' id='word_1_392' title='bbox 586 4416 871 4490; x_wconf 85' lang='lat' dir='ltr'>reformaret.lu</span> <span class='ocrx_word' id='word_1_393' title='bbox 887 4441 957 4511; x_wconf 92' lang='lat' dir='ltr'>quo</span> <span class='ocrx_word' id='word_1_394' title='bbox 989 4420 1198 4494; x_wconf 79' lang='lat' dir='ltr'>descendes·</span> <span class='ocrx_word' id='word_1_395' title='bbox 1372 4422 1596 4514; x_wconf 89' lang='lat' dir='ltr'>demptricem</span> <span class='ocrx_word' id='word_1_396' title='bbox 1624 4421 1766 4490; x_wconf 86' lang='lat' dir='ltr'>nostram</span> <span class='ocrx_word' id='word_1_397' title='bbox 1794 4420 1964 4513; x_wconf 86' lang='lat' dir='ltr'>unigeniti</span> <span class='ocrx_word' id='word_1_398' title='bbox 1984 4419 2047 4492; x_wconf 61' lang='lat' dir='ltr'>‘tui</span> 
     </span>
     <span class='ocr_line' id='line_1_40' title="bbox 396 4512 2046 4612; baseline 0.001 -25"><span class='ocrx_word' id='word_1_399' title='bbox 396 4516 445 4588; x_wconf 88' lang='lat' dir='ltr'>tis</span> <span class='ocrx_word' id='word_1_400' title='bbox 467 4512 698 4612; x_wconf 84' lang='lat' dir='ltr'>intelligentia</span> <span class='ocrx_word' id='word_1_401' title='bbox 712 4541 722 4583; x_wconf 81' lang='lat' dir='ltr'>s</span> <span class='ocrx_word' id='word_1_402' title='bbox 736 4516 974 4612; x_wconf 82' lang='lat' dir='ltr'>dignationem</span> <span class='ocrx_word' id='word_1_403' title='bbox 999 4515 1197 4592; x_wconf 86' lang='lat' dir='ltr'>voluntarie</span> <span class='ocrx_word' id='word_1_404' title='bbox 1247 4540 1394 4594; x_wconf 89' lang='lat' dir='ltr'>mortem</span> <span class='ocrx_word' id='word_1_405' title='bbox 1412 4547 1420 4588; x_wconf 74' lang='grc' dir='ltr'><strong><em>ε</em></strong></span> <span class='ocrx_word' id='word_1_406' title='bbox 1435 4520 1517 4592; x_wconf 87' lang='lat' dir='ltr'>ficut</span> <span class='ocrx_word' id='word_1_407' title='bbox 1532 4517 1600 4611; x_wconf 90' lang='lat' dir='ltr'>ipse</span> <span class='ocrx_word' id='word_1_408' title='bbox 1615 4516 1767 4612; x_wconf 85' lang='lat' dir='ltr'>precepit</span> <span class='ocrx_word' id='word_1_409' title='bbox 1782 4515 1885 4610; x_wconf 79' lang='lat' dir='ltr'>¹usque</span> <span class='ocrx_word' id='word_1_410' title='bbox 1914 4516 1949 4586; x_wconf 90' lang='lat' dir='ltr'>in</span> <span class='ocrx_word' id='word_1_411' title='bbox 1979 4519 2046 4589; x_wconf 88' lang='lat' dir='ltr'>ad-</span> 
     </span>
     <span class='ocr_line' id='line_1_41' title="bbox 319 4613 2044 4713; baseline -0.001 -26"><span class='ocrx_word' id='word_1_412' title='bbox 319 4631 372 4713; x_wconf 72' lang='lat'>40</span> <span class='ocrx_word' id='word_1_413' title='bbox 397 4613 518 4688; x_wconf 86' lang='lat' dir='ltr'>mortis</span> <span class='ocrx_word' id='word_1_414' title='bbox 534 4638 604 4689; x_wconf 90' lang='lat' dir='ltr'>non</span> <span class='ocrx_word' id='word_1_415' title='bbox 619 4613 774 4689; x_wconf 79' lang='lat' dir='ltr'>obnoxie</span> <span class='ocrx_word' id='word_1_416' title='bbox 792 4613 997 4688; x_wconf 77' lang='lat' dir='ltr'>necessitatis</span> <span class='ocrx_word' id='word_1_417' title='bbox 1023 4617 1196 4690; x_wconf 80' lang='lat' dir='ltr'>ostendit.</span> <span class='ocrx_word' id='word_1_418' title='bbox 1249 4637 1390 4690; x_wconf 86' lang='lat' dir='ltr'>ventum</span> <span class='ocrx_word' id='word_1_419' title='bbox 1423 4615 1522 4710; x_wconf 86' lang='lat' dir='ltr'>ipfius</span> <span class='ocrx_word' id='word_1_420' title='bbox 1539 4615 1726 4690; x_wconf 83' lang='lat' dir='ltr'>nuntiamus</span> <span class='ocrx_word' id='word_1_421' title='bbox 1743 4661 1753 4682; x_wconf 86' lang='lat'><strong><em>.</em></strong></span> <span class='ocrx_word' id='word_1_422' title='bbox 1769 4614 1846 4688; x_wconf 92' lang='lat' dir='ltr'>Nos</span> <span class='ocrx_word' id='word_1_423' title='bbox 1871 4637 1948 4686; x_wconf 89' lang='lat' dir='ltr'>euru</span> <span class='ocrx_word' id='word_1_424' title='bbox 1974 4639 2044 4710; x_wconf 91' lang='lat' dir='ltr'>pro</span> 
     </span>
     <span class='ocr_line' id='line_1_42' title="bbox 307 4707 2115 4811; baseline -0.001 -28"><span class='ocrx_word' id='word_1_425' title='bbox 307 4802 311 4811; x_wconf 33' lang='grc' dir='ltr'>Ι</span> <span class='ocrx_word' id='word_1_426' title='bbox 398 4713 491 4802; x_wconf 66' lang='lat' dir='ltr'>Ouia</span> <span class='ocrx_word' id='word_1_427' title='bbox 506 4736 577 4786; x_wconf 89' lang='lat' dir='ltr'>non</span> <span class='ocrx_word' id='word_1_428' title='bbox 594 4711 723 4785; x_wconf 87' lang='lat' dir='ltr'>invitus</span> <span class='ocrx_word' id='word_1_429' title='bbox 752 4711 935 4786; x_wconf 86' lang='lat' dir='ltr'>attrahitur</span> <span class='ocrx_word' id='word_1_430' title='bbox 950 4712 1034 4804; x_wconf 81' lang='lat' dir='ltr'>:qui</span> <span class='ocrx_word' id='word_1_431' title='bbox 1065 4713 1196 4788; x_wconf 84' lang='lat' dir='ltr'>inferos</span> <span class='ocrx_word' id='word_1_432' title='bbox 1248 4715 1346 4786; x_wconf 87' lang='lat' dir='ltr'>nobis</span> <span class='ocrx_word' id='word_1_433' title='bbox 1359 4713 1597 4786; x_wconf 87' lang='lat' dir='ltr'>annuntiamus</span> <span class='ocrx_word' id='word_1_434' title='bbox 1611 4707 1787 4784; x_wconf 88' lang='lat' dir='ltr'>mortuum</span> <span class='ocrx_word' id='word_1_435' title='bbox 1800 4709 1888 4783; x_wconf 80' lang='lat' dir='ltr'>esser</span> <span class='ocrx_word' id='word_1_436' title='bbox 1904 4731 2048 4788; x_wconf 88' lang='lat' dir='ltr'>tucom·</span> <span class='ocrx_word' id='word_1_437' title='bbox 2071 4729 2115 4804; x_wconf 82' lang='lat'>95</span> 
     </span>
     <span class='ocr_line' id='line_1_43' title="bbox 395 4807 2184 4907; baseline -0.001 -24"><span class='ocrx_word' id='word_1_438' title='bbox 395 4811 522 4884; x_wconf 89' lang='lat' dir='ltr'>itinere</span> <span class='ocrx_word' id='word_1_439' title='bbox 538 4807 774 4881; x_wconf 89' lang='lat' dir='ltr'>descendentis</span> <span class='ocrx_word' id='word_1_440' title='bbox 788 4811 982 4907; x_wconf 85' lang='lat' dir='ltr'>ingreditur</span> <span class='ocrx_word' id='word_1_441' title='bbox 998 4811 1089 4884; x_wconf 83' lang='lat' dir='ltr'>.Cui</span> <span class='ocrx_word' id='word_1_442' title='bbox 1103 4812 1194 4884; x_wconf 90' lang='lat' dir='ltr'>enim</span> <span class='ocrx_word' id='word_1_443' title='bbox 1208 4877 1229 4904; x_wconf 64' lang='lat'><em>⁴</em></span> <span class='ocrx_word' id='word_1_444' title='bbox 1248 4811 1418 4883; x_wconf 90' lang='lat' dir='ltr'>moriendi</span> <span class='ocrx_word' id='word_1_445' title='bbox 1432 4811 1543 4886; x_wconf 88' lang='lat' dir='ltr'>tribue</span> <span class='ocrx_word' id='word_1_446' title='bbox 1565 4809 1769 4905; x_wconf 87' lang='lat' dir='ltr'>dignitatem</span> <span class='ocrx_word' id='word_1_447' title='bbox 1783 4857 1794 4878; x_wconf 90' lang='lat'><strong>.</strong></span> <span class='ocrx_word' id='word_1_448' title='bbox 1807 4810 1882 4880; x_wconf 88' lang='lat' dir='ltr'>Nos</span> <span class='ocrx_word' id='word_1_449' title='bbox 1898 4832 1973 4882; x_wconf 90' lang='lat' dir='ltr'>eum</span> <span class='ocrx_word' id='word_1_450' title='bbox 1991 4836 2048 4883; x_wconf 92' lang='lat' dir='ltr'>re·</span> <span class='ocrx_word' id='word_1_451' title='bbox 2183 4877 2184 4890; x_wconf 69' lang='grc'>,</span> 
     </span>
     <span class='ocr_line' id='line_1_44' title="bbox 396 4906 2184 5002; baseline -0.001 -20"><span class='ocrx_word' id='word_1_452' title='bbox 396 4907 468 4982; x_wconf 82' lang='lat' dir='ltr'>sine</span> <span class='ocrx_word' id='word_1_453' title='bbox 481 4907 652 5002; x_wconf 80' lang='lat' dir='ltr'>exigentis</span> <span class='ocrx_word' id='word_1_454' title='bbox 674 4906 1047 4988; x_wconf 84' lang='lat' dir='ltr'>inslautiadescendere</span> <span class='ocrx_word' id='word_1_455' title='bbox 1063 4927 1194 4984; x_wconf 78' lang='lat' dir='ltr'>vatata</span> <span class='ocrx_word' id='word_1_456' title='bbox 1245 4907 1421 4983; x_wconf 81' lang='lat' dir='ltr'>surrexisse</span> <span class='ocrx_word' id='word_1_457' title='bbox 1436 4908 1680 4982; x_wconf 86' lang='lat' dir='ltr'>credimusrtu</span> <span class='ocrx_word' id='word_1_458' title='bbox 1694 4907 1854 5002; x_wconf 85' lang='lat' dir='ltr'>preslaur</span> <span class='ocrx_word' id='word_1_459' title='bbox 1867 4907 2045 4999; x_wconf 87' lang='lat' dir='ltr'>quotidia—</span> <span class='ocrx_word' id='word_1_460' title='bbox 2097 4919 2102 4926; x_wconf 83' lang='lat'>&#39;</span> <span class='ocrx_word' id='word_1_461' title='bbox 2183 4923 2184 5000; x_wconf 59' lang='grc' dir='ltr'>ζ</span> 
     </span>
     <span class='ocr_line' id='line_1_45' title="bbox 397 5000 2184 5099; baseline -0.001 -21"><span class='ocrx_word' id='word_1_462' title='bbox 397 5003 513 5078; x_wconf 86' lang='lat' dir='ltr'>redire</span> <span class='ocrx_word' id='word_1_463' title='bbox 540 5004 691 5078; x_wconf 85' lang='lat' dir='ltr'>subiacet</span> <span class='ocrx_word' id='word_1_464' title='bbox 708 5027 783 5079; x_wconf 85' lang='lat' dir='ltr'>cum</span> <span class='ocrx_word' id='word_1_465' title='bbox 808 5003 956 5080; x_wconf 77' lang='lat' dir='ltr'>deletlat</span> <span class='ocrx_word' id='word_1_466' title='bbox 969 5053 979 5076; x_wconf 84' lang='lat'><strong>.</strong></span> <span class='ocrx_word' id='word_1_467' title='bbox 992 5002 1205 5081; x_wconf 69' lang='lat' dir='ltr'>Resurrexit&#39;</span> <span class='ocrx_word' id='word_1_468' title='bbox 1245 5007 1295 5079; x_wconf 88' lang='lat' dir='ltr'>nis</span> <span class='ocrx_word' id='word_1_469' title='bbox 1314 5007 1435 5080; x_wconf 85' lang='lat' dir='ltr'>nostris</span> <span class='ocrx_word' id='word_1_470' title='bbox 1452 5006 1664 5078; x_wconf 89' lang='lat' dir='ltr'>liberemura</span> <span class='ocrx_word' id='word_1_471' title='bbox 1681 5000 1849 5099; x_wconf 88' lang='lat' dir='ltr'>lapsrhus·</span> <span class='ocrx_word' id='word_1_472' title='bbox 1867 5006 1943 5078; x_wconf 89' lang='lat' dir='ltr'>Nos</span> <span class='ocrx_word' id='word_1_473' title='bbox 1965 5029 2046 5080; x_wconf 89' lang='lat' dir='ltr'>eum</span> <span class='ocrx_word' id='word_1_474' title='bbox 2183 5007 2184 5014; x_wconf 76' lang='grc'>’</span> 
     </span>
     <span class='ocr_line' id='line_1_46' title="bbox 320 5101 2049 5200; baseline -0.003 -23"><span class='ocrx_word' id='word_1_475' title='bbox 320 5122 369 5198; x_wconf 80' lang='lat'>45</span> <span class='ocrx_word' id='word_1_476' title='bbox 397 5127 485 5200; x_wconf 88' lang='lat' dir='ltr'>ergo</span> <span class='ocrx_word' id='word_1_477' title='bbox 512 5103 689 5182; x_wconf 83' lang='lat' dir='ltr'>tertiadie</span> <span class='ocrx_word' id='word_1_478' title='bbox 704 5101 987 5176; x_wconf 86' lang='lat' dir='ltr'>vivusamortur&#39;s</span> <span class='ocrx_word' id='word_1_479' title='bbox 1012 5131 1021 5173; x_wconf 79' lang='lat' dir='ltr'>a</span> <span class='ocrx_word' id='word_1_480' title='bbox 1049 5105 1195 5196; x_wconf 91' lang='lat' dir='ltr'>quiain·</span> <span class='ocrx_word' id='word_1_481' title='bbox 1245 5105 1462 5178; x_wconf 86' lang='lat' dir='ltr'>credimus&amp;</span> <span class='ocrx_word' id='word_1_482' title='bbox 1478 5103 1711 5178; x_wconf 88' lang='lat' dir='ltr'>annuntiamus</span> <span class='ocrx_word' id='word_1_483' title='bbox 1736 5102 1779 5174; x_wconf 90' lang='lat' dir='ltr'>ad</span> <span class='ocrx_word' id='word_1_484' title='bbox 1804 5101 1967 5188; x_wconf 79' lang='lat' dir='ltr'>iudicium</span> <span class='ocrx_word' id='word_1_485' title='bbox 1983 5105 2049 5176; x_wconf 81' lang='lat' dir='ltr'>etse</span> 
     </span>
     <span class='ocr_line' id='line_1_47' title="bbox 268 5195 2132 5302; baseline -0.002 -27"><span class='ocrx_word' id='word_1_486' title='bbox 268 5285 275 5302; x_wconf 90' lang='lat'>.</span> <span class='ocrx_word' id='word_1_487' title='bbox 397 5217 525 5276; x_wconf 82' lang='lat' dir='ltr'>uentus</span> <span class='ocrx_word' id='word_1_488' title='bbox 537 5201 583 5271; x_wconf 86' lang='lat' dir='ltr'>esl</span> <span class='ocrx_word' id='word_1_489' title='bbox 597 5199 687 5274; x_wconf 90' lang='lat' dir='ltr'>solus</span> <span class='ocrx_word' id='word_1_490' title='bbox 705 5195 792 5271; x_wconf 90' lang='lat' dir='ltr'>liber</span> <span class='ocrx_word' id='word_1_491' title='bbox 806 5201 840 5271; x_wconf 89' lang='lat' dir='ltr'>iu</span> <span class='ocrx_word' id='word_1_492' title='bbox 854 5199 1193 5294; x_wconf 87' lang='lat' dir='ltr'>mortuis.lmpleus</span> <span class='ocrx_word' id='word_1_493' title='bbox 1246 5223 1495 5277; x_wconf 75' lang='lat' dir='ltr'>venturumztu</span> <span class='ocrx_word' id='word_1_494' title='bbox 1510 5195 1729 5296; x_wconf 71' lang='lat' dir='ltr'>prestantem</span> <span class='ocrx_word' id='word_1_495' title='bbox 1742 5198 2046 5275; x_wconf 86' lang='lat' dir='ltr'>conversationem</span> <span class='ocrx_word' id='word_1_496' title='bbox 2081 5219 2132 5274; x_wconf 81' lang='lat'>100</span> 
     </span>
     <span class='ocr_line' id='line_1_48' title="bbox 398 5296 2045 5397; baseline -0.001 -26"><span class='ocrx_word' id='word_1_497' title='bbox 398 5296 781 5397; x_wconf 87' lang='lat' dir='ltr'>propheteuaticinium</span> <span class='ocrx_word' id='word_1_498' title='bbox 793 5316 892 5370; x_wconf 89' lang='lat' dir='ltr'>tanto</span> <span class='ocrx_word' id='word_1_499' title='bbox 905 5297 1194 5391; x_wconf 71' lang='lat' dir='ltr'>antepredietums</span> <span class='ocrx_word' id='word_1_500' title='bbox 1245 5319 1283 5371; x_wconf 89' lang='lat' dir='ltr'>ut</span> <span class='ocrx_word' id='word_1_501' title='bbox 1315 5307 1387 5386; x_wconf 83' lang='lat' dir='ltr'>ejus</span> <span class='ocrx_word' id='word_1_502' title='bbox 1417 5296 1604 5373; x_wconf 82' lang='lat' dir='ltr'>terribilem</span> <span class='ocrx_word' id='word_1_503' title='bbox 1636 5299 1823 5371; x_wconf 89' lang='lat' dir='ltr'>adventum</span> <span class='ocrx_word' id='word_1_504' title='bbox 1853 5297 2045 5394; x_wconf 88' lang='lat' dir='ltr'>propicium</span> 
     </span>
     <span class='ocr_line' id='line_1_49' title="bbox 338 5393 2044 5491; baseline -0.002 -21"><span class='ocrx_word' id='word_1_505' title='bbox 338 5481 344 5490; x_wconf 39' lang='lat'>‚</span> <span class='ocrx_word' id='word_1_506' title='bbox 398 5395 590 5470; x_wconf 85' lang='lat' dir='ltr'>vivificabit</span> <span class='ocrx_word' id='word_1_507' title='bbox 607 5419 671 5469; x_wconf 87' lang='lat' dir='ltr'>nos</span> <span class='ocrx_word' id='word_1_508' title='bbox 697 5395 771 5491; x_wconf 89' lang='lat' dir='ltr'>post</span> <span class='ocrx_word' id='word_1_509' title='bbox 784 5397 871 5467; x_wconf 89' lang='lat' dir='ltr'>duos</span> <span class='ocrx_word' id='word_1_510' title='bbox 887 5395 958 5476; x_wconf 83' lang='lat' dir='ltr'>dies</span> <span class='ocrx_word' id='word_1_511' title='bbox 975 5421 984 5461; x_wconf 88' lang='lat'><em>=</em></span> <span class='ocrx_word' id='word_1_512' title='bbox 1002 5399 1036 5466; x_wconf 89' lang='lat' dir='ltr'>in</span> <span class='ocrx_word' id='word_1_513' title='bbox 1050 5397 1107 5466; x_wconf 90' lang='lat' dir='ltr'>die</span> <span class='ocrx_word' id='word_1_514' title='bbox 1123 5416 1196 5467; x_wconf 87' lang='lat' dir='ltr'>ter·</span> <span class='ocrx_word' id='word_1_515' title='bbox 1245 5419 1434 5477; x_wconf 87' lang='lat' dir='ltr'>mereamur</span> <span class='ocrx_word' id='word_1_516' title='bbox 1447 5399 1571 5468; x_wconf 86' lang='lat' dir='ltr'>habere</span> <span class='ocrx_word' id='word_1_517' title='bbox 1584 5442 1594 5464; x_wconf 84' lang='lat'><strong>.</strong></span> <span class='ocrx_word' id='word_1_518' title='bbox 1609 5397 1705 5466; x_wconf 88' lang='lat' dir='ltr'>Hanc</span> <span class='ocrx_word' id='word_1_519' title='bbox 1725 5417 1864 5491; x_wconf 88' lang='lat' dir='ltr'>quoque</span> <span class='ocrx_word' id='word_1_520' title='bbox 1891 5393 2044 5470; x_wconf 88' lang='lat' dir='ltr'>oblatio·</span> 
     </span>
     <span class='ocr_line' id='line_1_50' title="bbox 373 5491 2050 5589; baseline -0.005 -21"><span class='ocrx_word' id='word_1_521' title='bbox 373 5537 379 5553; x_wconf 62' lang='grc' dir='ltr'>ι</span> <span class='ocrx_word' id='word_1_522' title='bbox 399 5496 452 5568; x_wconf 91' lang='lat' dir='ltr'>tio</span> <span class='ocrx_word' id='word_1_523' title='bbox 466 5491 638 5567; x_wconf 86' lang='lat' dir='ltr'>suscitabit</span> <span class='ocrx_word' id='word_1_524' title='bbox 653 5516 715 5567; x_wconf 87' lang='lat' dir='ltr'>nos</span> <span class='ocrx_word' id='word_1_525' title='bbox 726 5519 735 5560; x_wconf 78' lang='lat' dir='ltr'>r</span> <span class='ocrx_word' id='word_1_526' title='bbox 746 5493 950 5582; x_wconf 64' lang='lat' dir='ltr'>&amp;quiremus</span> <span class='ocrx_word' id='word_1_527' title='bbox 964 5492 997 5561; x_wconf 92' lang='lat' dir='ltr'>in</span> <span class='ocrx_word' id='word_1_528' title='bbox 1011 5493 1196 5586; x_wconf 75' lang='lat' dir='ltr'>conspectu</span> <span class='ocrx_word' id='word_1_529' title='bbox 1246 5517 1322 5566; x_wconf 86' lang='lat' dir='ltr'>netu</span> <span class='ocrx_word' id='word_1_530' title='bbox 1339 5515 1376 5567; x_wconf 89' lang='lat' dir='ltr'>ut</span> <span class='ocrx_word' id='word_1_531' title='bbox 1390 5513 1560 5589; x_wconf 87' lang='lat' dir='ltr'>acceptam</span> <span class='ocrx_word' id='word_1_532' title='bbox 1587 5493 1708 5566; x_wconf 84' lang='lat' dir='ltr'>habeas</span> <span class='ocrx_word' id='word_1_533' title='bbox 1723 5496 1755 5565; x_wconf 80' lang='lat' dir='ltr'>bt</span> <span class='ocrx_word' id='word_1_534' title='bbox 1772 5493 1951 5566; x_wconf 84' lang='lat' dir='ltr'>benedicas</span> <span class='ocrx_word' id='word_1_535' title='bbox 1972 5492 2050 5586; x_wconf 84' lang='lat' dir='ltr'>sup·</span> 
     </span>
     <span class='ocr_line' id='line_1_51' title="bbox 326 5589 2045 5688; baseline -0.001 -25"><span class='ocrx_word' id='word_1_536' title='bbox 326 5615 371 5688; x_wconf 87' lang='lat'>50</span> <span class='ocrx_word' id='word_1_537' title='bbox 398 5598 471 5678; x_wconf 85' lang='lat' dir='ltr'>ejus</span> <span class='ocrx_word' id='word_1_538' title='bbox 488 5592 704 5664; x_wconf 85' lang='lat' dir='ltr'>·Secundum</span> <span class='ocrx_word' id='word_1_539' title='bbox 719 5615 817 5685; x_wconf 88' lang='lat' dir='ltr'>quam</span> <span class='ocrx_word' id='word_1_540' title='bbox 834 5591 1144 5688; x_wconf 86' lang='lat' dir='ltr'>prefigurationem</span> <span class='ocrx_word' id='word_1_541' title='bbox 1159 5596 1195 5665; x_wconf 90' lang='lat'>&amp;</span> <span class='ocrx_word' id='word_1_542' title='bbox 1249 5591 1352 5688; x_wconf 90' lang='lat' dir='ltr'>plices</span> <span class='ocrx_word' id='word_1_543' title='bbox 1377 5615 1557 5665; x_wconf 84' lang='lat' dir='ltr'>exoramus</span> <span class='ocrx_word' id='word_1_544' title='bbox 1585 5619 1593 5658; x_wconf 88' lang='lat'>=</span> <span class='ocrx_word' id='word_1_545' title='bbox 1618 5591 1703 5663; x_wconf 83' lang='lat' dir='ltr'>ficut</span> <span class='ocrx_word' id='word_1_546' title='bbox 1737 5610 1879 5688; x_wconf 89' lang='lat' dir='ltr'>accepta</span> <span class='ocrx_word' id='word_1_547' title='bbox 1908 5589 2045 5664; x_wconf 85' lang='lat' dir='ltr'>habuilli</span> 
     </span>
     <span class='ocr_line' id='line_1_52' title="bbox 393 5686 2140 5784; baseline -0.005 -20"><span class='ocrx_word' id='word_1_548' title='bbox 393 5695 497 5769; x_wconf 83' lang='lat' dir='ltr'>Jonas</span> <span class='ocrx_word' id='word_1_549' title='bbox 512 5708 634 5762; x_wconf 74' lang='lat' dir='ltr'>ventre</span> <span class='ocrx_word' id='word_1_550' title='bbox 652 5686 873 5784; x_wconf 86' lang='lat' dir='ltr'>piscisrribus</span> <span class='ocrx_word' id='word_1_551' title='bbox 888 5690 1006 5761; x_wconf 88' lang='lat' dir='ltr'>diebus</span> <span class='ocrx_word' id='word_1_552' title='bbox 1035 5691 1197 5761; x_wconf 88' lang='lat' dir='ltr'>detentus</span> <span class='ocrx_word' id='word_1_553' title='bbox 1248 5691 1396 5764; x_wconf 75' lang='lat' dir='ltr'>munera·</span> <span class='ocrx_word' id='word_1_554' title='bbox 1414 5686 1501 5760; x_wconf 85' lang='lat' dir='ltr'>Abel</span> <span class='ocrx_word' id='word_1_555' title='bbox 1528 5687 1623 5782; x_wconf 89' lang='lat' dir='ltr'>pueri</span> <span class='ocrx_word' id='word_1_556' title='bbox 1650 5689 1699 5761; x_wconf 92' lang='lat' dir='ltr'>tui</span> <span class='ocrx_word' id='word_1_557' title='bbox 1726 5689 1802 5772; x_wconf 79' lang='lat' dir='ltr'>justi</span> <span class='ocrx_word' id='word_1_558' title='bbox 1828 5718 1837 5760; x_wconf 80' lang='lat' dir='ltr'>a</span> <span class='ocrx_word' id='word_1_559' title='bbox 1861 5689 1897 5757; x_wconf 74' lang='grc' dir='ltr'>δι</span> <span class='ocrx_word' id='word_1_560' title='bbox 1921 5687 2042 5760; x_wconf 86' lang='lat' dir='ltr'>sacrifi·</span> <span class='ocrx_word' id='word_1_561' title='bbox 2074 5699 2140 5772; x_wconf 77' lang='lat'>105</span> 
     </span>
     <span class='ocr_line' id='line_1_53' title="bbox 398 5783 2039 5885; baseline -0.004 -23"><span class='ocrx_word' id='word_1_562' title='bbox 398 5785 629 5885; x_wconf 84' lang='lat' dir='ltr'>egrediturrut</span> <span class='ocrx_word' id='word_1_563' title='bbox 646 5788 810 5862; x_wconf 87' lang='lat' dir='ltr'>trinitatis</span> <span class='ocrx_word' id='word_1_564' title='bbox 827 5787 1197 5882; x_wconf 86' lang='lat' dir='ltr'>fibirnetcooperantis</span> <span class='ocrx_word' id='word_1_565' title='bbox 1248 5789 1337 5860; x_wconf 91' lang='lat' dir='ltr'>cium</span> <span class='ocrx_word' id='word_1_566' title='bbox 1354 5787 1541 5881; x_wconf 89' lang='lat' dir='ltr'>patriarche</span> <span class='ocrx_word' id='word_1_567' title='bbox 1557 5786 1656 5858; x_wconf 85' lang='lat' dir='ltr'>nostri</span> <span class='ocrx_word' id='word_1_568' title='bbox 1685 5785 1826 5858; x_wconf 87' lang='lat' dir='ltr'>Abralre</span> <span class='ocrx_word' id='word_1_569' title='bbox 1853 5811 1862 5854; x_wconf 79' lang='lat' dir='ltr'>a</span> <span class='ocrx_word' id='word_1_570' title='bbox 1889 5783 1926 5856; x_wconf 72' lang='grc' dir='ltr'>δι</span> <span class='ocrx_word' id='word_1_571' title='bbox 1953 5785 2039 5878; x_wconf 90' lang='lat' dir='ltr'>quod</span> 
     </span>
     <span class='ocr_line' id='line_1_54' title="bbox 400 5881 2044 5981; baseline -0.003 -25"><span class='ocrx_word' id='word_1_572' title='bbox 400 5884 595 5978; x_wconf 88' lang='lat' dir='ltr'>myslerium</span> <span class='ocrx_word' id='word_1_573' title='bbox 615 5885 709 5976; x_wconf 87' lang='lat' dir='ltr'>quod</span> <span class='ocrx_word' id='word_1_574' title='bbox 726 5882 828 5959; x_wconf 87' lang='lat' dir='ltr'>solius</span> <span class='ocrx_word' id='word_1_575' title='bbox 845 5885 906 5957; x_wconf 88' lang='lat' dir='ltr'>filii</span> <span class='ocrx_word' id='word_1_576' title='bbox 931 5886 1073 5981; x_wconf 86' lang='lat' dir='ltr'>persona</span> <span class='ocrx_word' id='word_1_577' title='bbox 1098 5883 1198 5956; x_wconf 89' lang='lat' dir='ltr'>susci·</span> <span class='ocrx_word' id='word_1_578' title='bbox 1249 5885 1313 5958; x_wconf 91' lang='lat' dir='ltr'>tibi</span> <span class='ocrx_word' id='word_1_579' title='bbox 1328 5881 1456 5957; x_wconf 89' lang='lat' dir='ltr'>obtulit</span> <span class='ocrx_word' id='word_1_580' title='bbox 1485 5887 1641 5960; x_wconf 88' lang='lat' dir='ltr'>Summus</span> <span class='ocrx_word' id='word_1_581' title='bbox 1670 5885 1838 5956; x_wconf 86' lang='lat' dir='ltr'>Sacerdos</span> <span class='ocrx_word' id='word_1_582' title='bbox 1866 5903 1945 5954; x_wconf 89' lang='lat' dir='ltr'>tuus</span> <span class='ocrx_word' id='word_1_583' title='bbox 1969 5881 2044 5952; x_wconf 86' lang='lat' dir='ltr'>llle·</span> 
     </span>
     <span class='ocr_line' id='line_1_55' title="bbox 395 5976 2046 6148; baseline 0 -94"><span class='ocrx_word' id='word_1_584' title='bbox 395 5981 676 6086; x_wconf 72' lang='lat' dir='ltr'>pertranseatur</span> <span class='ocrx_word' id='word_1_585' title='bbox 692 5983 919 6065; x_wconf 71' lang='lat' dir='ltr'>0Resurrerrit,</span> <span class='ocrx_word' id='word_1_586' title='bbox 946 6008 1036 6082; x_wconf 87' lang='lat' dir='ltr'>ergo</span> <span class='ocrx_word' id='word_1_587' title='bbox 1050 5977 1150 6068; x_wconf 81' lang='lat' dir='ltr'>vivus</span> <span class='ocrx_word' id='word_1_588' title='bbox 1176 6008 1197 6056; x_wconf 90' lang='lat' dir='ltr'>a</span> <span class='ocrx_word' id='word_1_589' title='bbox 1245 5979 1461 6056; x_wconf 82' lang='lat' dir='ltr'>lchlsedech.</span> <span class='ocrx_word' id='word_1_590' title='bbox 1491 5981 1683 6058; x_wconf 87' lang='lat' dir='ltr'>Desceudat</span> <span class='ocrx_word' id='word_1_591' title='bbox 1713 5976 2046 6148; x_wconf 58' lang='lat' dir='ltr'>hicquesoiuvilsbi·</span> 
     </span>
     <span class='ocr_line' id='line_1_56' title="bbox 1935 6094 2045 6147; baseline 0.009 -3"><span class='ocrx_word' id='word_1_592' title='bbox 1935 6129 1947 6144; x_wconf 95' lang='lat'>.</span> <span class='ocrx_word' id='word_1_593' title='bbox 1984 6094 2045 6147; x_wconf 88' lang='lat' dir='ltr'>rter</span> 
     </span>
    </p>
   </div>
   <div class='ocr_carea' id='block_1_2' title="bbox 0 0 2249 7204">
    <p class='ocr_par' dir='ltr' id='par_1_2' title="bbox 0 0 2249 7204">
     <span class='ocr_line' id='line_1_57' title="bbox 0 0 2249 7204; baseline 0 0"><span class='ocrx_word' id='word_1_594' title='bbox 0 0 2249 7204; x_wconf 95' lang='lat' dir='ltr'> </span> 
     </span>
    </p>
   </div>
  </div>
 </body>
</html>
