4450 7209
578 742 1329 847 transacto:
1684 778 1761 853 tm

124 858 195 953 die
212 864 334 954 tertia
359 865 612 985 Jejuniorum
631 866 908 958 Kalendarum
926 872 1126 990 Januarii,
1155 873 1241 989 post
1257 871 1540 991 Antiphonam
1559 879 1752 998 primam,

124 982 186 1075 ad
203 984 386 1104 primam
415 1012 529 1075 extat
561 989 716 1098 oratio,
746 1017 834 1103 qua
864 992 1083 1106 composita
1110 992 1222 1101 suit,
1253 995 1414 1108 quando
1444 1004 1620 1116 pagani,
1654 1031 1751 1114 quo·

126 1130 223 1193 rum
248 1107 367 1224 pauci
392 1133 513 1196 antea
536 1137 650 1195 aures
682 1109 846 1195 veritati
877 1111 1164 1225 praebuerunt,
1193 1114 1421 1226 frequentes
1452 1119 1502 1203 ad
1530 1122 1751 1210 Ecclesram

126 1229 384 1317 confluebant
403 1222 489 1344 (a),
519 1227 865 1344 quemadmodum
893 1253 1076 1346 ternpore
1094 1232 1344 1321 Constantini
1363 1241 1533 1353 Magni,
1563 1239 1755 1327 filiorum·-

127 1372 213 1458 que
244 1347 329 1460 ejus
358 1350 559 1464 contigit.
600 1354 747 1461 Neque
777 1347 846 1435 diu
876 1348 962 1464 post
993 1350 1299 1465 cacomposrtae
1328 1352 1518 1441 videntur
1553 1360 1753 1445 orationes

126 1462 207 1553 illae
238 1468 482 1557 Orationalis
506 1469 704 1578 Gothici,
736 1472 775 1554 dc
804 1468 997 1557 Breviarii
1014 1471 1289 1557 Mozarabum'
1309 1466 1394 1586 (b),
1427 1478 1466 1559 dc
1492 1466 1673 1587 officium
1698 1474 1755 1565 ad

128 1586 243 1698 quud
272 1586 315 1673 in
339 1588 489 1675 Missali
518 1588 674 1674 canitur
704 1583 769 1672 die
801 1587 1068 1701 Epiphania,
1100 1591 1244 1699 quibus
1271 1592 1427 1677 mentio
1458 1579 1517 1677 sit'
1534 1596 1755 1710 Baptismu-

127 1704 184 1790 tis
215 1703 448 1794 solemniter
473 1737 521 1792 eo
551 1708 616 1792 die
646 1704 783 1793 collati
812 1700 902 1820 (c),
933 1734 1059 1822 quam
1088 1708 1418 1797 consuetudinem
1446 1712 1605 1801 Siricius
1644 1721 1754 1832 Papa

126 1821 317 1936 sustulit,
357 1824 545 1913 decretali
576 1825 641 1912 sua
676 1824 841 1940 epistola
881 1823 932 1910 ad
962 1827 1213 1938 Hymerium
1246 1817 1587 1916 Tarraconensem
1617 1832 1711 1919 data
1743 1893 1770 1920 .

127 1946 323 2034 Exeunte
353 1945 491 2033 saeculo
520 1942 930 2059 quartoPrudentius
961 1950 1182 2057 Hymnum
1214 1945 1362 2063 scripsit
1394 1947 1413 2064 (
1442 1951 1546 2060 qui,
1577 1950 1619 2038 in
1650 1953 1753 2038 libro

131 2065 471 2177 cathemcrinon,
502 2066 666 2181 quintus
698 2057 887 2185 legitur)
925 2065 968 2149 in
997 2065 1158 2183 laudem
1189 2065 1352 2152 luminis
1383 2067 1604 2181 paschalis,
1644 2068 1753 2183 quod
1783 2103 1873 2191 ,21²1

128 2183 245 2269 annis
274 2185 465 2301 singulm,
496 2184 611 2297 juxta
639 2212 795 2270 morem
826 2183 1029 2269 vetustum
1061 2184 1328 2272 Ecclesrarum
1349 2187 1584 2301 Hispania,
1615 2190 1756 2279 solem*

133 2302 245 2390 niter
273 2304 590 2390 accendebatur.
629 2310 753 2391 Hunc
783 2326 922 2389 autem
948 2310 1168 2415 Hymnum
1194 2304 1457 2391 Prudentium
1489 2336 1570 2393 non
1601 2307 1758 2424 pannis

133 2421 173 2508 se
204 2423 249 2507 in
276 2421 436 2509 laudem
462 2422 670 2510 lucernarii
701 2421 841 2534 quod,
873 2423 914 2508 in
943 2423 1151 2534 Ecclesris,
1179 2421 1231 2508 ad
1259 2451 1394 2537 preces
1423 2423 1758 2540 vespertinarum

132 2540 409 2653 cendebatur,
440 2568 486 2628 ut
515 2543 586 2628 alii
616 2540 759 2626 volunt
786 2537 883 2655 (d),
922 2541 1132 2654 nequead
1164 2543 1525 2658 commendandam
1557 2547 1757 2657 quotidia-

131 2689 231 2748 nam
267 2663 521 2749 lucernarum
561 2660 837 2747 accenfionem
877 2660 919 2743 in
950 2661 1116 2774 privatis
1143 2660 1461 2748 Christianorum
1495 2663 1673 2776 adibus,
1708 2688 1755 2757 ut
1822 2767 1828 2778 ‚

131 2781 307 2870 Nicolao
335 2781 502 2869 Heinsro
534 2779 683 2895 placuit
711 2774 804 2892 (e),
843 2802 1054 2884 contextus
1084 2783 1247 2894 Hymni
1285 2781 1443 2868 abunde
1485 2787 1757 2900 comprobat,

131 2897 227 2995 satis
256 2922 394 3016 aperte
423 2898 629 3004 indicans,
661 2926 754 2983 eum
786 2897 977 3012 scriptum
1009 2897 1120 2983 fuisse
1160 2901 1202 2984 in
1233 2900 1396 2986 laudem
1427 2903 1626 3013 lucerna,
1667 2935 1756 3017 qua
1861 2946 1870 2955 ·

133 3019 458 3132 accendebatur,
490 3046 574 3107 non
605 3018 763 3135 singulis
794 3017 963 3133 diebus,
1002 3015 1067 3127 sed
1097 3018 1244 3136 vigiliis
1274 3020 1509 3132 quibusdam
1549 3023 1762 3109 solemnio·

1221 3139 1257 3264 b
1286 3167 1309 3225 2
1627 3143 1763 3255 ribus,

182 3377 248 3464 (a)
271 3328 431 3461 Pag.ro3..
444 3369 562 3455 linqy.
576 3374 709 3440 nuruirrr
723 3374 782 3461 qui
792 3373 923 3462 erfuper
984 3370 1075 3436 cord.
1091 3366 1212 3456 Regul.
1229 3368 1289 3435 lib.
1304 3391 1356 3436 22.
1384 3369 1459 3438 sest.
1474 3395 1505 3440 a.
1520 3371 1574 3438 cui
1590 3372 1766 3443 subscribit

138 3486 247 3534 tunes
263 3478 372 3557 genter
398 3466 537 3553 excelsus
554 3504 582 3527 ..
597 3503 605 3522 ·
619 3509 629 3528 .
643 3484 680 3526 ac
697 3462 776 3548 ficut
791 3462 923 3548 Ecclesia
983 3457 1202 3526 Mabillonius
1215 3459 1255 3525 de
1271 3460 1524 3563 biturg.Gallic.
1539 3463 1633 3530 iius.
1650 3484 1765 3551 p.t4s.

140 3569 202 3623 tue
214 3601 226 3632 ,
253 3572 327 3643 quae
346 3566 422 3621 erat
445 3554 627 3624 teristrum
646 3556 728 3616 vitio
748 3553 898 3639 inpedita
910 3597 922 3628 ,
985 3549 1045 3614 hac
1071 3548 1198 3634 duplici
1220 3562 1347 3615 tatrone
1372 3550 1464 3616 nixi.
1489 3554 1599 3619 Prima
1621 3557 1664 3619 est
1684 3552 1766 3620 libri

138 3643 223 3713 ΜΞ
232 3648 273 3732 esi
286 3690 296 3720 ,
307 3642 344 3709 in
354 3659 388 3709 te
402 3653 538 3721 credent,
549 3646 710 3708 virtutum
723 3646 844 3735 turritis
857 3644 926 3730 ple-

139 3753 205 3810 aa,
227 3738 362 3822 &filiis
373 3735 535 3822 nrsrutrojit
549 3736 622 3818 &a
636 3734 701 3794 haec
714 3734 825 3795 oratio
840 3731 925 3817 legi.

136 3838 194 3889 tur
207 3824 310 3889 etiam
323 3822 354 3888 in
366 3823 545 3890 orationali
555 3822 702 3885 Gothico
714 3828 893 3905 p.18.or.3.

183 3915 246 4004 (b)
271 3914 307 3977 ln
322 3911 505 3980 orationali
522 3909 670 3976 Gothico
682 3928 757 3994 pag.
770 3918 823 3984 48.
836 3932 922 3985 or.4.

141 4005 170 4070 dr
191 4025 224 4084 5·
237 4002 440 4069 mentionem
454 3997 579 4067 faciunt
597 3999 637 4064 de
654 3996 858 4085 baptismate
869 3999 923 4066 die

141 4091 339 4182 Epiphaniae
357 4091 504 4156 collato.
522 4092 567 4152 Et
580 4089 613 4152 iu
625 4086 795 4153 Breviario
810 4088 926 4154 Moza-

141 4183 220 4248 bum
233 4202 326 4272 pugn
337 4201 347 4242 r
359 4201 387 4243 r.
398 4180 497 4245 col.2.
514 4177 588 4242 lina
599 4183 714 4257 5.Deas
724 4177 925 4263 oumipotem

143 4294 233 4357 caym
260 4275 412 4338 continuo
428 4272 496 4354 filii
512 4268 658 4351 efficimur
682 4271 752 4331 dum
775 4269 925 4334 tinniant

138 4363 305 4455 [alutaris
317 4379 406 4447 aquae
419 4375 599 4445 purgamur
616 4398 625 4418 ι
640 4395 648 4416 ·
664 4396 672 4414 ·
686 4356 730 4440 (α’
743 4359 798 4442 qur·
807 4378 861 4423 nor
873 4376 926 4424 rr·

986 3635 1152 3716 Titulus,
1175 3639 1233 3724 qui
1247 3648 1411 3703 tronus
1424 3648 1545 3707 srunn
1562 3641 1766 3728 inscribitur,

984 3728 1048 3791 boc
1058 3728 1103 3793 est
1117 3727 1156 3793 de
1170 3730 1235 3803 iis,
1250 3747 1388 3818 quapet·
1401 3733 1502 3804 dieta,
1516 3733 1580 3797 srve
1590 3755 1662 3821 qua
1676 3754 1764 3819 quo-

984 3816 1069 3880 tidie
1084 3818 1167 3882 fiunt
1179 3860 1188 3881 .
1201 3817 1296 3884 Talis
1312 3839 1379 3884 non
1396 3819 1439 3884 est
1456 3822 1599 3885 accensio
1615 3822 1769 3893 Luminis
1787 3833 1789 3838 ’

984 3904 1177 3971 Paschalis.
1205 3911 1250 3970 At
1275 3905 1400 3991 Hymni
1422 3927 1487 3972 non
1512 3910 1768 3996 correspondent

984 3993 1062 4079 libri
1080 3994 1209 4059 titulo.
1231 3997 1316 4060 Nam
1339 4019 1379 4062 ex
1398 3995 1573 4061 duodecim
1597 4000 1768 4082 Hymnis,
1870 4022 1873 4027 ·

985 4086 1107 4167 quibus
1124 4082 1207 4149 liber
1223 4082 1367 4160 constat,
1392 4086 1537 4169 quinque
1563 4085 1768 4162 dumtaxat,

986 4172 1131 4260 spectant
1145 4171 1186 4234 ad
1200 4189 1254 4236 eas
1267 4170 1436 4248 actiones,
1459 4196 1530 4259 qua
1547 4176 1700 4257 quotidie
1716 4196 1769 4239 re·

985 4263 1109 4325 deunt.
1135 4262 1186 4324 Sic
1200 4282 1241 4325 ex
1256 4259 1361 4325 titulo
1376 4262 1452 4329 libri
1476 4262 1561 4328 nibil
1572 4264 1743 4330 conficitur
1758 4305 1769 4328 .

985 4351 1054 4416 Nec
1067 4347 1252 4435 quidquam
1272 4352 1442 4416 conficitur
1460 4375 1501 4419 ex
1516 4352 1653 4430 ordine,
1667 4374 1768 4437 quem

143 4455 266 4539 novuyli
279 4452 498 4515 benediiir'rm'r
513 4466 596 4535 aqua
616 4462 673 4532 ptr
687 4446 853 4510 lavacrum
870 4489 878 4507 .
893 4489 924 4512 ..
984 4436 1132 4523 Hymni,
1155 4441 1188 4503 in
1211 4438 1325 4512 libro,
1350 4458 1530 4526 occupant.
1554 4443 1635 4527 Quae
1659 4443 1702 4506 est
1719 4440 1770 4507 se:-

144 4541 221 4610 &in
234 4538 354 4605 Missali
369 4537 583 4601 Mozarabum
595 4529 843 4621 pag-59.lirr.85.
853 4536 928 4598 offi-

141 4630 234 4694 cium
251 4628 294 4691 ad
307 4627 437 4691 Missam
459 4647 538 4701 vor,
560 4630 619 4712 qui
637 4623 796 4707 incurius
816 4626 927 4711 bapti-

988 4526 1093 4591 cunda
1105 4528 1215 4593 ratio.
1240 4527 1325 4591 Nam
1345 4530 1431 4593 ordo
1445 4529 1503 4593 ille
1513 4530 1553 4594 ab
1567 4530 1706 4595 arbitrio
1725 4529 1771 4593 li-

989 4615 1172 4681 brariorum
1189 4614 1334 4703 pendet,
1353 4637 1496 4699 quorum
1510 4615 1692 4683 oscitantia
1707 4619 1770 4681 tri·

144 4721 224 4792 eati
239 4723 306 4808 ryir
323 4718 473 4803 Christum
488 4717 654 4799 induistis,
676 4714 749 4796 &a
987 4705 1151 4769 buendum
1169 4707 1237 4777 est,
1259 4702 1349 4789 quod
1363 4705 1542 4791 Hymnus,
1564 4706 1770 4794 adincrescant

184 4809 244 4897 (c)
269 4805 365 4872 Circa
388 4824 508 4868 annum
521 4811 596 4886 384.
619 4799 786 4865 Himerius
805 4800 928 4864 Tarta·
987 4794 1147 4867 lucerna,
1170 4792 1280 4858 locum
1295 4792 1451 4857 ultimnm
1466 4816 1531 4860 uon
1541 4812 1681 4883 occupet
1691 4841 1702 4871 ,
1716 4793 1770 4860 uti

145 4896 293 4963 couenfis
307 4890 492 4982 Episcopus
515 4895 556 4957 ad
570 4884 792 4956 &Damasum
806 4889 926 4974 Papam
988 4884 1111 4946 debet.
1137 4880 1417 4968 Quandoquidem
1442 4885 1535 4969 prius
1551 4884 1595 4949 est
1623 4883 1775 4950 deNati‹

144 4984 293 5053 scribens
306 5027 318 5058 ‚
341 4986 425 5049 inter
437 4981 524 5057 alia,
548 4976 812 5067 conquerituryie
824 4977 926 5042 abusu
988 4972 1092 5037 vitate
1104 4969 1222 5036 Christi
1238 4989 1342 5054 agere,
1357 4971 1397 5036 de
1409 4991 1471 5057 qua
1485 4975 1530 5038 est
1544 4973 1697 5058 Hymnus
1710 4990 1771 5047 Χῖ,

146 5071 339 5144 conserendi
354 5070 543 5137 solemniter
555 5064 762 5154 Baptismum
781 5065 836 5128 die
847 5067 929 5152 Epi·
989 5075 1062 5125 tum
1080 5056 1120 5123 de
1134 5059 1332 5147 Epiphania,
1346 5060 1387 5124 de
1405 5081 1468 5146 qua
1480 5064 1524 5126 est
1538 5061 1690 5148 Hymnus
1704 5079 1775 5128 stit.

171 5162 282 5226 luania
310 5159 451 5245 aliisque
485 5159 603 5224 diebus
638 5151 892 5224 solemnioribus
920 5198 929 5217 .
991 5147 1176 5214 Deindede
1190 5147 1357 5214 miraculis
1373 5150 1513 5225 Christi,
1540 5149 1580 5214 de
1595 5155 1744 5236 quibuse

147 5184 234 5318 Huic
248 5249 392 5337 epistola
413 5246 582 5333 respondit
606 5241 742 5309 siricius
765 5242 875 5328 Papa,
901 5247 930 5311 dt
993 5235 1145 5320 Hymnus
1159 5254 1198 5301 1x
1208 5283 1219 5314 ‚
1235 5256 1272 5301 ac
1289 5238 1422 5304 demum
1437 5239 1476 5304 de
1487 5240 1624 5307 Lumine
1636 5240 1776 5309 Pascha·

148 5358 355 5427 quamquam
373 5337 495 5403 abusus
521 5332 679 5401 continuo
696 5327 846 5395 sublatus
867 5352 932 5398 non
994 5324 1019 5388 li
1034 5367 1045 5400 ,
1071 5324 1194 5409 dequo
1211 5326 1472 5412 estHymnusv.

150 5431 243 5502 suit,
262 5448 341 5494 ‘nam
359 5426 399 5490 de
414 5446 453 5490 eo
469 5425 514 5492 est
528 5442 629 5488 canon
641 5420 932 5506 quarmsConcilii
1039 5417 1093 5503 (e)
1118 5418 1156 5482 ln
1176 5415 1268 5481 notis
1292 5418 1333 5481 ad
1352 5417 1593 5491 Prudentium,
1619 5416 1670 5480 illi
1686 5415 1775 5480 ratio

151 5516 374 5587 Gerundensrs
386 5557 397 5588 ,
411 5527 521 5579 tamen
536 5511 629 5599 ,post
640 5506 935 5596 epistolamdecre·
996 5502 1041 5568 est
1053 5547 1064 5576 ,
1078 5505 1181 5582 quia,
1199 5505 1336 5587 inquit,
1360 5506 1446 5570 ritus
1463 5503 1652 5571 solemniter
1664 5518 1778 5568 arcena

153 5606 260 5677 talem
282 5604 417 5680 Siricii,
442 5603 500 5670 vix
516 5599 673 5667 credibile
689 5597 734 5663 eii
748 5597 934 5684 Scriptores
996 5592 1097 5658 dendi
1112 5594 1235 5658 Lumen
1253 5593 1406 5690 Pasebaple
1431 5593 1502 5681 post
1530 5609 1660 5659 aetatem
1689 5596 1777 5658 Pru‘-

152 5696 346 5782 liturgicon
370 5693 404 5758 in
417 5689 636 5759 Orationibus
652 5734 664 5764 ,
689 5685 830 5757 &Missis
855 5706 936 5750 con·
995 5680 1101 5748 dentii
1116 5696 1255 5748 exortus
1268 5685 1325 5761 est,
1338 5683 1393 5752 sed
1406 5682 1556 5746 fallitur.
1573 5683 1656 5746 Nam
1670 5684 1781 5746 S.Au'·'·

154 5785 368 5855 suetudinem
386 5779 482 5848 illam
496 5779 661 5847 laudasse.
998 5773 1166 5855 guttinus,
1182 5773 1239 5856 qui
1254 5788 1349 5839 atate
1363 5771 1534 5837 Prudetrtii
1548 5771 1656 5836 vixit.
1681 5771 1717 5833 In
1732 5771 1780 5836 li·

196 5879 259 5965 (d)
282 5865 375 5943 lutet
385 5890 463 5947 eos,
484 5871 543 5956 qui
561 5878 717 5960 putarunt
734 5867 817 5932 huuc
828 5863 939 5968 Hym·
1000 5861 1059 5926 bro
1073 5868 1109 5928 rle
1123 5866 1287 5928 distanti
1300 5861 1594 5970 lib.153cap.sa.ed
1607 5860 1712 5925 Maur.
1728 5874 1781 5925 te.

148 5963 235 6035 'num
262 5960 435 6029 Prudentii
468 5961 508 6026 de
531 5954 714 6028 lucernario
739 5953 939 6043 quotidiano
999 5951 1101 6014 statur
1119 5948 1150 6016 se
1163 5958 1306 6026 Laudem
1331 5971 1415 6023 cerer
1443 5947 1608 6043 paschalis
1633 5949 1786 6025 tetstbu}
1840 5983 1846 5997 =

153 6044 797 6150 &pernimiumliugoMeuatdut
813 6043 940 6119 meon·
999 6035 1179 6132 scripsisse-s

526 6476 542 6513 Ἰ
