<?xml version="1.0" encoding="UTF-8"?>
<!DOCTYPE html PUBLIC "-//W3C//DTD XHTML 1.0 Transitional//EN"
    "http://www.w3.org/TR/xhtml1/DTD/xhtml1-transitional.dtd">
<html xmlns="http://www.w3.org/1999/xhtml" xml:lang="en" lang="en">
 <head>
  <title>
</title>
<meta http-equiv="Content-Type" content="text/html;charset=utf-8" />
  <meta name='ocr-system' content='tesseract 3.04.00' />
  <meta name='ocr-capabilities' content='ocr_page ocr_carea ocr_par ocr_line ocrx_word'/>
</head>
<body>
  <div class='ocr_page' id='page_1' title='image "./missalemixtumse00leslgoog_0283.png"; bbox 0 0 4450 7209; ppageno 0'>
   <div class='ocr_carea' id='block_1_1' title="bbox 176 657 2013 6089">
    <p class='ocr_par' dir='ltr' id='par_1_1' title="bbox 233 657 2013 1156">
     <span class='ocr_line' id='line_1_1' title="bbox 253 657 1907 764; baseline -0.008 -24"><span class='ocrx_word' id='word_1_1' title='bbox 253 670 319 740; x_wconf 79' lang='lat'>162</span> <span class='ocrx_word' id='word_1_2' title='bbox 661 665 803 742; x_wconf 73' lang='lat' dir='ltr'>mma</span> <span class='ocrx_word' id='word_1_3' title='bbox 829 662 1020 763; x_wconf 70' lang='lat' dir='ltr'>QUINTA</span> <span class='ocrx_word' id='word_1_4' title='bbox 1043 660 1099 734; x_wconf 90' lang='lat' dir='ltr'>IN</span> <span class='ocrx_word' id='word_1_5' title='bbox 1124 660 1256 734; x_wconf 80' lang='lat' dir='ltr'>CENA</span> <span class='ocrx_word' id='word_1_6' title='bbox 1282 657 1494 735; x_wconf 78' lang='lat' dir='ltr'>DOMINI.</span> <span class='ocrx_word' id='word_1_7' title='bbox 1726 709 1728 714; x_wconf 68' lang='lat'>.</span> <span class='ocrx_word' id='word_1_8' title='bbox 1837 747 1847 764; x_wconf 35' lang='grc' dir='ltr'><strong>ο</strong></span> <span class='ocrx_word' id='word_1_9' title='bbox 1903 750 1907 759; x_wconf 90' lang='lat'>.</span> 
     </span>
     <span class='ocr_line' id='line_1_2' title="bbox 248 746 2013 856; baseline -0.01 -16"><span class='ocrx_word' id='word_1_10' title='bbox 248 763 392 840; x_wconf 76' lang='lat' dir='ltr'>Stabant</span> <span class='ocrx_word' id='word_1_11' title='bbox 419 778 534 839; x_wconf 84' lang='lat' dir='ltr'>autem</span> <span class='ocrx_word' id='word_1_12' title='bbox 561 762 652 838; x_wconf 87' lang='lat' dir='ltr'>servi</span> <span class='ocrx_word' id='word_1_13' title='bbox 681 768 716 837; x_wconf 75' lang='lat' dir='ltr'>dt</span> <span class='ocrx_word' id='word_1_14' title='bbox 737 763 876 839; x_wconf 86' lang='lat' dir='ltr'>minislri</span> <span class='ocrx_word' id='word_1_15' title='bbox 907 763 951 834; x_wconf 93' lang='lat' dir='ltr'>ad</span> <span class='ocrx_word' id='word_1_16' title='bbox 967 787 1051 856; x_wconf 91' lang='lat' dir='ltr'>pru·</span> <span class='ocrx_word' id='word_1_17' title='bbox 1101 761 1175 832; x_wconf 79' lang='lat' dir='ltr'>esi:</span> <span class='ocrx_word' id='word_1_18' title='bbox 1202 758 1260 852; x_wconf 92' lang='lat' dir='ltr'>qui</span> <span class='ocrx_word' id='word_1_19' title='bbox 1299 757 1554 852; x_wconf 77' lang='lat' dir='ltr'>repercussit?</span> <span class='ocrx_word' id='word_1_20' title='bbox 1587 755 1633 829; x_wconf 85' lang='lat' dir='ltr'>Et</span> <span class='ocrx_word' id='word_1_21' title='bbox 1662 747 1778 828; x_wconf 84' lang='lat' dir='ltr'>multa·</span> <span class='ocrx_word' id='word_1_22' title='bbox 1801 746 1947 827; x_wconf 65' lang='lat' dir='ltr'>altu·</span> <span class='ocrx_word' id='word_1_23' title='bbox 1985 772 2013 845; x_wconf 67' lang='grc' dir='ltr'><em>η</em></span> 
     </span>
     <span class='ocr_line' id='line_1_3' title="bbox 233 847 1913 961; baseline -0.01 -27"><span class='ocrx_word' id='word_1_24' title='bbox 233 886 309 961; x_wconf 31' lang='grc' dir='ltr'>,ηις</span> <span class='ocrx_word' id='word_1_25' title='bbox 329 889 338 929; x_wconf 76' lang='lat' dir='ltr'>r</span> <span class='ocrx_word' id='word_1_26' title='bbox 362 863 520 953; x_wconf 91' lang='lat' dir='ltr'>quoniam</span> <span class='ocrx_word' id='word_1_27' title='bbox 550 863 660 958; x_wconf 83' lang='lat' dir='ltr'>frigus</span> <span class='ocrx_word' id='word_1_28' title='bbox 686 881 787 934; x_wconf 76' lang='lat' dir='ltr'>erata</span> <span class='ocrx_word' id='word_1_29' title='bbox 812 862 847 933; x_wconf 78' lang='grc' dir='ltr'>δι</span> <span class='ocrx_word' id='word_1_30' title='bbox 872 860 1054 934; x_wconf 86' lang='lat' dir='ltr'>calefacie-</span> <span class='ocrx_word' id='word_1_31' title='bbox 1102 857 1377 953; x_wconf 87' lang='lat' dir='ltr'>blasphemantes</span> <span class='ocrx_word' id='word_1_32' title='bbox 1408 856 1568 930; x_wconf 80' lang='lat' dir='ltr'>dicebant</span> <span class='ocrx_word' id='word_1_33' title='bbox 1600 854 1635 926; x_wconf 91' lang='lat' dir='ltr'>in</span> <span class='ocrx_word' id='word_1_34' title='bbox 1663 876 1782 926; x_wconf 89' lang='lat' dir='ltr'>eum.</span> <span class='ocrx_word' id='word_1_35' title='bbox 1823 847 1913 959; x_wconf 73' lang='lat' dir='ltr'>Erat</span> 
     </span>
     <span class='ocr_line' id='line_1_4' title="bbox 249 948 1915 1038; baseline -0.007 -5"><span class='ocrx_word' id='word_1_36' title='bbox 249 958 408 1033; x_wconf 88' lang='lat' dir='ltr'>banrse.</span> <span class='ocrx_word' id='word_1_37' title='bbox 434 962 515 1033; x_wconf 80' lang='lat' dir='ltr'>Erat</span> <span class='ocrx_word' id='word_1_38' title='bbox 539 981 653 1033; x_wconf 87' lang='lat' dir='ltr'>autem</span> <span class='ocrx_word' id='word_1_39' title='bbox 678 981 756 1033; x_wconf 91' lang='lat' dir='ltr'>cum</span> <span class='ocrx_word' id='word_1_40' title='bbox 786 957 837 1029; x_wconf 83' lang='lat' dir='ltr'>eis</span> <span class='ocrx_word' id='word_1_41' title='bbox 861 963 897 1032; x_wconf 81' lang='lat' dir='ltr'>dt</span> <span class='ocrx_word' id='word_1_42' title='bbox 925 965 1052 1036; x_wconf 87' lang='lat' dir='ltr'>Petrus</span> <span class='ocrx_word' id='word_1_43' title='bbox 1103 977 1220 1032; x_wconf 88' lang='lat' dir='ltr'>aurem</span> <span class='ocrx_word' id='word_1_44' title='bbox 1256 957 1379 1030; x_wconf 82' lang='lat' dir='ltr'>Petrus</span> <span class='ocrx_word' id='word_1_45' title='bbox 1419 956 1457 1028; x_wconf 91' lang='lat' dir='ltr'>io</span> <span class='ocrx_word' id='word_1_46' title='bbox 1482 950 1573 1025; x_wconf 86' lang='lat' dir='ltr'>atrio</span> <span class='ocrx_word' id='word_1_47' title='bbox 1602 953 1801 1027; x_wconf 88' lang='lat' dir='ltr'>deorsum.</span> <span class='ocrx_word' id='word_1_48' title='bbox 1840 948 1915 1038; x_wconf 77' lang='lat' dir='ltr'>st</span> 
     </span>
     <span class='ocr_line' id='line_1_5' title="bbox 253 1047 1915 1156; baseline -0.008 -27"><span class='ocrx_word' id='word_1_49' title='bbox 253 1060 337 1129; x_wconf 76' lang='lat' dir='ltr'>{lans</span> <span class='ocrx_word' id='word_1_50' title='bbox 353 1083 362 1123; x_wconf 79' lang='lat' dir='ltr'>a</span> <span class='ocrx_word' id='word_1_51' title='bbox 379 1059 415 1127; x_wconf 74' lang='grc' dir='ltr'>δι</span> <span class='ocrx_word' id='word_1_52' title='bbox 443 1054 646 1129; x_wconf 74' lang='lat' dir='ltr'>calefaciens</span> <span class='ocrx_word' id='word_1_53' title='bbox 674 1056 735 1128; x_wconf 91' lang='lat' dir='ltr'>se.</span> <span class='ocrx_word' id='word_1_54' title='bbox 761 1059 926 1155; x_wconf 79' lang='lat' dir='ltr'>Princeps</span> <span class='ocrx_word' id='word_1_55' title='bbox 943 1057 1054 1156; x_wconf 88' lang='lat' dir='ltr'>igitur</span> <span class='ocrx_word' id='word_1_56' title='bbox 1104 1055 1278 1129; x_wconf 90' lang='lat' dir='ltr'>adslabant</span> <span class='ocrx_word' id='word_1_57' title='bbox 1302 1071 1442 1126; x_wconf 79' lang='lat' dir='ltr'>autema</span> <span class='ocrx_word' id='word_1_58' title='bbox 1468 1049 1635 1123; x_wconf 85' lang='lat' dir='ltr'>dixerunt</span> <span class='ocrx_word' id='word_1_59' title='bbox 1655 1052 1716 1124; x_wconf 91' lang='lat' dir='ltr'>ei.</span> <span class='ocrx_word' id='word_1_60' title='bbox 1744 1047 1786 1119; x_wconf 80' lang='lat' dir='ltr'>Et</span> <span class='ocrx_word' id='word_1_61' title='bbox 1811 1067 1853 1120; x_wconf 88' lang='lat' dir='ltr'>to</span> <span class='ocrx_word' id='word_1_62' title='bbox 1867 1066 1915 1115; x_wconf 88' lang='lat' dir='ltr'>ex</span> 
     </span>
    </p>

    <p class='ocr_par' dir='ltr' id='par_1_2' title="bbox 201 1141 1981 1344">
     <span class='ocr_line' id='line_1_6' title="bbox 201 1141 1914 1251; baseline -0.004 -25"><span class='ocrx_word' id='word_1_63' title='bbox 201 1171 220 1241; x_wconf 87' lang='lat'>5</span> <span class='ocrx_word' id='word_1_64' title='bbox 251 1154 501 1226; x_wconf 77' lang='lat' dir='ltr'>sacerdotum:</span> <span class='ocrx_word' id='word_1_65' title='bbox 527 1156 761 1251; x_wconf 89' lang='lat' dir='ltr'>interrogavit</span> <span class='ocrx_word' id='word_1_66' title='bbox 786 1153 899 1238; x_wconf 84' lang='lat' dir='ltr'>lesum</span> <span class='ocrx_word' id='word_1_67' title='bbox 927 1161 972 1231; x_wconf 88' lang='lat' dir='ltr'>de</span> <span class='ocrx_word' id='word_1_68' title='bbox 999 1155 1056 1227; x_wconf 90' lang='lat' dir='ltr'>di·</span> <span class='ocrx_word' id='word_1_69' title='bbox 1106 1151 1282 1245; x_wconf 80' lang='lat' dir='ltr'>discipulis</span> <span class='ocrx_word' id='word_1_70' title='bbox 1309 1156 1381 1238; x_wconf 87' lang='lat' dir='ltr'>ejus</span> <span class='ocrx_word' id='word_1_71' title='bbox 1406 1175 1468 1225; x_wconf 71' lang='lat' dir='ltr'>ete</span> <span class='ocrx_word' id='word_1_72' title='bbox 1502 1171 1577 1223; x_wconf 87' lang='lat' dir='ltr'>nam</span> <span class='ocrx_word' id='word_1_73' title='bbox 1606 1150 1641 1222; x_wconf 77' lang='grc' dir='ltr'>δι</span> <span class='ocrx_word' id='word_1_74' title='bbox 1673 1141 1811 1244; x_wconf 81' lang='lat' dir='ltr'>loquela</span> <span class='ocrx_word' id='word_1_75' title='bbox 1852 1162 1914 1214; x_wconf 90' lang='lat' dir='ltr'>tua</span> 
     </span>
     <span class='ocr_line' id='line_1_7' title="bbox 251 1239 1981 1344; baseline -0.005 -23"><span class='ocrx_word' id='word_1_76' title='bbox 251 1247 387 1344; x_wconf 83' lang='lat' dir='ltr'>scipulis</span> <span class='ocrx_word' id='word_1_77' title='bbox 413 1251 509 1324; x_wconf 77' lang='lat' dir='ltr'>suisa</span> <span class='ocrx_word' id='word_1_78' title='bbox 536 1256 571 1325; x_wconf 74' lang='grc' dir='ltr'>ἃ</span> <span class='ocrx_word' id='word_1_79' title='bbox 597 1255 640 1324; x_wconf 89' lang='lat' dir='ltr'>de</span> <span class='ocrx_word' id='word_1_80' title='bbox 665 1253 821 1329; x_wconf 74' lang='lat' dir='ltr'>dodrina</span> <span class='ocrx_word' id='word_1_81' title='bbox 844 1259 952 1339; x_wconf 79' lang='lat' dir='ltr'>ejus.</span> <span class='ocrx_word' id='word_1_82' title='bbox 986 1255 1061 1328; x_wconf 88' lang='lat' dir='ltr'>Re·</span> <span class='ocrx_word' id='word_1_83' title='bbox 1109 1250 1324 1326; x_wconf 87' lang='lat' dir='ltr'>manisestum</span> <span class='ocrx_word' id='word_1_84' title='bbox 1362 1269 1398 1321; x_wconf 91' lang='lat' dir='ltr'>te</span> <span class='ocrx_word' id='word_1_85' title='bbox 1437 1246 1555 1321; x_wconf 86' lang='lat' dir='ltr'>iacit.</span> <span class='ocrx_word' id='word_1_86' title='bbox 1591 1249 1722 1323; x_wconf 80' lang='lat' dir='ltr'>Iterum</span> <span class='ocrx_word' id='word_1_87' title='bbox 1762 1239 1981 1339; x_wconf 75' lang='lat' dir='ltr'>negavisse</span> 
     </span>
    </p>

    <p class='ocr_par' dir='ltr' id='par_1_3' title="bbox 176 1339 1914 1641">
     <span class='ocr_line' id='line_1_8' title="bbox 176 1339 1914 1448; baseline -0.006 -28"><span class='ocrx_word' id='word_1_88' title='bbox 176 1358 180 1363; x_wconf 87' lang='grc'><strong>’</strong></span> <span class='ocrx_word' id='word_1_89' title='bbox 252 1348 392 1442; x_wconf 87' lang='lat' dir='ltr'>spondit</span> <span class='ocrx_word' id='word_1_90' title='bbox 417 1348 540 1425; x_wconf 86' lang='lat' dir='ltr'>lesus.</span> <span class='ocrx_word' id='word_1_91' title='bbox 573 1352 651 1448; x_wconf 85' lang='lat' dir='ltr'>Ego</span> <span class='ocrx_word' id='word_1_92' title='bbox 677 1350 788 1448; x_wconf 90' lang='lat' dir='ltr'>palam</span> <span class='ocrx_word' id='word_1_93' title='bbox 811 1349 951 1427; x_wconf 90' lang='lat' dir='ltr'>locutus</span> <span class='ocrx_word' id='word_1_94' title='bbox 983 1354 1056 1427; x_wconf 89' lang='lat' dir='ltr'>sum</span> <span class='ocrx_word' id='word_1_95' title='bbox 1106 1350 1167 1426; x_wconf 86' lang='lat' dir='ltr'>ille</span> <span class='ocrx_word' id='word_1_96' title='bbox 1203 1371 1281 1423; x_wconf 90' lang='lat' dir='ltr'>cum</span> <span class='ocrx_word' id='word_1_97' title='bbox 1321 1354 1518 1437; x_wconf 87' lang='lat' dir='ltr'>juramento</span> <span class='ocrx_word' id='word_1_98' title='bbox 1545 1344 1694 1420; x_wconf 88' lang='lat' dir='ltr'>dicens.</span> <span class='ocrx_word' id='word_1_99' title='bbox 1729 1342 1806 1414; x_wconf 90' lang='lat' dir='ltr'>Nec</span> <span class='ocrx_word' id='word_1_100' title='bbox 1838 1339 1914 1413; x_wconf 85' lang='lat' dir='ltr'>vidi</span> 
     </span>
     <span class='ocr_line' id='line_1_9' title="bbox 253 1438 1913 1547; baseline -0.007 -28"><span class='ocrx_word' id='word_1_101' title='bbox 253 1446 410 1519; x_wconf 86' lang='lat' dir='ltr'>mundo:</span> <span class='ocrx_word' id='word_1_102' title='bbox 437 1471 509 1543; x_wconf 88' lang='lat' dir='ltr'>ego</span> <span class='ocrx_word' id='word_1_103' title='bbox 539 1448 673 1543; x_wconf 81' lang='lat' dir='ltr'>semper</span> <span class='ocrx_word' id='word_1_104' title='bbox 701 1450 805 1523; x_wconf 91' lang='lat' dir='ltr'>docui</span> <span class='ocrx_word' id='word_1_105' title='bbox 834 1451 868 1521; x_wconf 90' lang='lat' dir='ltr'>in</span> <span class='ocrx_word' id='word_1_106' title='bbox 896 1449 1056 1547; x_wconf 84' lang='lat' dir='ltr'>finagoga</span> <span class='ocrx_word' id='word_1_107' title='bbox 1107 1473 1221 1521; x_wconf 90' lang='lat' dir='ltr'>eum.</span> <span class='ocrx_word' id='word_1_108' title='bbox 1258 1446 1301 1520; x_wconf 80' lang='lat' dir='ltr'>Et</span> <span class='ocrx_word' id='word_1_109' title='bbox 1337 1440 1526 1520; x_wconf 86' lang='lat' dir='ltr'>intervallo</span> <span class='ocrx_word' id='word_1_110' title='bbox 1559 1443 1654 1519; x_wconf 74' lang='lat' dir='ltr'>fauo</span> <span class='ocrx_word' id='word_1_111' title='bbox 1693 1439 1785 1539; x_wconf 87' lang='lat' dir='ltr'>quasi</span> <span class='ocrx_word' id='word_1_112' title='bbox 1818 1438 1913 1513; x_wconf 93' lang='lat' dir='ltr'>hore</span> 
     </span>
     <span class='ocr_line' id='line_1_10' title="bbox 256 1534 1912 1641; baseline -0.003 -28"><span class='ocrx_word' id='word_1_113' title='bbox 256 1544 291 1613; x_wconf 80' lang='lat' dir='ltr'>dt</span> <span class='ocrx_word' id='word_1_114' title='bbox 320 1543 355 1614; x_wconf 93' lang='lat' dir='ltr'>in</span> <span class='ocrx_word' id='word_1_115' title='bbox 383 1544 540 1639; x_wconf 76' lang='lat' dir='ltr'>templor</span> <span class='ocrx_word' id='word_1_116' title='bbox 565 1547 601 1619; x_wconf 90' lang='lat' dir='ltr'>in</span> <span class='ocrx_word' id='word_1_117' title='bbox 626 1568 698 1641; x_wconf 92' lang='lat' dir='ltr'>quo</span> <span class='ocrx_word' id='word_1_118' title='bbox 722 1546 954 1631; x_wconf 87' lang='lat' dir='ltr'>omnerlndei</span> <span class='ocrx_word' id='word_1_119' title='bbox 973 1571 1059 1623; x_wconf 90' lang='lat' dir='ltr'>con·</span> <span class='ocrx_word' id='word_1_120' title='bbox 1106 1546 1240 1619; x_wconf 77' lang='lat' dir='ltr'>unios:</span> <span class='ocrx_word' id='word_1_121' title='bbox 1279 1543 1365 1618; x_wconf 87' lang='lat' dir='ltr'>dicit</span> <span class='ocrx_word' id='word_1_122' title='bbox 1399 1569 1485 1618; x_wconf 89' lang='lat' dir='ltr'>unus</span> <span class='ocrx_word' id='word_1_123' title='bbox 1515 1565 1561 1614; x_wconf 81' lang='lat' dir='ltr'>ex</span> <span class='ocrx_word' id='word_1_124' title='bbox 1601 1541 1706 1616; x_wconf 78' lang='lat' dir='ltr'>servis</span> <span class='ocrx_word' id='word_1_125' title='bbox 1740 1534 1912 1633; x_wconf 87' lang='lat' dir='ltr'>principis</span> 
     </span>
    </p>

    <p class='ocr_par' dir='ltr' id='par_1_4' title="bbox 181 1635 1974 1741">
     <span class='ocr_line' id='line_1_11' title="bbox 181 1635 1974 1741; baseline -0.001 -26"><span class='ocrx_word' id='word_1_126' title='bbox 181 1659 228 1715; x_wconf 80' lang='lat'>10</span> <span class='ocrx_word' id='word_1_127' title='bbox 256 1642 426 1715; x_wconf 80' lang='lat' dir='ltr'>veniunt:</span> <span class='ocrx_word' id='word_1_128' title='bbox 452 1648 488 1717; x_wconf 78' lang='lat' dir='ltr'>dt</span> <span class='ocrx_word' id='word_1_129' title='bbox 518 1643 720 1720; x_wconf 89' lang='lat' dir='ltr'>inocculto</span> <span class='ocrx_word' id='word_1_130' title='bbox 750 1642 977 1719; x_wconf 87' lang='lat' dir='ltr'>locutussum</span> <span class='ocrx_word' id='word_1_131' title='bbox 1007 1645 1058 1719; x_wconf 77' lang='lat' dir='ltr'>ni-</span> <span class='ocrx_word' id='word_1_132' title='bbox 1105 1644 1368 1721; x_wconf 83' lang='lat' dir='ltr'>Sacerdorumr</span> <span class='ocrx_word' id='word_1_133' title='bbox 1409 1661 1581 1741; x_wconf 87' lang='lat' dir='ltr'>cognatus</span> <span class='ocrx_word' id='word_1_134' title='bbox 1607 1637 1696 1713; x_wconf 86' lang='lat' dir='ltr'>illius</span> <span class='ocrx_word' id='word_1_135' title='bbox 1723 1641 1823 1723; x_wconf 77' lang='lat' dir='ltr'>cuius</span> <span class='ocrx_word' id='word_1_136' title='bbox 1852 1635 1914 1708; x_wconf 80' lang='lat' dir='ltr'>ab·</span> <span class='ocrx_word' id='word_1_137' title='bbox 1971 1716 1974 1721; x_wconf 75' lang='grc'><em>,</em></span> 
     </span>
    </p>

    <p class='ocr_par' dir='ltr' id='par_1_5' title="bbox 183 1733 1980 2125">
     <span class='ocr_line' id='line_1_12' title="bbox 183 1733 1980 1853; baseline -0.002 -43"><span class='ocrx_word' id='word_1_138' title='bbox 183 1830 187 1837; x_wconf 25' lang='grc' dir='ltr'>Ι</span> <span class='ocrx_word' id='word_1_139' title='bbox 253 1737 330 1811; x_wconf 88' lang='lat' dir='ltr'>hil.</span> <span class='ocrx_word' id='word_1_140' title='bbox 363 1740 459 1852; x_wconf 70' lang='lat' dir='ltr'>Quid</span> <span class='ocrx_word' id='word_1_141' title='bbox 488 1767 544 1816; x_wconf 90' lang='lat' dir='ltr'>me</span> <span class='ocrx_word' id='word_1_142' title='bbox 569 1744 814 1843; x_wconf 77' lang='lat' dir='ltr'>interrogas?</span> <span class='ocrx_word' id='word_1_143' title='bbox 853 1744 1057 1843; x_wconf 80' lang='lat' dir='ltr'>interrroga</span> <span class='ocrx_word' id='word_1_144' title='bbox 1109 1742 1258 1817; x_wconf 82' lang='lat' dir='ltr'>sciderat</span> <span class='ocrx_word' id='word_1_145' title='bbox 1287 1747 1410 1818; x_wconf 85' lang='lat' dir='ltr'>Petrus</span> <span class='ocrx_word' id='word_1_146' title='bbox 1440 1737 1653 1853; x_wconf 80' lang='lat' dir='ltr'>auriculam.</span> <span class='ocrx_word' id='word_1_147' title='bbox 1680 1739 1812 1811; x_wconf 89' lang='lat' dir='ltr'>Nonne</span> <span class='ocrx_word' id='word_1_148' title='bbox 1838 1755 1918 1831; x_wconf 88' lang='lat' dir='ltr'>ego</span> <span class='ocrx_word' id='word_1_149' title='bbox 1942 1733 1980 1826; x_wconf 84' lang='lat'>65</span> 
     </span>
     <span class='ocr_line' id='line_1_13' title="bbox 252 1832 1917 2040; baseline -0.001 -34"><span class='ocrx_word' id='word_1_150' title='bbox 252 1860 340 2007; x_wconf 68' lang='lat' dir='ltr'>ti.</span> <span class='ocrx_word' id='word_1_151' title='bbox 356 1845 663 2016; x_wconf 70' lang='lat' dir='ltr'>sl.2¹¹l.¹il.¹¹‘.}</span> <span class='ocrx_word' id='word_1_152' title='bbox 692 1839 1061 2040; x_wconf 67' lang='lat' dir='ltr'>il.&#39;‘¹al.⁰.⁶ii.&#39;⁸.{¹¹.⁰¹.</span> <span class='ocrx_word' id='word_1_153' title='bbox 1111 1844 1321 2036; x_wconf 54' lang='lat' dir='ltr'>{hilii</span> <span class='ocrx_word' id='word_1_154' title='bbox 1338 1841 1552 2014; x_wconf 59' lang='lat' dir='ltr'>hishis?</span> <span class='ocrx_word' id='word_1_155' title='bbox 1578 1834 1817 2018; x_wconf 53' lang='lat' dir='ltr'>illisis?</span> <span class='ocrx_word' id='word_1_156' title='bbox 1835 1832 1917 2026; x_wconf 59' lang='lat' dir='ltr'>{si}</span> 
     </span>
     <span class='ocr_line' id='line_1_14' title="bbox 255 2027 1972 2125; baseline -0.003 -20"><span class='ocrx_word' id='word_1_157' title='bbox 255 2035 334 2105; x_wconf 86' lang='lat' dir='ltr'>Hec</span> <span class='ocrx_word' id='word_1_158' title='bbox 360 2055 476 2110; x_wconf 90' lang='lat' dir='ltr'>autem</span> <span class='ocrx_word' id='word_1_159' title='bbox 501 2064 576 2113; x_wconf 89' lang='lat' dir='ltr'>eum</span> <span class='ocrx_word' id='word_1_160' title='bbox 601 2039 769 2112; x_wconf 81' lang='lat' dir='ltr'>dixisset:</span> <span class='ocrx_word' id='word_1_161' title='bbox 803 2064 890 2113; x_wconf 89' lang='lat' dir='ltr'>unus</span> <span class='ocrx_word' id='word_1_162' title='bbox 914 2043 1061 2115; x_wconf 84' lang='lat' dir='ltr'>ashslens</span> <span class='ocrx_word' id='word_1_163' title='bbox 1113 2065 1185 2114; x_wconf 92' lang='lat' dir='ltr'>non</span> <span class='ocrx_word' id='word_1_164' title='bbox 1212 2038 1362 2114; x_wconf 86' lang='lat' dir='ltr'>novisset</span> <span class='ocrx_word' id='word_1_165' title='bbox 1383 2037 1582 2111; x_wconf 92' lang='lat' dir='ltr'>hominem.</span> <span class='ocrx_word' id='word_1_166' title='bbox 1608 2033 1649 2106; x_wconf 85' lang='lat' dir='ltr'>Et</span> <span class='ocrx_word' id='word_1_167' title='bbox 1672 2030 1782 2105; x_wconf 87' lang='lat' dir='ltr'>slarim</span> <span class='ocrx_word' id='word_1_168' title='bbox 1805 2027 1917 2125; x_wconf 87' lang='lat' dir='ltr'>gallus</span> <span class='ocrx_word' id='word_1_169' title='bbox 1970 2090 1972 2094; x_wconf 95' lang='lat'>.</span> 
     </span>
    </p>

    <p class='ocr_par' dir='ltr' id='par_1_6' title="bbox 180 2128 1983 2635">
     <span class='ocr_line' id='line_1_15' title="bbox 180 2128 1980 2231; baseline -0.003 -26"><span class='ocrx_word' id='word_1_170' title='bbox 180 2147 226 2223; x_wconf 75' lang='lat'>15</span> <span class='ocrx_word' id='word_1_171' title='bbox 257 2132 489 2210; x_wconf 88' lang='lat' dir='ltr'>ministrorum</span> <span class='ocrx_word' id='word_1_172' title='bbox 518 2135 617 2208; x_wconf 91' lang='lat' dir='ltr'>dedit</span> <span class='ocrx_word' id='word_1_173' title='bbox 637 2134 766 2231; x_wconf 91' lang='lat' dir='ltr'>alapam</span> <span class='ocrx_word' id='word_1_174' title='bbox 792 2138 897 2216; x_wconf 76' lang='lat' dir='ltr'>lesus</span> <span class='ocrx_word' id='word_1_175' title='bbox 923 2139 1060 2213; x_wconf 89' lang='lat' dir='ltr'>dicens.</span> <span class='ocrx_word' id='word_1_176' title='bbox 1114 2139 1303 2217; x_wconf 85' lang='lat' dir='ltr'>cantavit.</span> <span class='ocrx_word' id='word_1_177' title='bbox 1328 2134 1528 2211; x_wconf 87' lang='lat' dir='ltr'>Conversus</span> <span class='ocrx_word' id='word_1_178' title='bbox 1552 2153 1668 2210; x_wconf 88' lang='lat' dir='ltr'>autem</span> <span class='ocrx_word' id='word_1_179' title='bbox 1688 2128 1821 2207; x_wconf 80' lang='lat' dir='ltr'>lesura</span> <span class='ocrx_word' id='word_1_180' title='bbox 1859 2151 1917 2202; x_wconf 86' lang='lat' dir='ltr'>se·</span> <span class='ocrx_word' id='word_1_181' title='bbox 1975 2204 1980 2219; x_wconf 57' lang='lat'>‚</span> 
     </span>
     <span class='ocr_line' id='line_1_16' title="bbox 256 2225 1983 2334; baseline -0.001 -29"><span class='ocrx_word' id='word_1_182' title='bbox 256 2233 312 2305; x_wconf 90' lang='lat' dir='ltr'>Sic</span> <span class='ocrx_word' id='word_1_183' title='bbox 341 2234 528 2327; x_wconf 86' lang='lat' dir='ltr'>respondes</span> <span class='ocrx_word' id='word_1_184' title='bbox 558 2235 757 2308; x_wconf 87' lang='lat' dir='ltr'>Pontifici?</span> <span class='ocrx_word' id='word_1_185' title='bbox 791 2237 987 2334; x_wconf 88' lang='lat' dir='ltr'>Respondit</span> <span class='ocrx_word' id='word_1_186' title='bbox 1012 2235 1062 2312; x_wconf 90' lang='lat' dir='ltr'>illi</span> <span class='ocrx_word' id='word_1_187' title='bbox 1113 2235 1228 2332; x_wconf 84' lang='lat' dir='ltr'>spexit</span> <span class='ocrx_word' id='word_1_188' title='bbox 1271 2237 1449 2311; x_wconf 86' lang='lat' dir='ltr'>Petrum.</span> <span class='ocrx_word' id='word_1_189' title='bbox 1487 2233 1529 2304; x_wconf 87' lang='lat' dir='ltr'>Et</span> <span class='ocrx_word' id='word_1_190' title='bbox 1559 2233 1637 2325; x_wconf 88' lang='lat' dir='ltr'>quia</span> <span class='ocrx_word' id='word_1_191' title='bbox 1676 2228 1814 2301; x_wconf 79' lang='lat' dir='ltr'>dixerat</span> <span class='ocrx_word' id='word_1_192' title='bbox 1851 2225 1917 2299; x_wconf 80' lang='lat' dir='ltr'>eia</span> <span class='ocrx_word' id='word_1_193' title='bbox 1944 2248 1983 2326; x_wconf 76' lang='lat'>70</span> 
     </span>
     <span class='ocr_line' id='line_1_17' title="bbox 252 2327 1913 2438; baseline -0.005 -30"><span class='ocrx_word' id='word_1_194' title='bbox 252 2327 374 2438; x_wconf 38' lang='lat' dir='ltr'>lesus..</span> <span class='ocrx_word' id='word_1_195' title='bbox 399 2333 434 2404; x_wconf 90' lang='lat' dir='ltr'>Si</span> <span class='ocrx_word' id='word_1_196' title='bbox 454 2331 541 2407; x_wconf 86' lang='lat' dir='ltr'>male</span> <span class='ocrx_word' id='word_1_197' title='bbox 558 2329 694 2411; x_wconf 83' lang='lat' dir='ltr'>locutus</span> <span class='ocrx_word' id='word_1_198' title='bbox 710 2333 807 2409; x_wconf 82' lang='lat' dir='ltr'>sum:</span> <span class='ocrx_word' id='word_1_199' title='bbox 834 2336 1060 2414; x_wconf 80' lang='lat' dir='ltr'>testimonium</span> <span class='ocrx_word' id='word_1_200' title='bbox 1111 2334 1307 2431; x_wconf 84' lang='lat' dir='ltr'>priusquam</span> <span class='ocrx_word' id='word_1_201' title='bbox 1337 2331 1448 2432; x_wconf 87' lang='lat' dir='ltr'>gallus</span> <span class='ocrx_word' id='word_1_202' title='bbox 1487 2350 1630 2404; x_wconf 77' lang='lat' dir='ltr'>cantet:</span> <span class='ocrx_word' id='word_1_203' title='bbox 1654 2345 1708 2401; x_wconf 91' lang='lat' dir='ltr'>ter</span> <span class='ocrx_word' id='word_1_204' title='bbox 1736 2351 1789 2402; x_wconf 89' lang='lat' dir='ltr'>me</span> <span class='ocrx_word' id='word_1_205' title='bbox 1807 2348 1913 2422; x_wconf 88' lang='lat' dir='ltr'>nega·</span> 
     </span>
     <span class='ocr_line' id='line_1_18' title="bbox 257 2425 1919 2530; baseline 0.002 -34"><span class='ocrx_word' id='word_1_206' title='bbox 257 2427 403 2522; x_wconf 77' lang='lat' dir='ltr'>perhibe</span> <span class='ocrx_word' id='word_1_207' title='bbox 431 2430 475 2501; x_wconf 93' lang='lat' dir='ltr'>de</span> <span class='ocrx_word' id='word_1_208' title='bbox 497 2429 613 2507; x_wconf 92' lang='lat' dir='ltr'>malo.</span> <span class='ocrx_word' id='word_1_209' title='bbox 640 2431 675 2505; x_wconf 90' lang='lat' dir='ltr'>Si</span> <span class='ocrx_word' id='word_1_210' title='bbox 695 2455 812 2507; x_wconf 89' lang='lat' dir='ltr'>autem</span> <span class='ocrx_word' id='word_1_211' title='bbox 837 2433 953 2508; x_wconf 81' lang='lat' dir='ltr'>benes</span> <span class='ocrx_word' id='word_1_212' title='bbox 978 2435 1060 2529; x_wconf 93' lang='lat' dir='ltr'>quid</span> <span class='ocrx_word' id='word_1_213' title='bbox 1110 2435 1198 2508; x_wconf 89' lang='lat' dir='ltr'>bis.</span> <span class='ocrx_word' id='word_1_214' title='bbox 1224 2435 1380 2530; x_wconf 81' lang='lat' dir='ltr'>Egressus</span> <span class='ocrx_word' id='word_1_215' title='bbox 1404 2433 1493 2505; x_wconf 82' lang='lat' dir='ltr'>foras</span> <span class='ocrx_word' id='word_1_216' title='bbox 1522 2432 1669 2505; x_wconf 76' lang='lat' dir='ltr'>Petrusr</span> <span class='ocrx_word' id='word_1_217' title='bbox 1695 2425 1794 2500; x_wconf 88' lang='lat' dir='ltr'>flevit</span> <span class='ocrx_word' id='word_1_218' title='bbox 1821 2448 1919 2499; x_wconf 87' lang='lat' dir='ltr'>ama·</span> 
     </span>
     <span class='ocr_line' id='line_1_19' title="bbox 258 2522 1918 2635; baseline -0.002 -38"><span class='ocrx_word' id='word_1_219' title='bbox 258 2528 457 2635; x_wconf 76' lang='lat' dir='ltr'>mecedis?</span> <span class='ocrx_word' id='word_1_220' title='bbox 483 2530 575 2604; x_wconf 83' lang='lat' dir='ltr'>Misit</span> <span class='ocrx_word' id='word_1_221' title='bbox 592 2555 680 2630; x_wconf 86' lang='lat' dir='ltr'>ergo</span> <span class='ocrx_word' id='word_1_222' title='bbox 694 2529 790 2607; x_wconf 91' lang='lat' dir='ltr'>illum</span> <span class='ocrx_word' id='word_1_223' title='bbox 805 2532 982 2610; x_wconf 72' lang='lat' dir='ltr'>vinciana</span> <span class='ocrx_word' id='word_1_224' title='bbox 1009 2533 1067 2609; x_wconf 93' lang='lat' dir='ltr'>ubi</span> <span class='ocrx_word' id='word_1_225' title='bbox 1117 2558 1196 2606; x_wconf 90' lang='lat' dir='ltr'>re.</span> <span class='ocrx_word' id='word_1_226' title='bbox 1237 2534 1278 2604; x_wconf 85' lang='lat' dir='ltr'>Et</span> <span class='ocrx_word' id='word_1_227' title='bbox 1315 2533 1517 2606; x_wconf 86' lang='lat' dir='ltr'>recordatus</span> <span class='ocrx_word' id='word_1_228' title='bbox 1544 2528 1592 2599; x_wconf 83' lang='lat' dir='ltr'>est</span> <span class='ocrx_word' id='word_1_229' title='bbox 1620 2525 1718 2600; x_wconf 87' lang='lat' dir='ltr'>verbi</span> <span class='ocrx_word' id='word_1_230' title='bbox 1747 2522 1918 2601; x_wconf 75' lang='lat' dir='ltr'>Domirda</span> 
     </span>
    </p>

    <p class='ocr_par' dir='ltr' id='par_1_7' title="bbox 180 2619 1984 2723">
     <span class='ocr_line' id='line_1_20' title="bbox 180 2619 1984 2723; baseline 0 -29"><span class='ocrx_word' id='word_1_231' title='bbox 180 2636 231 2694; x_wconf 75' lang='lat' dir='ltr'>ao</span> <span class='ocrx_word' id='word_1_232' title='bbox 258 2619 365 2695; x_wconf 82' lang='lat' dir='ltr'>scrsbe</span> <span class='ocrx_word' id='word_1_233' title='bbox 395 2628 430 2698; x_wconf 77' lang='grc' dir='ltr'>δι</span> <span class='ocrx_word' id='word_1_234' title='bbox 458 2627 607 2722; x_wconf 90' lang='lat' dir='ltr'>pharisei</span> <span class='ocrx_word' id='word_1_235' title='bbox 633 2651 871 2706; x_wconf 88' lang='lat' dir='ltr'>convenerant</span> <span class='ocrx_word' id='word_1_236' title='bbox 898 2678 909 2701; x_wconf 91' lang='lat'>.</span> <span class='ocrx_word' id='word_1_237' title='bbox 936 2638 1064 2710; x_wconf 87' lang='lat' dir='ltr'>Petrus</span> <span class='ocrx_word' id='word_1_238' title='bbox 1115 2632 1209 2723; x_wconf 91' lang='lat' dir='ltr'>quod</span> <span class='ocrx_word' id='word_1_239' title='bbox 1236 2628 1373 2704; x_wconf 89' lang='lat' dir='ltr'>locutus</span> <span class='ocrx_word' id='word_1_240' title='bbox 1395 2631 1505 2704; x_wconf 87' lang='lat' dir='ltr'>suerat</span> <span class='ocrx_word' id='word_1_241' title='bbox 1533 2626 1699 2700; x_wconf 88' lang='lat' dir='ltr'>adeum.</span> <span class='ocrx_word' id='word_1_242' title='bbox 1726 2627 1918 2715; x_wconf 65' lang='lat' dir='ltr'>Mmen.</span> <span class='ocrx_word' id='word_1_243' title='bbox 1976 2694 1984 2711; x_wconf 69' lang='grc'>,</span> 
     </span>
    </p>

    <p class='ocr_par' dir='ltr' id='par_1_8' title="bbox 192 2714 1986 2828">
     <span class='ocr_line' id='line_1_21' title="bbox 192 2714 1986 2828; baseline -0.002 -27"><span class='ocrx_word' id='word_1_244' title='bbox 192 2794 196 2801; x_wconf 94' lang='grc'>.</span> <span class='ocrx_word' id='word_1_245' title='bbox 258 2738 373 2795; x_wconf 89' lang='lat' dir='ltr'>autem</span> <span class='ocrx_word' id='word_1_246' title='bbox 396 2724 603 2820; x_wconf 88' lang='lat' dir='ltr'>sequebatur</span> <span class='ocrx_word' id='word_1_247' title='bbox 631 2755 650 2803; x_wconf 92' lang='lat' dir='ltr'>a</span> <span class='ocrx_word' id='word_1_248' title='bbox 674 2714 802 2828; x_wconf 85' lang='lat' dir='ltr'>longer</span> <span class='ocrx_word' id='word_1_249' title='bbox 829 2730 931 2822; x_wconf 87' lang='lat' dir='ltr'>usque</span> <span class='ocrx_word' id='word_1_250' title='bbox 963 2730 998 2802; x_wconf 90' lang='lat' dir='ltr'>in</span> <span class='ocrx_word' id='word_1_251' title='bbox 1029 2754 1064 2801; x_wconf 89' lang='lat' dir='ltr'>a·</span> <span class='ocrx_word' id='word_1_252' title='bbox 1164 2724 1400 2799; x_wconf 82' lang='lat' dir='ltr'>DicarPresb.</span> <span class='ocrx_word' id='word_1_253' title='bbox 1425 2723 1598 2802; x_wconf 82' lang='lat' dir='ltr'>Dominus</span> <span class='ocrx_word' id='word_1_254' title='bbox 1629 2724 1673 2800; x_wconf 83' lang='lat' dir='ltr'>fir</span> <span class='ocrx_word' id='word_1_255' title='bbox 1700 2722 1837 2822; x_wconf 83' lang='lat' dir='ltr'>semper</span> <span class='ocrx_word' id='word_1_256' title='bbox 1851 2746 1919 2798; x_wconf 87' lang='lat' dir='ltr'>vo·</span> <span class='ocrx_word' id='word_1_257' title='bbox 1946 2734 1986 2818; x_wconf 85' lang='lat'>75</span> 
     </span>
    </p>

    <p class='ocr_par' dir='ltr' id='par_1_9' title="bbox 219 2819 1917 3121">
     <span class='ocr_line' id='line_1_22' title="bbox 219 2819 1524 2924; baseline 0.004 -31"><span class='ocrx_word' id='word_1_258' title='bbox 219 2832 222 2837; x_wconf 84' lang='lat'>&#39;</span> <span class='ocrx_word' id='word_1_259' title='bbox 259 2819 365 2893; x_wconf 90' lang='lat' dir='ltr'>trium</span> <span class='ocrx_word' id='word_1_260' title='bbox 392 2827 557 2922; x_wconf 88' lang='lat' dir='ltr'>principis</span> <span class='ocrx_word' id='word_1_261' title='bbox 584 2826 833 2902; x_wconf 85' lang='lat' dir='ltr'>Sacerdotum.</span> <span class='ocrx_word' id='word_1_262' title='bbox 860 2830 901 2901; x_wconf 81' lang='lat' dir='ltr'>Et</span> <span class='ocrx_word' id='word_1_263' title='bbox 927 2825 1063 2924; x_wconf 78' lang='lat' dir='ltr'>ingres·</span> <span class='ocrx_word' id='word_1_264' title='bbox 1113 2820 1265 2898; x_wconf 91' lang='lat' dir='ltr'>biscum.</span> <span class='ocrx_word' id='word_1_265' title='bbox 1292 2840 1341 2913; x_wconf 72' lang='lat'>132.</span> <span class='ocrx_word' id='word_1_266' title='bbox 1356 2830 1398 2900; x_wconf 81' lang='lat' dir='ltr'>Et</span> <span class='ocrx_word' id='word_1_267' title='bbox 1420 2850 1524 2898; x_wconf 90' lang='lat' dir='ltr'>cum.</span> 
     </span>
     <span class='ocr_line' id='line_1_23' title="bbox 259 2914 1917 3002; baseline 0.004 -13"><span class='ocrx_word' id='word_1_268' title='bbox 259 2914 316 2990; x_wconf 84' lang='lat' dir='ltr'>sus</span> <span class='ocrx_word' id='word_1_269' title='bbox 344 2919 463 2997; x_wconf 79' lang='lat' dir='ltr'>intus:</span> <span class='ocrx_word' id='word_1_270' title='bbox 488 2924 628 3002; x_wconf 84' lang='lat' dir='ltr'>sedebat</span> <span class='ocrx_word' id='word_1_271' title='bbox 651 2950 728 3002; x_wconf 92' lang='lat' dir='ltr'>cum</span> <span class='ocrx_word' id='word_1_272' title='bbox 745 2926 929 3001; x_wconf 80' lang='lat' dir='ltr'>minislriss</span> <span class='ocrx_word' id='word_1_273' title='bbox 954 2925 1064 3001; x_wconf 88' lang='lat' dir='ltr'>utvi·</span> <span class='ocrx_word' id='word_1_274' title='bbox 1163 2925 1314 2996; x_wconf 83' lang='lat' dir='ltr'>Lauda.</span> <span class='ocrx_word' id='word_1_275' title='bbox 1352 2929 1451 2999; x_wconf 86' lang='lat' dir='ltr'>Deus</span> <span class='ocrx_word' id='word_1_276' title='bbox 1478 2923 1612 2999; x_wconf 91' lang='lat' dir='ltr'>laudem</span> <span class='ocrx_word' id='word_1_277' title='bbox 1638 2946 1747 2999; x_wconf 90' lang='lat' dir='ltr'>meam</span> <span class='ocrx_word' id='word_1_278' title='bbox 1787 2947 1833 2996; x_wconf 93' lang='lat' dir='ltr'>ne</span> <span class='ocrx_word' id='word_1_279' title='bbox 1862 2937 1917 2996; x_wconf 86' lang='lat' dir='ltr'>ta-</span> 
     </span>
     <span class='ocr_line' id='line_1_24' title="bbox 259 3013 1917 3121; baseline 0.002 -31"><span class='ocrx_word' id='word_1_280' title='bbox 259 3013 361 3093; x_wconf 84' lang='lat' dir='ltr'>deret</span> <span class='ocrx_word' id='word_1_281' title='bbox 386 3023 490 3099; x_wconf 82' lang='lat' dir='ltr'>finem</span> <span class='ocrx_word' id='word_1_282' title='bbox 513 3024 590 3100; x_wconf 92' lang='lat' dir='ltr'>rei.</span> <span class='ocrx_word' id='word_1_283' title='bbox 616 3025 746 3102; x_wconf 86' lang='lat' dir='ltr'>Summi</span> <span class='ocrx_word' id='word_1_284' title='bbox 778 3049 865 3103; x_wconf 88' lang='lat' dir='ltr'>vero</span> <span class='ocrx_word' id='word_1_285' title='bbox 892 3027 1062 3100; x_wconf 86' lang='lat' dir='ltr'>Sacerdo·</span> <span class='ocrx_word' id='word_1_286' title='bbox 1116 3024 1251 3098; x_wconf 81' lang='lat' dir='ltr'>cuerisa</span> <span class='ocrx_word' id='word_1_287' title='bbox 1276 3025 1354 3120; x_wconf 89' lang='lat' dir='ltr'>quia</span> <span class='ocrx_word' id='word_1_288' title='bbox 1382 3050 1422 3099; x_wconf 90' lang='lat' dir='ltr'>os</span> <span class='ocrx_word' id='word_1_289' title='bbox 1454 3023 1547 3121; x_wconf 92' lang='lat' dir='ltr'>impii</span> <span class='ocrx_word' id='word_1_290' title='bbox 1575 3027 1612 3098; x_wconf 76' lang='grc' dir='ltr'>δι</span> <span class='ocrx_word' id='word_1_291' title='bbox 1636 3047 1674 3096; x_wconf 89' lang='lat' dir='ltr'>os</span> <span class='ocrx_word' id='word_1_292' title='bbox 1701 3017 1814 3097; x_wconf 89' lang='lat' dir='ltr'>dolofi</span> <span class='ocrx_word' id='word_1_293' title='bbox 1833 3042 1917 3093; x_wconf 90' lang='lat' dir='ltr'>con-</span> 
     </span>
    </p>

    <p class='ocr_par' dir='ltr' id='par_1_10' title="bbox 182 3119 1987 3619">
     <span class='ocr_line' id='line_1_25' title="bbox 182 3119 1984 3225; baseline -0.004 -27"><span class='ocrx_word' id='word_1_294' title='bbox 182 3133 230 3213; x_wconf 80' lang='lat'>²5</span> <span class='ocrx_word' id='word_1_295' title='bbox 262 3131 315 3188; x_wconf 71' lang='lat' dir='ltr'>tes</span> <span class='ocrx_word' id='word_1_296' title='bbox 343 3119 379 3189; x_wconf 72' lang='grc' dir='ltr'><strong>ἃ</strong></span> <span class='ocrx_word' id='word_1_297' title='bbox 404 3148 508 3197; x_wconf 89' lang='lat' dir='ltr'>omne</span> <span class='ocrx_word' id='word_1_298' title='bbox 538 3123 751 3200; x_wconf 79' lang='lat' dir='ltr'>confiliums</span> <span class='ocrx_word' id='word_1_299' title='bbox 787 3125 979 3225; x_wconf 89' lang='lat' dir='ltr'>querebant</span> <span class='ocrx_word' id='word_1_300' title='bbox 1005 3123 1068 3197; x_wconf 88' lang='lat' dir='ltr'>ad·</span> <span class='ocrx_word' id='word_1_301' title='bbox 1117 3141 1172 3196; x_wconf 91' lang='lat' dir='ltr'>tra</span> <span class='ocrx_word' id='word_1_302' title='bbox 1193 3145 1248 3194; x_wconf 91' lang='lat' dir='ltr'>me</span> <span class='ocrx_word' id='word_1_303' title='bbox 1270 3143 1426 3219; x_wconf 88' lang='lat' dir='ltr'>apertum</span> <span class='ocrx_word' id='word_1_304' title='bbox 1448 3125 1519 3196; x_wconf 90' lang='lat' dir='ltr'>est.</span> <span class='ocrx_word' id='word_1_305' title='bbox 1547 3123 1592 3193; x_wconf 93' lang='lat' dir='ltr'>ll.</span> <span class='ocrx_word' id='word_1_306' title='bbox 1608 3125 1762 3197; x_wconf 85' lang='lat' dir='ltr'>Locutus</span> <span class='ocrx_word' id='word_1_307' title='bbox 1788 3120 1856 3196; x_wconf 84' lang='lat' dir='ltr'>soit</span> <span class='ocrx_word' id='word_1_308' title='bbox 1872 3123 1917 3194; x_wconf 89' lang='lat' dir='ltr'>de</span> <span class='ocrx_word' id='word_1_309' title='bbox 1981 3196 1984 3202; x_wconf 69' lang='grc'><strong>,</strong></span> 
     </span>
     <span class='ocr_line' id='line_1_26' title="bbox 259 3212 1987 3303; baseline -0.003 -7"><span class='ocrx_word' id='word_1_310' title='bbox 259 3213 380 3291; x_wconf 75' lang='lat' dir='ltr'>versus</span> <span class='ocrx_word' id='word_1_311' title='bbox 396 3221 511 3303; x_wconf 75' lang='lat' dir='ltr'>,lesum</span> <span class='ocrx_word' id='word_1_312' title='bbox 542 3221 794 3299; x_wconf 74' lang='lat' dir='ltr'>tessimoniums</span> <span class='ocrx_word' id='word_1_313' title='bbox 819 3240 858 3296; x_wconf 92' lang='lat' dir='ltr'>ut</span> <span class='ocrx_word' id='word_1_314' title='bbox 878 3247 958 3296; x_wconf 88' lang='lat' dir='ltr'>eum</span> <span class='ocrx_word' id='word_1_315' title='bbox 973 3244 1067 3298; x_wconf 88' lang='lat' dir='ltr'>mor·</span> <span class='ocrx_word' id='word_1_316' title='bbox 1117 3245 1173 3294; x_wconf 90' lang='lat' dir='ltr'>me</span> <span class='ocrx_word' id='word_1_317' title='bbox 1198 3222 1304 3297; x_wconf 84' lang='lat' dir='ltr'>verba</span> <span class='ocrx_word' id='word_1_318' title='bbox 1327 3221 1516 3296; x_wconf 80' lang='lat' dir='ltr'>mendaciis</span> <span class='ocrx_word' id='word_1_319' title='bbox 1542 3221 1657 3300; x_wconf 85' lang='lat' dir='ltr'>verbis</span> <span class='ocrx_word' id='word_1_320' title='bbox 1684 3219 1755 3297; x_wconf 91' lang='lat' dir='ltr'>odii</span> <span class='ocrx_word' id='word_1_321' title='bbox 1771 3221 1918 3293; x_wconf 89' lang='lat' dir='ltr'>circum·</span> <span class='ocrx_word' id='word_1_322' title='bbox 1946 3212 1987 3291; x_wconf 80' lang='lat'>80</span> 
     </span>
     <span class='ocr_line' id='line_1_27' title="bbox 261 3313 1919 3417; baseline 0.002 -30"><span class='ocrx_word' id='word_1_323' title='bbox 261 3313 293 3388; x_wconf 89' lang='lat' dir='ltr'>ti</span> <span class='ocrx_word' id='word_1_324' title='bbox 325 3323 540 3396; x_wconf 83' lang='lat' dir='ltr'>traderentr</span> <span class='ocrx_word' id='word_1_325' title='bbox 576 3346 638 3397; x_wconf 90' lang='lat' dir='ltr'>nec</span> <span class='ocrx_word' id='word_1_326' title='bbox 668 3321 923 3396; x_wconf 86' lang='lat' dir='ltr'>inveniebant.</span> <span class='ocrx_word' id='word_1_327' title='bbox 959 3319 1064 3394; x_wconf 87' lang='lat' dir='ltr'>Multi</span> <span class='ocrx_word' id='word_1_328' title='bbox 1115 3319 1288 3393; x_wconf 90' lang='lat' dir='ltr'>dederunt</span> <span class='ocrx_word' id='word_1_329' title='bbox 1316 3347 1410 3398; x_wconf 85' lang='lat' dir='ltr'>mea</span> <span class='ocrx_word' id='word_1_330' title='bbox 1450 3325 1821 3417; x_wconf 54' lang='lat' dir='ltr'>&amp;expugnaverunt</span> <span class='ocrx_word' id='word_1_331' title='bbox 1863 3337 1919 3397; x_wconf 82' lang='lat' dir='ltr'>me</span> 
     </span>
     <span class='ocr_line' id='line_1_28' title="bbox 259 3408 1917 3518; baseline 0 -30"><span class='ocrx_word' id='word_1_332' title='bbox 259 3408 379 3488; x_wconf 82' lang='lat' dir='ltr'>salsum</span> <span class='ocrx_word' id='word_1_333' title='bbox 425 3420 656 3498; x_wconf 83' lang='lat' dir='ltr'>testimonium</span> <span class='ocrx_word' id='word_1_334' title='bbox 699 3418 859 3495; x_wconf 85' lang='lat' dir='ltr'>dicebant</span> <span class='ocrx_word' id='word_1_335' title='bbox 899 3419 1064 3496; x_wconf 82' lang='lat' dir='ltr'>adversus</span> <span class='ocrx_word' id='word_1_336' title='bbox 1115 3419 1253 3517; x_wconf 86' lang='lat' dir='ltr'>gratis.</span> <span class='ocrx_word' id='word_1_337' title='bbox 1281 3419 1430 3496; x_wconf 86' lang='lat' dir='ltr'>lll.l’ro</span> <span class='ocrx_word' id='word_1_338' title='bbox 1457 3447 1505 3497; x_wconf 92' lang='lat' dir='ltr'>eo</span> <span class='ocrx_word' id='word_1_339' title='bbox 1529 3423 1605 3518; x_wconf 91' lang='lat' dir='ltr'>quia</span> <span class='ocrx_word' id='word_1_340' title='bbox 1632 3444 1695 3496; x_wconf 86' lang='lat' dir='ltr'>eos</span> <span class='ocrx_word' id='word_1_341' title='bbox 1723 3415 1917 3515; x_wconf 84' lang='lat' dir='ltr'>diligebam</span> 
     </span>
     <span class='ocr_line' id='line_1_29' title="bbox 261 3516 1919 3619; baseline -0.001 -29"><span class='ocrx_word' id='word_1_342' title='bbox 261 3534 380 3584; x_wconf 79' lang='lat' dir='ltr'>eum:</span> <span class='ocrx_word' id='word_1_343' title='bbox 417 3521 454 3590; x_wconf 79' lang='lat' dir='ltr'>dr</span> <span class='ocrx_word' id='word_1_344' title='bbox 481 3516 731 3596; x_wconf 88' lang='lat' dir='ltr'>convenientia</span> <span class='ocrx_word' id='word_1_345' title='bbox 764 3517 958 3595; x_wconf 81' lang='lat' dir='ltr'>testimonia</span> <span class='ocrx_word' id='word_1_346' title='bbox 990 3541 1065 3594; x_wconf 90' lang='lat' dir='ltr'>non</span> <span class='ocrx_word' id='word_1_347' title='bbox 1117 3518 1414 3595; x_wconf 78' lang='lat' dir='ltr'>adversabantura</span> <span class='ocrx_word' id='word_1_348' title='bbox 1439 3545 1509 3619; x_wconf 87' lang='lat' dir='ltr'>ego</span> <span class='ocrx_word' id='word_1_349' title='bbox 1539 3539 1653 3594; x_wconf 88' lang='lat' dir='ltr'>autem</span> <span class='ocrx_word' id='word_1_350' title='bbox 1680 3517 1828 3593; x_wconf 85' lang='lat' dir='ltr'>orabam</span> <span class='ocrx_word' id='word_1_351' title='bbox 1849 3537 1919 3610; x_wconf 88' lang='lat' dir='ltr'>pro</span> 
     </span>
    </p>

    <p class='ocr_par' dir='ltr' id='par_1_11' title="bbox 181 3610 1991 4101">
     <span class='ocr_line' id='line_1_30' title="bbox 181 3610 1917 3704; baseline 0 -19"><span class='ocrx_word' id='word_1_352' title='bbox 181 3627 235 3704; x_wconf 80' lang='lat'>&#39;30</span> <span class='ocrx_word' id='word_1_353' title='bbox 263 3630 391 3684; x_wconf 89' lang='lat' dir='ltr'>erant.</span> <span class='ocrx_word' id='word_1_354' title='bbox 424 3617 622 3691; x_wconf 83' lang='lat' dir='ltr'>Noviffime</span> <span class='ocrx_word' id='word_1_355' title='bbox 650 3634 763 3695; x_wconf 85' lang='lat' dir='ltr'>autem</span> <span class='ocrx_word' id='word_1_356' title='bbox 789 3636 961 3691; x_wconf 88' lang='lat' dir='ltr'>venerunt</span> <span class='ocrx_word' id='word_1_357' title='bbox 991 3619 1069 3694; x_wconf 92' lang='lat' dir='ltr'>duo</span> <span class='ocrx_word' id='word_1_358' title='bbox 1117 3616 1208 3691; x_wconf 86' lang='lat' dir='ltr'>eir.</span> <span class='ocrx_word' id='word_1_359' title='bbox 1244 3617 1309 3689; x_wconf 91' lang='lat' dir='ltr'>IV.</span> <span class='ocrx_word' id='word_1_360' title='bbox 1321 3620 1514 3696; x_wconf 87' lang='lat' dir='ltr'>Posuerunt</span> <span class='ocrx_word' id='word_1_361' title='bbox 1543 3616 1725 3694; x_wconf 78' lang='lat' dir='ltr'>adversum.</span> <span class='ocrx_word' id='word_1_362' title='bbox 1747 3639 1804 3688; x_wconf 91' lang='lat' dir='ltr'>me</span> <span class='ocrx_word' id='word_1_363' title='bbox 1830 3610 1917 3688; x_wconf 91' lang='lat' dir='ltr'>mala</span> 
     </span>
     <span class='ocr_line' id='line_1_31' title="bbox 265 3705 1991 3814; baseline 0.001 -32"><span class='ocrx_word' id='word_1_364' title='bbox 265 3705 338 3782; x_wconf 85' lang='lat' dir='ltr'>salsi</span> <span class='ocrx_word' id='word_1_365' title='bbox 362 3714 490 3786; x_wconf 82' lang='lat' dir='ltr'>teslest</span> <span class='ocrx_word' id='word_1_366' title='bbox 516 3717 552 3787; x_wconf 83' lang='lat' dir='ltr'>dt</span> <span class='ocrx_word' id='word_1_367' title='bbox 571 3715 761 3790; x_wconf 74' lang='lat' dir='ltr'>dixerunt.</span> <span class='ocrx_word' id='word_1_368' title='bbox 784 3715 863 3791; x_wconf 89' lang='lat' dir='ltr'>Nos</span> <span class='ocrx_word' id='word_1_369' title='bbox 876 3715 1072 3792; x_wconf 76' lang='lat' dir='ltr'>audirimus</span> <span class='ocrx_word' id='word_1_370' title='bbox 1118 3741 1187 3814; x_wconf 93' lang='lat' dir='ltr'>pro</span> <span class='ocrx_word' id='word_1_371' title='bbox 1221 3715 1319 3790; x_wconf 91' lang='lat' dir='ltr'>bonis</span> <span class='ocrx_word' id='word_1_372' title='bbox 1350 3747 1360 3788; x_wconf 79' lang='lat' dir='ltr'>a</span> <span class='ocrx_word' id='word_1_373' title='bbox 1402 3724 1437 3795; x_wconf 78' lang='grc' dir='ltr'>δι</span> <span class='ocrx_word' id='word_1_374' title='bbox 1471 3719 1589 3793; x_wconf 89' lang='lat' dir='ltr'>odium</span> <span class='ocrx_word' id='word_1_375' title='bbox 1624 3740 1691 3812; x_wconf 90' lang='lat' dir='ltr'>pro</span> <span class='ocrx_word' id='word_1_376' title='bbox 1719 3710 1918 3788; x_wconf 72' lang='lat' dir='ltr'>delediione</span> <span class='ocrx_word' id='word_1_377' title='bbox 1950 3710 1991 3804; x_wconf 21' lang='lat'>85·</span> 
     </span>
     <span class='ocr_line' id='line_1_32' title="bbox 261 3810 1918 3914; baseline 0 -33"><span class='ocrx_word' id='word_1_378' title='bbox 261 3830 344 3881; x_wconf 90' lang='lat' dir='ltr'>eum</span> <span class='ocrx_word' id='word_1_379' title='bbox 369 3810 565 3887; x_wconf 84' lang='lat' dir='ltr'>dicentem.</span> <span class='ocrx_word' id='word_1_380' title='bbox 590 3815 670 3914; x_wconf 84' lang='lat' dir='ltr'>Ego</span> <span class='ocrx_word' id='word_1_381' title='bbox 689 3812 869 3893; x_wconf 85' lang='lat' dir='ltr'>dissolvam</span> <span class='ocrx_word' id='word_1_382' title='bbox 899 3812 1073 3912; x_wconf 86' lang='lat' dir='ltr'>templum</span> <span class='ocrx_word' id='word_1_383' title='bbox 1117 3838 1218 3892; x_wconf 89' lang='lat' dir='ltr'>mea.</span> <span class='ocrx_word' id='word_1_384' title='bbox 1244 3812 1480 3893; x_wconf 87' lang='lat' dir='ltr'>V.Constiruc</span> <span class='ocrx_word' id='word_1_385' title='bbox 1502 3815 1602 3912; x_wconf 89' lang='lat' dir='ltr'>super</span> <span class='ocrx_word' id='word_1_386' title='bbox 1625 3811 1918 3888; x_wconf 84' lang='lat' dir='ltr'>eumdiaboluma</span> 
     </span>
     <span class='ocr_line' id='line_1_33' title="bbox 262 3909 1919 4012; baseline -0.002 -30"><span class='ocrx_word' id='word_1_387' title='bbox 262 3910 514 3988; x_wconf 75' lang='lat' dir='ltr'>manufaiiumt</span> <span class='ocrx_word' id='word_1_388' title='bbox 541 3914 575 3988; x_wconf 90' lang='lat'>&amp;</span> <span class='ocrx_word' id='word_1_389' title='bbox 599 3913 837 4012; x_wconf 84' lang='lat' dir='ltr'>pertriduum</span> <span class='ocrx_word' id='word_1_390' title='bbox 863 3937 934 3990; x_wconf 91' lang='lat' dir='ltr'>non</span> <span class='ocrx_word' id='word_1_391' title='bbox 951 3938 1070 3990; x_wconf 86' lang='lat' dir='ltr'>manu·</span> <span class='ocrx_word' id='word_1_392' title='bbox 1118 3918 1155 3990; x_wconf 81' lang='lat' dir='ltr'>dt</span> <span class='ocrx_word' id='word_1_393' title='bbox 1184 3913 1303 3989; x_wconf 91' lang='lat' dir='ltr'>sathan</span> <span class='ocrx_word' id='word_1_394' title='bbox 1331 3918 1395 3992; x_wconf 86' lang='lat' dir='ltr'>siet</span> <span class='ocrx_word' id='word_1_395' title='bbox 1415 3942 1434 3990; x_wconf 93' lang='lat' dir='ltr'>a</span> <span class='ocrx_word' id='word_1_396' title='bbox 1458 3914 1596 3990; x_wconf 84' lang='lat' dir='ltr'>dextris</span> <span class='ocrx_word' id='word_1_397' title='bbox 1620 3918 1726 3999; x_wconf 79' lang='lat' dir='ltr'>eius.</span> <span class='ocrx_word' id='word_1_398' title='bbox 1746 3912 1810 3984; x_wconf 95' lang='lat' dir='ltr'>VI.</span> <span class='ocrx_word' id='word_1_399' title='bbox 1824 3909 1919 3981; x_wconf 88' lang='lat' dir='ltr'>Cum</span> 
     </span>
     <span class='ocr_line' id='line_1_34' title="bbox 262 4006 1920 4101; baseline -0.001 -20"><span class='ocrx_word' id='word_1_400' title='bbox 262 4007 391 4082; x_wconf 75' lang='lat' dir='ltr'>fadum</span> <span class='ocrx_word' id='word_1_401' title='bbox 419 4010 625 4089; x_wconf 87' lang='lat' dir='ltr'>edificabo.</span> <span class='ocrx_word' id='word_1_402' title='bbox 662 4013 707 4087; x_wconf 79' lang='lat' dir='ltr'>Et</span> <span class='ocrx_word' id='word_1_403' title='bbox 731 4036 804 4089; x_wconf 95' lang='lat' dir='ltr'>non</span> <span class='ocrx_word' id='word_1_404' title='bbox 834 4029 912 4089; x_wconf 87' lang='lat' dir='ltr'>erat</span> <span class='ocrx_word' id='word_1_405' title='bbox 938 4036 1072 4090; x_wconf 85' lang='lat' dir='ltr'>eonve-</span> <span class='ocrx_word' id='word_1_406' title='bbox 1116 4011 1292 4101; x_wconf 80' lang='lat' dir='ltr'>iudicatur</span> <span class='ocrx_word' id='word_1_407' title='bbox 1316 4036 1419 4090; x_wconf 85' lang='lat' dir='ltr'>exeat</span> <span class='ocrx_word' id='word_1_408' title='bbox 1442 4016 1718 4090; x_wconf 78' lang='lat' dir='ltr'>condemnatura</span> <span class='ocrx_word' id='word_1_409' title='bbox 1744 4011 1780 4083; x_wconf 79' lang='lat' dir='ltr'>dc</span> <span class='ocrx_word' id='word_1_410' title='bbox 1801 4006 1920 4081; x_wconf 91' lang='lat' dir='ltr'>oratio</span> 
     </span>
    </p>

    <p class='ocr_par' dir='ltr' id='par_1_12' title="bbox 183 4106 1996 4603">
     <span class='ocr_line' id='line_1_35' title="bbox 183 4106 1924 4212; baseline 0.001 -35"><span class='ocrx_word' id='word_1_411' title='bbox 183 4114 233 4198; x_wconf 72' lang='lat'>‘35</span> <span class='ocrx_word' id='word_1_412' title='bbox 265 4110 363 4180; x_wconf 86' lang='lat' dir='ltr'>niens</span> <span class='ocrx_word' id='word_1_413' title='bbox 406 4108 638 4188; x_wconf 81' lang='lat' dir='ltr'>tessimonium</span> <span class='ocrx_word' id='word_1_414' title='bbox 671 4108 853 4187; x_wconf 90' lang='lat' dir='ltr'>illorum.</span> <span class='ocrx_word' id='word_1_415' title='bbox 888 4115 1071 4212; x_wconf 82' lang='lat' dir='ltr'>Exurgena</span> <span class='ocrx_word' id='word_1_416' title='bbox 1118 4117 1195 4198; x_wconf 82' lang='lat' dir='ltr'>ejus</span> <span class='ocrx_word' id='word_1_417' title='bbox 1226 4114 1287 4185; x_wconf 89' lang='lat' dir='ltr'>fiat</span> <span class='ocrx_word' id='word_1_418' title='bbox 1317 4110 1350 4187; x_wconf 92' lang='lat' dir='ltr'>in</span> <span class='ocrx_word' id='word_1_419' title='bbox 1377 4133 1594 4212; x_wconf 90' lang='lat' dir='ltr'>peccatum.</span> <span class='ocrx_word' id='word_1_420' title='bbox 1632 4106 1780 4182; x_wconf 75' lang='lat' dir='ltr'>Vlt&#39;su</span> <span class='ocrx_word' id='word_1_421' title='bbox 1803 4122 1924 4183; x_wconf 86' lang='lat' dir='ltr'>autem</span> 
     </span>
     <span class='ocr_line' id='line_1_36' title="bbox 264 4206 1996 4299; baseline -0.003 -17"><span class='ocrx_word' id='word_1_422' title='bbox 264 4223 379 4282; x_wconf 90' lang='lat' dir='ltr'>autem</span> <span class='ocrx_word' id='word_1_423' title='bbox 404 4207 551 4283; x_wconf 90' lang='lat' dir='ltr'>summus</span> <span class='ocrx_word' id='word_1_424' title='bbox 580 4210 749 4283; x_wconf 84' lang='lat' dir='ltr'>Sacerdos</span> <span class='ocrx_word' id='word_1_425' title='bbox 780 4213 818 4284; x_wconf 88' lang='lat' dir='ltr'>in·</span> <span class='ocrx_word' id='word_1_426' title='bbox 841 4210 988 4291; x_wconf 75' lang='lat' dir='ltr'>medio-s</span> <span class='ocrx_word' id='word_1_427' title='bbox 1012 4211 1073 4285; x_wconf 80' lang='lat' dir='ltr'>di·</span> <span class='ocrx_word' id='word_1_428' title='bbox 1117 4210 1272 4283; x_wconf 87' lang='lat' dir='ltr'>Domine</span> <span class='ocrx_word' id='word_1_429' title='bbox 1302 4209 1511 4288; x_wconf 85' lang='lat' dir='ltr'>sacmecum</span> <span class='ocrx_word' id='word_1_430' title='bbox 1539 4206 1804 4286; x_wconf 87' lang='lat' dir='ltr'>misericordiam</span> <span class='ocrx_word' id='word_1_431' title='bbox 1833 4228 1920 4299; x_wconf 87' lang='lat' dir='ltr'>pro·</span> <span class='ocrx_word' id='word_1_432' title='bbox 1950 4218 1996 4293; x_wconf 77' lang='lat'>90</span> 
     </span>
     <span class='ocr_line' id='line_1_37' title="bbox 263 4302 1921 4406; baseline 0.001 -26"><span class='ocrx_word' id='word_1_433' title='bbox 263 4304 319 4380; x_wconf 80' lang='lat' dir='ltr'>xit</span> <span class='ocrx_word' id='word_1_434' title='bbox 340 4304 382 4377; x_wconf 90' lang='lat' dir='ltr'>ad</span> <span class='ocrx_word' id='word_1_435' title='bbox 399 4306 510 4385; x_wconf 85' lang='lat' dir='ltr'>lesum</span> <span class='ocrx_word' id='word_1_436' title='bbox 533 4354 544 4377; x_wconf 91' lang='lat'>.</span> <span class='ocrx_word' id='word_1_437' title='bbox 570 4309 654 4384; x_wconf 91' lang='lat' dir='ltr'>Non</span> <span class='ocrx_word' id='word_1_438' title='bbox 675 4305 868 4400; x_wconf 86' lang='lat' dir='ltr'>respondes</span> <span class='ocrx_word' id='word_1_439' title='bbox 888 4306 1073 4404; x_wconf 87' lang='lat' dir='ltr'>quicquam</span> <span class='ocrx_word' id='word_1_440' title='bbox 1120 4324 1201 4406; x_wconf 88' lang='lat' dir='ltr'>pter</span> <span class='ocrx_word' id='word_1_441' title='bbox 1228 4330 1358 4383; x_wconf 89' lang='lat' dir='ltr'>nomen</span> <span class='ocrx_word' id='word_1_442' title='bbox 1380 4329 1500 4388; x_wconf 78' lang='lat' dir='ltr'>tnumr</span> <span class='ocrx_word' id='word_1_443' title='bbox 1525 4310 1603 4404; x_wconf 86' lang='lat' dir='ltr'>quia</span> <span class='ocrx_word' id='word_1_444' title='bbox 1633 4305 1746 4384; x_wconf 84' lang='lat' dir='ltr'>suavis</span> <span class='ocrx_word' id='word_1_445' title='bbox 1776 4302 1825 4377; x_wconf 88' lang='lat' dir='ltr'>esl</span> <span class='ocrx_word' id='word_1_446' title='bbox 1852 4302 1921 4381; x_wconf 82' lang='lat' dir='ltr'>mi·</span> 
     </span>
     <span class='ocr_line' id='line_1_38' title="bbox 263 4402 1641 4501; baseline 0 -21"><span class='ocrx_word' id='word_1_447' title='bbox 263 4403 306 4480; x_wconf 81' lang='lat' dir='ltr'>ad</span> <span class='ocrx_word' id='word_1_448' title='bbox 335 4425 375 4476; x_wconf 91' lang='lat' dir='ltr'>ea</span> <span class='ocrx_word' id='word_1_449' title='bbox 392 4428 487 4501; x_wconf 77' lang='lat' dir='ltr'>tque·</span> <span class='ocrx_word' id='word_1_450' title='bbox 502 4403 564 4478; x_wconf 88' lang='lat' dir='ltr'>tibi</span> <span class='ocrx_word' id='word_1_451' title='bbox 580 4403 794 4493; x_wconf 85' lang='lat' dir='ltr'>objiciuntur</span> <span class='ocrx_word' id='word_1_452' title='bbox 822 4408 869 4481; x_wconf 93' lang='lat' dir='ltr'>ab</span> <span class='ocrx_word' id='word_1_453' title='bbox 891 4406 979 4480; x_wconf 76' lang='lat' dir='ltr'>hiae</span> <span class='ocrx_word' id='word_1_454' title='bbox 1004 4404 1070 4481; x_wconf 90' lang='lat' dir='ltr'>Ille.</span> <span class='ocrx_word' id='word_1_455' title='bbox 1118 4402 1310 4482; x_wconf 86' lang='lat' dir='ltr'>sericosdia</span> <span class='ocrx_word' id='word_1_456' title='bbox 1329 4426 1391 4484; x_wconf 91' lang='lat' dir='ltr'>tua</span> <span class='ocrx_word' id='word_1_457' title='bbox 1423 4407 1532 4484; x_wconf 89' lang='lat' dir='ltr'>libera</span> <span class='ocrx_word' id='word_1_458' title='bbox 1554 4432 1641 4481; x_wconf 89' lang='lat' dir='ltr'>me.</span> 
     </span>
     <span class='ocr_line' id='line_1_39' title="bbox 265 4494 1922 4603; baseline 0 -26"><span class='ocrx_word' id='word_1_459' title='bbox 265 4519 383 4577; x_wconf 88' lang='lat' dir='ltr'>autem</span> <span class='ocrx_word' id='word_1_460' title='bbox 410 4507 574 4580; x_wconf 83' lang='lat' dir='ltr'>tacebata</span> <span class='ocrx_word' id='word_1_461' title='bbox 600 4508 636 4580; x_wconf 72' lang='grc' dir='ltr'>ἂ</span> <span class='ocrx_word' id='word_1_462' title='bbox 662 4499 746 4576; x_wconf 88' lang='lat' dir='ltr'>nihil</span> <span class='ocrx_word' id='word_1_463' title='bbox 776 4503 979 4603; x_wconf 88' lang='lat' dir='ltr'>respondit.</span> <span class='ocrx_word' id='word_1_464' title='bbox 1005 4507 1076 4582; x_wconf 86' lang='lat' dir='ltr'>Di·</span> <span class='ocrx_word' id='word_1_465' title='bbox 1168 4500 1360 4587; x_wconf 66' lang='lat' dir='ltr'>fallatiae</span> <span class='ocrx_word' id='word_1_466' title='bbox 1392 4510 1549 4582; x_wconf 78' lang='lat' dir='ltr'>Sacerdos</span> <span class='ocrx_word' id='word_1_467' title='bbox 1580 4501 1710 4600; x_wconf 75' lang='lat' dir='ltr'>Miffiam</span> <span class='ocrx_word' id='word_1_468' title='bbox 1747 4494 1922 4576; x_wconf 74' lang='lat' dir='ltr'>celebrans</span> 
     </span>
    </p>

    <p class='ocr_par' dir='ltr' id='par_1_13' title="bbox 183 4601 1993 5087">
     <span class='ocr_line' id='line_1_40' title="bbox 183 4601 1922 4702; baseline 0.001 -28"><span class='ocrx_word' id='word_1_469' title='bbox 183 4613 236 4694; x_wconf 69' lang='grc' dir='ltr'>’4ο</span> <span class='ocrx_word' id='word_1_470' title='bbox 267 4601 388 4697; x_wconf 84' lang='lat' dir='ltr'>aitque</span> <span class='ocrx_word' id='word_1_471' title='bbox 414 4602 448 4677; x_wconf 90' lang='lat' dir='ltr'>ei</span> <span class='ocrx_word' id='word_1_472' title='bbox 474 4603 624 4681; x_wconf 86' lang='lat' dir='ltr'>summos</span> <span class='ocrx_word' id='word_1_473' title='bbox 646 4601 842 4678; x_wconf 83' lang='lat' dir='ltr'>Sacerdos.</span> <span class='ocrx_word' id='word_1_474' title='bbox 865 4606 1007 4692; x_wconf 80' lang='lat' dir='ltr'>Adiuro</span> <span class='ocrx_word' id='word_1_475' title='bbox 1032 4601 1073 4682; x_wconf 81' lang='lat' dir='ltr'>r‘e</span> <span class='ocrx_word' id='word_1_476' title='bbox 1118 4604 1264 4702; x_wconf 85' lang='lat' dir='ltr'>accipiat</span> <span class='ocrx_word' id='word_1_477' title='bbox 1291 4605 1375 4678; x_wconf 83' lang='lat' dir='ltr'>duas</span> <span class='ocrx_word' id='word_1_478' title='bbox 1400 4601 1547 4689; x_wconf 73' lang='lat' dir='ltr'>hostio:</span> <span class='ocrx_word' id='word_1_479' title='bbox 1573 4625 1674 4678; x_wconf 79' lang='lat' dir='ltr'>unam</span> <span class='ocrx_word' id='word_1_480' title='bbox 1692 4605 1733 4677; x_wconf 84' lang='lat' dir='ltr'>de</span> <span class='ocrx_word' id='word_1_481' title='bbox 1751 4620 1922 4695; x_wconf 71' lang='lat' dir='ltr'>quacum·</span> 
     </span>
     <span class='ocr_line' id='line_1_41' title="bbox 263 4698 1993 4800; baseline -0.003 -25"><span class='ocrx_word' id='word_1_482' title='bbox 263 4725 329 4800; x_wconf 86' lang='lat' dir='ltr'>per</span> <span class='ocrx_word' id='word_1_483' title='bbox 359 4703 473 4778; x_wconf 90' lang='lat' dir='ltr'>Deum</span> <span class='ocrx_word' id='word_1_484' title='bbox 499 4704 645 4777; x_wconf 82' lang='lat' dir='ltr'>vivum:</span> <span class='ocrx_word' id='word_1_485' title='bbox 670 4720 710 4777; x_wconf 85' lang='lat' dir='ltr'>ur</span> <span class='ocrx_word' id='word_1_486' title='bbox 740 4701 832 4776; x_wconf 86' lang='lat' dir='ltr'>dicas</span> <span class='ocrx_word' id='word_1_487' title='bbox 863 4704 963 4777; x_wconf 88' lang='lat' dir='ltr'>nobis</span> <span class='ocrx_word' id='word_1_488' title='bbox 986 4704 1072 4779; x_wconf 87' lang='lat' dir='ltr'>fitu</span> <span class='ocrx_word' id='word_1_489' title='bbox 1119 4705 1303 4776; x_wconf 78' lang='lat' dir='ltr'>manirera</span> <span class='ocrx_word' id='word_1_490' title='bbox 1341 4708 1387 4780; x_wconf 64' lang='lat' dir='ltr'>ei*</span> <span class='ocrx_word' id='word_1_491' title='bbox 1415 4701 1522 4776; x_wconf 80' lang='lat' dir='ltr'>aliam</span> <span class='ocrx_word' id='word_1_492' title='bbox 1549 4703 1594 4774; x_wconf 88' lang='lat' dir='ltr'>ad</span> <span class='ocrx_word' id='word_1_493' title='bbox 1620 4698 1859 4791; x_wconf 77' lang='lat' dir='ltr'>reservandam</span> <span class='ocrx_word' id='word_1_494' title='bbox 1884 4699 1922 4770; x_wconf 81' lang='lat' dir='ltr'>iar</span> <span class='ocrx_word' id='word_1_495' title='bbox 1951 4707 1993 4784; x_wconf 88' lang='lat'>95</span> 
     </span>
     <span class='ocr_line' id='line_1_42' title="bbox 266 4795 1922 4890; baseline -0.005 -16"><span class='ocrx_word' id='word_1_496' title='bbox 266 4826 305 4874; x_wconf 87' lang='lat' dir='ltr'>es</span> <span class='ocrx_word' id='word_1_497' title='bbox 333 4799 489 4875; x_wconf 86' lang='lat' dir='ltr'>Christus</span> <span class='ocrx_word' id='word_1_498' title='bbox 516 4801 607 4874; x_wconf 83' lang='lat' dir='ltr'>filius</span> <span class='ocrx_word' id='word_1_499' title='bbox 634 4801 732 4874; x_wconf 85' lang='lat' dir='ltr'>Dei?</span> <span class='ocrx_word' id='word_1_500' title='bbox 756 4800 860 4878; x_wconf 85' lang='lat' dir='ltr'>Dixit</span> <span class='ocrx_word' id='word_1_501' title='bbox 887 4798 935 4876; x_wconf 92' lang='lat' dir='ltr'>illi</span> <span class='ocrx_word' id='word_1_502' title='bbox 956 4799 1074 4887; x_wconf 81' lang='lat' dir='ltr'>Jesusr</span> <span class='ocrx_word' id='word_1_503' title='bbox 1119 4817 1327 4875; x_wconf 81' lang='lat' dir='ltr'>monumenta</span> <span class='ocrx_word' id='word_1_504' title='bbox 1352 4805 1387 4875; x_wconf 85' lang='lat' dir='ltr'>ia</span> <span class='ocrx_word' id='word_1_505' title='bbox 1410 4797 1612 4886; x_wconf 80' lang='lat' dir='ltr'>crastinumr</span> <span class='ocrx_word' id='word_1_506' title='bbox 1637 4805 1683 4875; x_wconf 71' lang='lat' dir='ltr'>es</span> <span class='ocrx_word' id='word_1_507' title='bbox 1708 4795 1922 4890; x_wconf 77' lang='lat' dir='ltr'>accipiatur·-</span> 
     </span>
     <span class='ocr_line' id='line_1_43' title="bbox 266 4891 1922 4997; baseline -0.005 -23"><span class='ocrx_word' id='word_1_508' title='bbox 266 4901 322 4974; x_wconf 75' lang='lat' dir='ltr'>&#39;th</span> <span class='ocrx_word' id='word_1_509' title='bbox 352 4898 463 4973; x_wconf 86' lang='lat' dir='ltr'>dixisii</span> <span class='ocrx_word' id='word_1_510' title='bbox 504 4948 516 4970; x_wconf 92' lang='lat'>.</span> <span class='ocrx_word' id='word_1_511' title='bbox 551 4903 795 4974; x_wconf 85' lang='lat' dir='ltr'>Verumtamen</span> <span class='ocrx_word' id='word_1_512' title='bbox 833 4901 921 4975; x_wconf 88' lang='lat' dir='ltr'>dico</span> <span class='ocrx_word' id='word_1_513' title='bbox 944 4901 1075 4977; x_wconf 79' lang='lat' dir='ltr'>vobisa</span> <span class='ocrx_word' id='word_1_514' title='bbox 1119 4921 1203 4973; x_wconf 83' lang='lat' dir='ltr'>nam</span> <span class='ocrx_word' id='word_1_515' title='bbox 1245 4905 1291 4976; x_wconf 61' lang='grc' dir='ltr'>ό*</span> <span class='ocrx_word' id='word_1_516' title='bbox 1324 4920 1448 4997; x_wconf 85' lang='lat' dir='ltr'>aquam</span> <span class='ocrx_word' id='word_1_517' title='bbox 1491 4903 1541 4976; x_wconf 66' lang='grc' dir='ltr'>Θ*</span> <span class='ocrx_word' id='word_1_518' title='bbox 1579 4897 1703 4993; x_wconf 71' lang='lat' dir='ltr'>offirar</span> <span class='ocrx_word' id='word_1_519' title='bbox 1729 4891 1820 4985; x_wconf 75' lang='lat' dir='ltr'>ficut</span> <span class='ocrx_word' id='word_1_520' title='bbox 1849 4916 1922 4968; x_wconf 85' lang='lat' dir='ltr'>mos</span> 
     </span>
     <span class='ocr_line' id='line_1_44' title="bbox 268 4992 1924 5087; baseline -0.005 -15"><span class='ocrx_word' id='word_1_521' title='bbox 268 5001 392 5072; x_wconf 88' lang='lat' dir='ltr'>amodo</span> <span class='ocrx_word' id='word_1_522' title='bbox 422 4997 585 5072; x_wconf 87' lang='lat' dir='ltr'>videbitis</span> <span class='ocrx_word' id='word_1_523' title='bbox 630 4996 735 5070; x_wconf 83' lang='lat' dir='ltr'>tilium</span> <span class='ocrx_word' id='word_1_524' title='bbox 767 4999 917 5075; x_wconf 88' lang='lat' dir='ltr'>hominis</span> <span class='ocrx_word' id='word_1_525' title='bbox 947 4998 1072 5077; x_wconf 86' lang='lat' dir='ltr'>seden·</span> <span class='ocrx_word' id='word_1_526' title='bbox 1120 4992 1190 5080; x_wconf 77' lang='lat' dir='ltr'>eli.</span> <span class='ocrx_word' id='word_1_527' title='bbox 1224 4997 1354 5071; x_wconf 82' lang='lat' dir='ltr'>Deinde</span> <span class='ocrx_word' id='word_1_528' title='bbox 1372 4996 1490 5086; x_wconf 68' lang='lat' dir='ltr'>farciat</span> <span class='ocrx_word' id='word_1_529' title='bbox 1515 4993 1606 5067; x_wconf 86' lang='lat' dir='ltr'>alias·</span> <span class='ocrx_word' id='word_1_530' title='bbox 1630 4992 1828 5070; x_wconf 74' lang='lat' dir='ltr'>cerimonias</span> <span class='ocrx_word' id='word_1_531' title='bbox 1854 5011 1924 5087; x_wconf 82' lang='lat' dir='ltr'>que</span> 
     </span>
    </p>

    <p class='ocr_par' dir='ltr' id='par_1_14' title="bbox 186 5086 2010 5583">
     <span class='ocr_line' id='line_1_45' title="bbox 186 5086 1923 5190; baseline -0.005 -19"><span class='ocrx_word' id='word_1_532' title='bbox 186 5107 235 5182; x_wconf 66' lang='lat'>45</span> <span class='ocrx_word' id='word_1_533' title='bbox 268 5115 340 5172; x_wconf 90' lang='lat' dir='ltr'>tem</span> <span class='ocrx_word' id='word_1_534' title='bbox 367 5122 387 5169; x_wconf 90' lang='lat' dir='ltr'>a</span> <span class='ocrx_word' id='word_1_535' title='bbox 410 5097 545 5169; x_wconf 86' lang='lat' dir='ltr'>dextris</span> <span class='ocrx_word' id='word_1_536' title='bbox 569 5097 707 5170; x_wconf 88' lang='lat' dir='ltr'>virtutis</span> <span class='ocrx_word' id='word_1_537' title='bbox 734 5096 829 5169; x_wconf 83' lang='lat' dir='ltr'>Dei:</span> <span class='ocrx_word' id='word_1_538' title='bbox 865 5099 902 5171; x_wconf 71' lang='lat' dir='ltr'>St</span> <span class='ocrx_word' id='word_1_539' title='bbox 923 5099 1074 5178; x_wconf 81' lang='lat' dir='ltr'>venien·</span> <span class='ocrx_word' id='word_1_540' title='bbox 1112 5092 1196 5181; x_wconf 75' lang='lat' dir='ltr'>fieri</span> <span class='ocrx_word' id='word_1_541' title='bbox 1222 5093 1345 5187; x_wconf 77' lang='lat' dir='ltr'>solers</span> <span class='ocrx_word' id='word_1_542' title='bbox 1393 5092 1432 5163; x_wconf 86' lang='lat' dir='ltr'>in·</span> <span class='ocrx_word' id='word_1_543' title='bbox 1476 5090 1556 5166; x_wconf 88' lang='lat' dir='ltr'>aliis</span> <span class='ocrx_word' id='word_1_544' title='bbox 1593 5089 1745 5165; x_wconf 85' lang='lat' dir='ltr'>diebus.</span> <span class='ocrx_word' id='word_1_545' title='bbox 1786 5086 1923 5190; x_wconf 77' lang='lat' dir='ltr'>Qibce</span> 
     </span>
     <span class='ocr_line' id='line_1_46' title="bbox 267 5184 2010 5285; baseline -0.005 -18"><span class='ocrx_word' id='word_1_546' title='bbox 267 5214 339 5273; x_wconf 84' lang='lat' dir='ltr'>rem</span> <span class='ocrx_word' id='word_1_547' title='bbox 365 5192 400 5265; x_wconf 92' lang='lat' dir='ltr'>in</span> <span class='ocrx_word' id='word_1_548' title='bbox 428 5193 578 5266; x_wconf 90' lang='lat' dir='ltr'>nubibus</span> <span class='ocrx_word' id='word_1_549' title='bbox 604 5190 696 5267; x_wconf 90' lang='lat' dir='ltr'>celi.</span> <span class='ocrx_word' id='word_1_550' title='bbox 720 5192 817 5268; x_wconf 87' lang='lat' dir='ltr'>Tunc</span> <span class='ocrx_word' id='word_1_551' title='bbox 843 5197 988 5274; x_wconf 83' lang='lat' dir='ltr'>summus</span> <span class='ocrx_word' id='word_1_552' title='bbox 1005 5203 1072 5274; x_wconf 84' lang='lat' dir='ltr'>Sa·</span> <span class='ocrx_word' id='word_1_553' title='bbox 1113 5192 1219 5285; x_wconf 61' lang='lat' dir='ltr'>feudiis</span> <span class='ocrx_word' id='word_1_554' title='bbox 1250 5191 1387 5266; x_wconf 83' lang='lat' dir='ltr'>inclinet</span> <span class='ocrx_word' id='word_1_555' title='bbox 1406 5192 1452 5283; x_wconf 87' lang='lat' dir='ltr'>Je</span> <span class='ocrx_word' id='word_1_556' title='bbox 1478 5190 1637 5264; x_wconf 83' lang='lat' dir='ltr'>Sacerdos</span> <span class='ocrx_word' id='word_1_557' title='bbox 1654 5184 1785 5282; x_wconf 74' lang='lat' dir='ltr'>junilis</span> <span class='ocrx_word' id='word_1_558' title='bbox 1813 5189 1921 5260; x_wconf 77' lang='lat' dir='ltr'>mmai·</span> <span class='ocrx_word' id='word_1_559' title='bbox 1956 5193 2010 5258; x_wconf 80' lang='lat'>100</span> 
     </span>
     <span class='ocr_line' id='line_1_47' title="bbox 266 5284 1923 5374; baseline -0.008 -5"><span class='ocrx_word' id='word_1_560' title='bbox 266 5293 390 5369; x_wconf 87' lang='lat' dir='ltr'>terdos</span> <span class='ocrx_word' id='word_1_561' title='bbox 430 5291 584 5363; x_wconf 88' lang='lat' dir='ltr'>scindens</span> <span class='ocrx_word' id='word_1_562' title='bbox 626 5290 829 5365; x_wconf 88' lang='lat' dir='ltr'>vestimenta</span> <span class='ocrx_word' id='word_1_563' title='bbox 864 5293 958 5368; x_wconf 79' lang='lat' dir='ltr'>suaa</span> <span class='ocrx_word' id='word_1_564' title='bbox 997 5297 1076 5371; x_wconf 77' lang='lat' dir='ltr'>ait.</span> <span class='ocrx_word' id='word_1_565' title='bbox 1120 5285 1186 5367; x_wconf 76' lang='lat' dir='ltr'>bae</span> <span class='ocrx_word' id='word_1_566' title='bbox 1208 5295 1255 5366; x_wconf 57' lang='grc' dir='ltr'>(θ’</span> <span class='ocrx_word' id='word_1_567' title='bbox 1281 5291 1402 5362; x_wconf 61' lang='lat' dir='ltr'>dabat.</span> <span class='ocrx_word' id='word_1_568' title='bbox 1435 5288 1623 5374; x_wconf 81' lang='lat' dir='ltr'>Adiuvate</span> <span class='ocrx_word' id='word_1_569' title='bbox 1651 5310 1703 5359; x_wconf 91' lang='lat' dir='ltr'>me</span> <span class='ocrx_word' id='word_1_570' title='bbox 1731 5284 1923 5359; x_wconf 81' lang='lat' dir='ltr'>haeresin</span> 
     </span>
     <span class='ocr_line' id='line_1_48' title="bbox 267 5379 1924 5485; baseline -0.008 -17"><span class='ocrx_word' id='word_1_571' title='bbox 267 5394 362 5485; x_wconf 73' lang='lat' dir='ltr'>Quid</span> <span class='ocrx_word' id='word_1_572' title='bbox 399 5391 512 5463; x_wconf 88' lang='lat' dir='ltr'>adhue</span> <span class='ocrx_word' id='word_1_573' title='bbox 539 5388 768 5467; x_wconf 75' lang='lat' dir='ltr'>desderamus</span> <span class='ocrx_word' id='word_1_574' title='bbox 799 5387 947 5461; x_wconf 73' lang='lat' dir='ltr'>relies?</span> <span class='ocrx_word' id='word_1_575' title='bbox 980 5395 1069 5464; x_wconf 81' lang='lat' dir='ltr'>Ecce</span> <span class='ocrx_word' id='word_1_576' title='bbox 1119 5384 1336 5462; x_wconf 87' lang='lat' dir='ltr'>orationibus</span> <span class='ocrx_word' id='word_1_577' title='bbox 1360 5383 1509 5461; x_wconf 80' lang='lat' dir='ltr'>veslrise</span> <span class='ocrx_word' id='word_1_578' title='bbox 1530 5389 1567 5462; x_wconf 76' lang='grc' dir='ltr'>δι</span> <span class='ocrx_word' id='word_1_579' title='bbox 1590 5403 1690 5461; x_wconf 89' lang='lat' dir='ltr'>orate</span> <span class='ocrx_word' id='word_1_580' title='bbox 1710 5407 1784 5480; x_wconf 89' lang='lat' dir='ltr'>pro</span> <span class='ocrx_word' id='word_1_581' title='bbox 1802 5405 1861 5456; x_wconf 88' lang='lat' dir='ltr'>me</span> <span class='ocrx_word' id='word_1_582' title='bbox 1878 5379 1924 5457; x_wconf 92' lang='lat' dir='ltr'>ad</span> 
     </span>
     <span class='ocr_line' id='line_1_49' title="bbox 267 5481 1260 5583; baseline -0.006 -20"><span class='ocrx_word' id='word_1_583' title='bbox 267 5512 356 5565; x_wconf 81' lang='lat' dir='ltr'>nrrnc</span> <span class='ocrx_word' id='word_1_584' title='bbox 385 5489 502 5563; x_wconf 83' lang='lat' dir='ltr'>audisti</span> <span class='ocrx_word' id='word_1_585' title='bbox 532 5486 770 5583; x_wconf 86' lang='lat' dir='ltr'>blasphemiam</span> <span class='ocrx_word' id='word_1_586' title='bbox 799 5517 808 5558; x_wconf 82' lang='lat' dir='ltr'>r</span> <span class='ocrx_word' id='word_1_587' title='bbox 843 5485 941 5571; x_wconf 87' lang='lat' dir='ltr'>Quid</span> <span class='ocrx_word' id='word_1_588' title='bbox 964 5489 1071 5565; x_wconf 82' lang='lat' dir='ltr'>vobis</span> <span class='ocrx_word' id='word_1_589' title='bbox 1117 5481 1260 5562; x_wconf 90' lang='lat' dir='ltr'>Deum.</span> 
     </span>
    </p>

    <p class='ocr_par' dir='ltr' id='par_1_15' title="bbox 186 5580 2010 6089">
     <span class='ocr_line' id='line_1_50' title="bbox 186 5580 1929 5685; baseline -0.004 -20"><span class='ocrx_word' id='word_1_590' title='bbox 186 5603 236 5685; x_wconf 63' lang='grc' dir='ltr'>,ο</span> <span class='ocrx_word' id='word_1_591' title='bbox 267 5588 408 5667; x_wconf 84' lang='lat' dir='ltr'>videtur</span> <span class='ocrx_word' id='word_1_592' title='bbox 438 5591 454 5657; x_wconf 80' lang='lat' dir='ltr'>i</span> <span class='ocrx_word' id='word_1_593' title='bbox 492 5592 542 5661; x_wconf 83' lang='lat' dir='ltr'>At</span> <span class='ocrx_word' id='word_1_594' title='bbox 579 5584 628 5659; x_wconf 90' lang='lat' dir='ltr'>illi</span> <span class='ocrx_word' id='word_1_595' title='bbox 670 5587 868 5661; x_wconf 78' lang='lat' dir='ltr'>dixerunt.</span> <span class='ocrx_word' id='word_1_596' title='bbox 902 5586 998 5660; x_wconf 89' lang='lat' dir='ltr'>Reus</span> <span class='ocrx_word' id='word_1_597' title='bbox 1020 5587 1070 5662; x_wconf 86' lang='lat' dir='ltr'>esi</span> <span class='ocrx_word' id='word_1_598' title='bbox 1167 5586 1290 5658; x_wconf 70' lang='lat' dir='ltr'>chorus</span> <span class='ocrx_word' id='word_1_599' title='bbox 1312 5580 1538 5680; x_wconf 76' lang='lat' dir='ltr'>respondeat.</span> <span class='ocrx_word' id='word_1_600' title='bbox 1567 5583 1727 5669; x_wconf 78' lang='lat' dir='ltr'>Adiuvet</span> <span class='ocrx_word' id='word_1_601' title='bbox 1753 5600 1792 5659; x_wconf 93' lang='lat' dir='ltr'>te</span> <span class='ocrx_word' id='word_1_602' title='bbox 1818 5585 1929 5661; x_wconf 85' lang='lat' dir='ltr'>Pater</span> 
     </span>
     <span class='ocr_line' id='line_1_51' title="bbox 266 5679 2010 5783; baseline -0.003 -17"><span class='ocrx_word' id='word_1_603' title='bbox 266 5688 418 5765; x_wconf 84' lang='lat' dir='ltr'>mortis.</span> <span class='ocrx_word' id='word_1_604' title='bbox 441 5687 539 5760; x_wconf 88' lang='lat' dir='ltr'>Tunc</span> <span class='ocrx_word' id='word_1_605' title='bbox 565 5705 760 5783; x_wconf 79' lang='lat' dir='ltr'>expuerunt</span> <span class='ocrx_word' id='word_1_606' title='bbox 786 5686 820 5760; x_wconf 90' lang='lat' dir='ltr'>in</span> <span class='ocrx_word' id='word_1_607' title='bbox 837 5684 959 5761; x_wconf 86' lang='lat' dir='ltr'>satiem</span> <span class='ocrx_word' id='word_1_608' title='bbox 976 5688 1077 5770; x_wconf 71' lang='lat' dir='ltr'>eius.-</span> <span class='ocrx_word' id='word_1_609' title='bbox 1123 5681 1286 5760; x_wconf 87' lang='lat' dir='ltr'>&amp;Filius</span> <span class='ocrx_word' id='word_1_610' title='bbox 1308 5683 1344 5756; x_wconf 79' lang='lat' dir='ltr'>dt</span> <span class='ocrx_word' id='word_1_611' title='bbox 1357 5681 1662 5781; x_wconf 73' lang='lat' dir='ltr'>Spiritus-Sanum</span> <span class='ocrx_word' id='word_1_612' title='bbox 1678 5732 1694 5757; x_wconf 90' lang='lat'>.</span> <span class='ocrx_word' id='word_1_613' title='bbox 1958 5679 2010 5760; x_wconf 83' lang='lat'>105</span> 
     </span>
     <span class='ocr_line' id='line_1_52' title="bbox 260 5779 1071 5880; baseline -0.002 -19"><span class='ocrx_word' id='word_1_614' title='bbox 260 5790 299 5865; x_wconf 78' lang='lat' dir='ltr'>de</span> <span class='ocrx_word' id='word_1_615' title='bbox 323 5782 478 5880; x_wconf 83' lang='lat' dir='ltr'>colaphis</span> <span class='ocrx_word' id='word_1_616' title='bbox 505 5807 582 5858; x_wconf 90' lang='lat' dir='ltr'>eum</span> <span class='ocrx_word' id='word_1_617' title='bbox 615 5788 812 5860; x_wconf 89' lang='lat' dir='ltr'>cederunt.</span> <span class='ocrx_word' id='word_1_618' title='bbox 840 5785 886 5858; x_wconf 83' lang='lat' dir='ltr'>Et</span> <span class='ocrx_word' id='word_1_619' title='bbox 913 5779 1071 5860; x_wconf 85' lang='lat' dir='ltr'>velantes</span> 
     </span>
     <span class='ocr_line' id='line_1_53' title="bbox 257 5878 1589 5980; baseline -0.008 -14"><span class='ocrx_word' id='word_1_620' title='bbox 257 5885 405 5967; x_wconf 80' lang='lat' dir='ltr'>sasicnss</span> <span class='ocrx_word' id='word_1_621' title='bbox 432 5881 537 5980; x_wconf 83' lang='lat' dir='ltr'>alapis</span> <span class='ocrx_word' id='word_1_622' title='bbox 559 5907 639 5956; x_wconf 87' lang='lat' dir='ltr'>eum</span> <span class='ocrx_word' id='word_1_623' title='bbox 664 5885 847 5960; x_wconf 83' lang='lat' dir='ltr'>cedebant</span> <span class='ocrx_word' id='word_1_624' title='bbox 870 5909 881 5950; x_wconf 76' lang='grc' dir='ltr'><strong><em>ε</em></strong></span> <span class='ocrx_word' id='word_1_625' title='bbox 917 5884 954 5959; x_wconf 77' lang='lat' dir='ltr'>dc</span> <span class='ocrx_word' id='word_1_626' title='bbox 974 5883 1071 5958; x_wconf 87' lang='lat' dir='ltr'>dice·</span> <span class='ocrx_word' id='word_1_627' title='bbox 1173 5879 1297 5975; x_wconf 69' lang='lat' dir='ltr'>vallea</span> <span class='ocrx_word' id='word_1_628' title='bbox 1317 5880 1415 5975; x_wconf 84' lang='lat' dir='ltr'>dicar</span> <span class='ocrx_word' id='word_1_629' title='bbox 1434 5878 1589 5957; x_wconf 74' lang='lat' dir='ltr'>choraea</span> 
     </span>
     <span class='ocr_line' id='line_1_54' title="bbox 257 5980 1082 6089; baseline -0.001 -25"><span class='ocrx_word' id='word_1_630' title='bbox 257 5986 375 6065; x_wconf 78' lang='lat' dir='ltr'>bant·</span> <span class='ocrx_word' id='word_1_631' title='bbox 404 5981 621 6083; x_wconf 81' lang='lat' dir='ltr'>Prophetiza</span> <span class='ocrx_word' id='word_1_632' title='bbox 645 5983 760 6065; x_wconf 82' lang='lat' dir='ltr'>nobis</span> <span class='ocrx_word' id='word_1_633' title='bbox 787 5980 924 6065; x_wconf 72' lang='lat' dir='ltr'>emitte</span> <span class='ocrx_word' id='word_1_634' title='bbox 951 6012 966 6086; x_wconf 68' lang='grc' dir='ltr'>ς</span> <span class='ocrx_word' id='word_1_635' title='bbox 1001 5981 1082 6089; x_wconf 82' lang='lat' dir='ltr'>quis</span> 
     </span>
    </p>
   </div>
   <div class='ocr_carea' id='block_1_2' title="bbox 0 0 2239 7204">
    <p class='ocr_par' dir='ltr' id='par_1_16' title="bbox 0 0 2239 7204">
     <span class='ocr_line' id='line_1_55' title="bbox 0 0 2239 7204; baseline 0 0"><span class='ocrx_word' id='word_1_636' title='bbox 0 0 2239 7204; x_wconf 95' lang='lat' dir='ltr'> </span> 
     </span>
    </p>
   </div>
  </div>
 </body>
</html>
