4450 7209
447 800 557 882 ,xxn
906 759 1673 873 ‚PRAEFATIQ

463 896 656 1016 privatim
685 887 906 997 faciebant,
937 886 1157 1004 composita
1188 885 1328 999 fuisse,
1358 907 1428 971 aut
1459 910 1625 993 eorum,
1656 880 1728 996 qui
1760 879 1944 971 Ecclestis
1986 903 2093 969 rura·

464 1021 589 1121 libus,
622 1019 661 1100 8(
693 1009 936 1096 tenuioribus
966 1006 1263 1116 deserviebant,
1293 1007 1435 1119 quibus
1468 1006 1659 1112 librorum
1692 1008 1902 1091 Sacrorum
1940 1003 2092 1118 copia,

373 1147 431 1249 98
463 1141 502 1223 8(
530 1133 808 1221 ΔΜίηίίὶῐοτιιιη
841 1149 1052 1244 apparatus
1083 1124 1322 1211 deficiebat.
1353 1133 1404 1211 In
1436 1124 1561 1211 Miffis
1600 1145 1738 1209 autem
1781 1121 1950 1235 privatis
1991 1151 2090 1207 cum

468 1282 550 1342 non
580 1253 692 1336 fieret
721 1249 891 1355 concio,
923 1276 994 1333 nee
1020 1246 1270 1361 publicorum
1289 1245 1612 1358 poenitentium,
1645 1247 1684 1328 8(
1705 1241 2094 1326 catechumenorum

467 1370 737 1475 dimissiones,
767 1364 816 1449 de
856 1367 1080 1475 concione,
1111 1364 1160 1448 de
1192 1365 1370 1479 precibus
1410 1393 1483 1479 pro
1523 1362 1813 1480 poenitentibus
1828 1414 1845 1468 -,
1878 1388 1972 1446 cum
2015 1360 2093 1444 illis

466 1516 609 1575 manus
641 1489 982 1603 imponerentur,
1014 1489 1053 1570 8(
1084 1483 1133 1567 de
1165 1512 1338 1594 eorum,
1367 1486 1823 1569 &catechumenorum
1871 1478 2099 1595 prostratio·

467 1637 551 1716 ne,
582 1632 704 1718 atque
743 1605 794 1689 ab
826 1604 1002 1692 Ecclefia
1033 1599 1259 1713 ejectione,
1291 1605 1333 1688 in
1373 1603 1480 1688 libris
1513 1602 1739 1688 Missalibus
1769 1600 1978 1687 plenariis·
2005 1625 2098 1684 raro

468 1728 515 1812 fit
547 1726 732 1811 mentio.
765 1729 815 1809 In
847 1721 1075 1832 hujusmodi
1106 1722 1215 1807 libris
1256 1746 1345 1806 raro
1384 1722 1508 1806 etiam
1551 1747 1684 1838 preces
1717 1719 1946 1806 Diaconica
1986 1720 2100 1805 inve·

466 1847 664 1951 niuntut,
696 1870 792 1927 nam
824 1843 1057 1950 Diaconos,
1089 1841 1251 1952 quando
1292 1840 1486 1952 ejusmodi
1530 1841 1657 1927 Miffis
1697 1838 1968 1949 inserviebat,
2000 1840 2101 1926 inse·

468 1965 580 2048 rioris
611 1963 756 2048 Clerici
790 1987 955 2045 munere
986 1962 1258 2076 fungebatur.
1731 2014 1736 2026 ·

380 2117 435 2196 99
588 2089 638 2169 ln
658 2066 780 2168 Missa
806 2081 1175 2195 Gotho-Hispana,
1205 2083 1245 2165 8(
1277 2078 1319 2164 in
1340 2078 1598 2165 Mozarabica
1624 2078 1847 2190 antiquitus
1873 2077 1994 2164 semel
2013 2100 2100 2164 tan·

466 2225 558 2288 turn
580 2198 827 2289 Eucharistia
854 2201 1089 2284 elevabatur
1115 2198 1200 2317 post
1226 2195 1379 2282 dilium
1407 2221 1449 2287 te
1462 2193 1687 2315 pressante
1713 2195 1806 2312 (a),
1832 2197 1955 2284 semel
1974 2199 2101 2284 etiam

468 2321 591 2406 fiebat
630 2314 819 2436 apologia
847 2383 860 2427 ,
893 2319 957 2404 seu
996 2313 1183 2438 confeffio
1218 2310 1280 2433 (b)
1309 2379 1323 2427 ,
1356 2322 1394 2404 8(
1436 2318 1558 2403 semel
1600 2318 1718 2402 fiebat
1757 2318 2101 2404 commemoratio

468 2441 691 2546 vivorum,
724 2442 763 2523 8(
791 2435 1100 2549 desunslorum,
1128 2443 1168 2525 8(
1189 2436 1308 2522 semel
1325 2436 1511 2526 Sacerdos
1538 2436 1696 2524 dicebat
1724 2428 1911 2523 introibo
1938 2433 1995 2523 ad
2022 2431 2102 2522 Al·

409 2662 411 2666 ¹
469 2580 564 2647 tare
590 2554 669 2645 Dei
695 2551 782 2647 &a
817 2565 876 2645 At
915 2559 1152 2643 recentiores
1180 2558 1417 2644 Mozarabes
1452 2559 1491 2642 in
1519 2557 1643 2643 Missa
1680 2556 1747 2642 sua
1783 2556 1841 2640 bis
1867 2555 2007 2642 dicunt
2033 2561 2101 2644 In·

470 2671 638 2782 troibo,
665 2676 819 2786 semel,
846 2704 957 2760 more
984 2683 1198 2786 Romano,
1224 2679 1332 2792 prius
1359 2706 1483 2789 quam
1513 2675 1697 2764 Sacerdos
1723 2674 1772 2760 ad
1802 2675 1942 2762 Altare
1969 2675 2101 2761 ascen·

332 2886 335 2891 ,
469 2795 579 2906 dat,
618 2800 658 2880 8(
689 2796 880 2903 iterum,
913 2822 1024 2882 more
1060 2795 1399 2910 Gotho-Hispano
1425 2860 1439 2907 ,
1470 2796 1701 2911 priusquam
1739 2795 1963 2880 illationem
1999 2795 2099 2880 inci·

470 2916 596 3029 piat.
637 2914 831 3000 Similiter
867 2915 925 2999 bis
957 2915 1247 3001 Confessroncm
1284 2915 1475 3020 faciunt,
1516 2916 1695 3029 primum
1742 2914 1824 2997 ritu
1861 2919 2101 3025 Romano,

469 3031 703 3148 priusquam
735 3031 919 3121 Sacerdos
954 3033 1003 3116 ad
1030 3035 1171 3121 Altare
1203 3033 1415 3144 ascendat,
1447 3038 1488 3120 8(
1524 3035 1706 3143 iterum,
1739 3033 1819 3116 ritu
1844 3029 2102 3121 GothoHis·

468 3178 610 3267 pano,
638 3173 858 3262 autequam
894 3155 1025 3236 oratio
1050 3148 1180 3267 Miffa
1210 3151 1398 3238 dicatur.
1429 3154 1495 3241 Bis
1531 3180 1693 3265 quoque
1720 3150 2012 3239 Eucharistiam
2052 3152 2095 3235 in

470 3269 596 3356 Missa
620 3270 844 3379 attollunt,
874 3292 920 3354 ut
946 3269 1133 3356 adoretur
1160 3300 1182 3356 a
1210 3273 1389 3386 populo,
1421 3273 1600 3387 primum
1627 3273 1708 3356 ritu
1735 3270 1991 3379 recentiore,
2028 3268 2099 3354 sla·

471 3390 583 3503 tim,
620 3382 725 3472 'farra
750 3383 1074 3499 consecratione,
1109 3392 1269 3475 elevant
1297 3399 1450 3505 Corpus
1482 3396 1522 3476 8(
1549 3391 1791 3504 Sanguinem
1818 3389 2022 3498 Domini,
2059 3392 2100 3474 8(

316 3602 333 3630 ,
471 3507 622 3592 iterum
649 3505 731 3595 ritu
773 3505 927 3591 vetuslo
952 3507 1291 3623 GothoHispano
1317 3540 1327 3593 t
1357 3509 1513 3624 postea
1534 3512 1678 3620 verba,
1706 3530 1749 3594 te
1764 3499 1984 3625 pressante
2004 3500 2094 3594 &a

470 3631 623 3712 Panem
649 3619 838 3712 Sandlum
866 3627 982 3711 altius
1009 3627 1199 3711 elevans.
1236 3628 1436 3714 Vivorum
1465 3629 1635 3740 denique
1671 3633 1711 3713 8(
1740 3650 1995 3712 mortuorum
2035 3626 2096 3710 bis

470 3743 902 3830 commemorationem
939 3744 1125 3855 faciunt,
1151 3744 1330 3860 primum
1365 3747 1446 3829 ritu
1481 3745 1851 3860 Gotho-Hispano,
1886 3744 1987 3830 dum
2026 3771 2101 3831 no·

470 3863 584 3947 mina
617 3863 868 3973 recitantur,
904 3868 944 3950 8(
978 3863 1106 3948 orario
1137 3856 1228 3981 poss
1261 3860 1422 3951 nomina
1461 3865 1646 3973 dicitur,
1687 3868 1727 3950 8(
1763 3863 1925 3973 rursus,
1969 3862 2098 3951 frasso

469 3988 646 4096 Corpore
665 3981 858 4092 Domini,
885 3983 1115 4097 priusquam
1141 3982 1296 4067 dicatur
1322 3984 1451 4068 oratio
1469 3985 1718 4092 Dominica,
1743 3983 1966 4068 recentiore
1994 4009 2095 4096 quo·

469 4099 564 4184 dam
601 4097 812 4209 instituto,
849 4101 896 4186 sit
932 4122 1129 4188 memento
1154 4130 1226 4216 pro
1252 4102 1387 4212 vivis,
1422 4108 1461 4188 8(
1498 4102 1729 4217 priusquam
1761 4102 2096 4209 communicent,

470 4239 654 4302 tenentes
681 4245 803 4302 manu
831 4220 1068 4332 particulam
1089 4213 1259 4328 Gloria,
1278 4221 1431 4306 faciunt
1457 4243 1653 4309 memento
1679 4249 1752 4335 pro
1778 4221 1975 4306 mortuis.
2007 4229 2098 4339 Jam

470 4358 568 4422 vero
595 4335 723 4419 tertia
749 4336 872 4421 claffis
898 4335 988 4422 sunt
1016 4338 1180 4423 rubrica
1204 4359 1369 4448 omnes,
1395 4369 1482 4452 qua
1511 4334 1827 4455 praetermorem
1847 4338 2097 4427 GothoHis·

469 4483 655 4571 panum,
686 4452 863 4569 dirigunt
894 4456 998 4542 hanc
1030 4457 1219 4542 iteratam
1259 4457 1434 4570 ejusdem
1469 4459 1711 4543 ceremonia
1752 4454 1984 4543 aslionem.
2016 4464 2093 4546 Ha

469 4598 570 4659 vero
598 4574 761 4658 rubrica
793 4603 873 4659 non
904 4577 1082 4662 multum
1117 4600 1262 4661 nocent
1293 4578 1518 4692 integritati
1543 4577 1734 4693 Liturgiae
1765 4576 1943 4687 nostra,
1975 4576 2094 4690 siqui·

385 4691 389 4696 ⁸
467 4692 562 4778 dem
594 4695 726 4801 ritus,
756 4721 855 4804 quos
884 4691 1093 4809 dirigunt,
1125 4695 1285 4806 antiqui
1316 4695 1437 4803 sunt,
1468 4697 1654 4808 quamvis
1693 4718 1807 4780 extra
1849 4696 1984 4781 locum
2026 4725 2094 4781 an·

351 4828 439 4910 ⁴100
469 4814 631 4923 tiquum
664 4814 811 4897 iterato
841 4813 1117 4929 perficiantur.
1147 4821 1305 4931 Quarta
1336 4814 1456 4901 claffis
1486 4843 1550 4900 eas
1581 4815 1753 4901 rubricas
1783 4812 2093 4930 complellitur,

468 4959 557 5041 qua
588 4933 841 5015 ceremonias
870 4931 1059 5044 quasdam
1096 4935 1333 5019 recentiores
1362 4935 1421 5019 ita
1449 4931 1662 5050 dirigunt,
1692 4956 1738 5019 ut
1778 4945 1891 5018 more
1924 4935 2095 5047 antiquo

467 5049 596 5135 siant.
627 5048 693 5136 Ad
711 5051 812 5136 hanc
842 5051 996 5138 classem
1029 5052 1230 5167 pertinent
1257 5050 1547 5137 benedisliones
1577 5051 1856 5161 candelarum,
1886 5051 1950 5138 die
1977 5055 2093 5140 Puri·

379 5222 383 5229 -
466 5167 684 5276 ficationis,
715 5173 755 5253 8(
773 5169 989 5280 cinerum,
1020 5171 1119 5255 seria
1149 5194 1316 5284 quarta,
1347 5172 1550 5287 incapite
1582 5172 1745 5285 jejunii,
1777 5198 1998 5285 earumque
2029 5201 2094 5257 ru·

467 5289 615 5373 brice.
646 5285 722 5375 Sed
749 5312 879 5398 neque
911 5289 972 5373 ha
996 5285 1175 5375 officiunt
1201 5290 1325 5407 prisco
1351 5291 1447 5377 ritui
1473 5290 1840 5408 Gotho-Hispano,
1871 5319 1967 5377 nam
1996 5319 2096 5377 cum

467 5409 644 5495 sormam
684 5405 882 5492 vetustam
924 5406 1180 5497 benedicendi
1219 5411 1457 5520 retineant,
1498 5408 1548 5494 ad
1577 5412 1805 5526 Liturgiam
1841 5409 2096 5499 Gotho-His·

353 5563 432 5627 101
468 5555 615 5645 panam
647 5527 846 5642 pertinere
873 5524 1071 5612 censenda
1102 5526 1221 5613 sunt.
1250 5530 1409 5650 Quinta
1427 5528 1548 5614 classis
1578 5558 1642 5616 eas
1672 5530 1793 5615 habet
1822 5531 1997 5616 rubricas
2028 5558 2092 5614 re·

469 5650 690 5761 centiores,
720 5646 864 5761 quibus
894 5649 1092 5734 orationes
1110 5647 1274 5736 Missalis
1303 5648 1608 5736 contradicunt.
1638 5649 1869 5738 Dolendum
1892 5650 1983 5736 sane
2016 5651 2090 5854 lapse

1942 5797 1966 5854 e
1996 5770 2062 5855 M·
2080 5808 2098 5830 ·

528 5944 586 6030 (⁰)
610 5939 696 6009 Vide
709 5960 806 6008 ”⁰³²⁵
822 5940 977 6031 P³8454²=
988 5941 1089 6007 told·
1317 5940 1406 6007 idem
1421 5941 1564 6022 sonant,
1588 5957 1628 6013 vt
1642 5942 1675 6011 in
1692 5946 1785 6015 uotis
1801 5943 1915 6012 monui
1937 5964 2094 6034 pag.537.

529 6030 590 6122 (b)
614 6029 781 6119 Apologia
801 6032 993 6102 Sacerdotis
1020 6076 1033 6112 ,
1058 6035 1089 6102 ἃ
1117 6028 1256 6124 trappa·
1282 6093 1284 6096 Α
1315 6027 1417 6098 ωιη,
1857 6069 1860 6080 ,
2087 6076 2093 6087 Ι
