4450 7209
318 700 394 778 206

602 684 769 776 'saura
795 691 997 787 urrunsa
1024 690 1145 771 rosr
1169 656 1629 770 nusunnscnrouru.

309 820 350 877 ut
379 803 420 875 ad
436 793 572 875 ueniam
587 795 903 895 faciaspervenirca
927 814 1124 872 cumvene·
1171 792 1318 870 Domini
1329 789 1387 886 qui
1399 791 1601 890 fuitdignus
1614 785 1819 870 artificiosis
1833 791 1983 867 idoneus
2006 820 2046 894 55

312 901 360 977 ris
377 948 387 971 .
401 912 450 996 132·
468 901 603 975 lamen.

510 1090 588 1179 Poll
609 1096 742 1168 nomina
757 1141 769 1164 .
783 1093 925 1170 orario}

262 1214 282 1285 5
546 1226 551 1235 .

420 1289 630 1373 OmineJesu
641 1289 778 1363 Christe
800 1293 858 1386 qui
874 1316 909 1365 es
923 1287 1013 1364 tellis
1030 1291 1119 1366 fide·

434 1387 474 1465 lis
493 1389 745 1488 primogenitus
761 1411 998 1465 mortuorum:
1010 1408 1047 1463 tu
1062 1414 1119 1462 re·

308 1489 423 1581 q'uiem
440 1493 534 1564 dona
552 1487 727 1583 spiritibus
756 1488 997 1563 desunslorum
1031 1489 1119 1560 sde-

310 1583 392 1659 lium
412 1634 422 1655 .
449 1589 530 1678 Qo
553 1609 655 1658 verus
671 1584 840 1660 Pontifex
860 1611 922 1682 per
936 1584 1118 1662 horsacri·

238 1705 285 1782 so
313 1685 428 1759 ficium
441 1679 561 1781 populi
574 1680 699 1757 delidls
716 1683 882 1758 omittens
896 1712 906 1751 ε
920 1683 1004 1754 licut
1030 1682 1116 1760 olim

244 1819 253 1838 =-
311 1799 348 1856 te
365 1785 537 1856 moriente
552 1800 690 1857 mortua
704 1801 854 1878 corpora
869 1782 1088 1856 surrexerunt
1104 1807 1115 1851 a

311 1881 361 1955 ita
375 1904 439 1955 nos
456 1880 489 1952 in
503 1882 565 1956 hac
580 1879 836 1955 resurrectionis
853 1900 912 1953 tue
926 1878 1115 1953 festivitate

311 1976 469 2074 sepultos
487 1980 522 2056 in
536 1995 691 2054 eternam
718 1980 870 2076 requiem
898 1975 1118 2054 transferas.

312 2083 515 2175 Iit-Amen.

123 2265 134 2280 ‘
235 2190 284 2269 ’Β
535 2274 598 2347 Ad
607 2287 724 2369 pacem
737 2316 748 2341 .
761 2275 903 2353 orarnJ

310 2469 406 2653 U
417 2467 587 2570 Nigenite
604 2468 654 2544 llli
670 2465 738 2542 Dei
753 2464 813 2566 qui
838 2493 906 2570 pro
933 2467 1034 2545 nobis
1049 2492 1120 2544 vo·

430 2566 579 2644 luntarie
608 2566 805 2666 sanguinem
837 2566 984 2641 effudisti
1010 2596 1019 2637 a
1046 2590 1121 2663 quo

235 2680 285 2748 ,πο
317 2667 492 2740 tessellria
519 2690 595 2744 cum
611 2663 787 2741 celestibus
801 2666 997 2760 pacificasti:
1013 2666 1120 2741 facito

314 2786 381 2839 nos
396 2763 443 2838 ita
458 2763 706 2862 redemptionis
720 2764 832 2836 nostre
842 2787 881 2836 ac
897 2762 1120 2839 resurreetio·

314 2860 367 2934 nis
385 2880 444 2935 tue
458 2862 619 2941 venerari
632 2860 941 2956 mylleriunsautin
954 2884 1119 2960 paceque

316 2976 358 3033 tu
371 2975 408 3032 es
418 2961 624 3058 perenniter
636 2961 764 3042 vivere
781 2981 993 3038 mereamur.
1003 2977 1052 3061 Βι-
1066 2964 1119 3038 Α·

312 3078 393 3133 men
406 3104 417 3129 ·

235 3168 284 3247 ,ς
643 3250 792 3331 Issatis:

315 3446 411 3631 D
429 3451 554 3550 ignum
568 3451 604 3526 δι
615 3450 737 3536 iulium
751 3452 799 3524 est
813 3449 947 3528 .Valde
975 3449 1040 3528 tibi
1057 3453 1119 3527 de·

438 3552 548 3627 bitum
560 3577 569 3620 a
579 3543 683 3624 valde
697 3548 797 3624 nobis
810 3572 1002 3650 congruum
1013 3553 1123 3636 ommi.

1171 893 1381 966 vestimento
1394 939 1405 963 .
1419 892 1543 985 Neque
1560 892 1649 967 enim
1663 891 1859 966 dilssmilem
1874 910 1986 990 pote-

1169 1012 1223 1071 rat
1238 989 1365 1062 habere
1394 993 1651 1083 redemptorem
1668 1015 1677 1059 s
1696 993 1752 1086 qai
1771 990 1877 1065 talem
1906 1015 1983 1064 me·

1170 1087 1637 1165 erithubererattorem.1n
1665 1112 1737 1184 quo
1763 1088 1979 1166 transeunti·

1168 1189 1231 1262 bus
1247 1187 1425 1260 veteribus
1443 1216 1454 1258 s
1473 1208 1568 1262 nova
1590 1185 1665 1263 sunt
1692 1189 1806 1264 omnia
1823 1218 1833 1260 ε
1850 1188 1980 1282 quibus
2026 1271 2029 1277 ,

1169 1287 1323 1360 suitdies
1340 1284 1497 1361 insidiosa
1518 1314 1527 1355 a
1547 1284 1635 1360 sassa
1659 1284 1708 1357 eil
1737 1310 1806 1359 nox
1835 1284 1976 1360 libera·
2006 1295 2049 1369 60

1168 1385 1243 1457 Nee
1271 1384 1373 1457 timet
1400 1384 1707 1460 commutationem
1738 1405 1935 1480 temporum
1966 1411 1977 1454 a

1167 1483 1377 1558 dannatione
1391 1484 1451 1578 qui
1477 1482 1590 1556 caruit
1617 1482 1832 1557 tenebrarum
1848 1530 1859 1556 .
1874 1481 1977 1562 Unde

1165 1580 1415 1656 evidentisssme
1430 1578 1537 1674 liquet
1551 1603 1764 1654 communem
1777 1581 1812 1653 in
1826 1580 1971 1654 Christo

1165 1682 1232 1754 esse
1250 1679 1319 1753 Dei
1335 1673 1551 1772 hominisque
1568 1677 1782 1754 substantiam
1795 1702 1881 1774 sque
1895 1701 1978 1754 cor·

1165 1796 1269 1874 rupta
1298 1779 1462 1851 restaurat
1486 1777 1625 1863 ‚Cuius
1653 1780 1836 1856 humanum
1867 1800 1978 1890 genus
2005 1781 2048 1876 65

1164 1897 1251 1949 crux
1267 1873 1378 1950 salvat
1393 1904 1402 1944 a
1420 1874 1553 1970 sanguis
1568 1875 1718 1953 innovat
1733 1899 1837 1951 scaro
1851 1876 1974 1949 vivifi·

1166 1994 1224 2049 cat
1242 1976 1399 2046 .Summa
1413 1972 1544 2047 etenim
1557 1974 1605 2045 est
1620 1975 1847 2078 prerogativa
1861 1972 1976 2047 virtu·

1170 2072 1216 2146 tis
1245 2068 1463 2153 sandificase
1492 2093 1595 2169 penas
1615 2070 1728 2171 glorie
1753 2071 1979 2144 sustinentis:

1069 2198 1073 2206 ·
1168 2191 1268 2264 quern
1295 2166 1542 2244 conlaudantes
1557 2170 1682 2272 Angeli
1711 2200 1721 2243 s
1747 2195 1821 2247 non
1847 2172 1981 2243 cesant

1076 2263 1092 2284 ⁸
1169 2265 1315 2342 clamare
1344 2267 1394 2342 ita
1420 2268 1578 2349 dicentes
1605 2317 1617 2343 .
1644 2268 1978 2371 ῃδιιιᾶιιε.8ιη·
2004 2293 2049 2372 po

1170 2362 1244 2451 slus
1257 2413 1268 2436 .
1280 2364 1419 2444 Sanetus
1437 2415 1449 2439 .

1422 2560 1675 2651 Possumus.

1285 2765 1332 2838 Ec
1348 2781 1383 2841 te
1398 2787 1470 2839 nox
1482 2762 1637 2843 Domine
1651 2760 1758 2838 mixta
1772 2759 1849 2836 luce
1865 2757 1977 2836 comi·
2001 2784 2041 2866 75

1295 2882 1389 2939 tatur
1404 2889 1414 2934 a
1428 2885 1494 2958 que
1509 2887 1588 2937 cum
1606 2863 1641 2936 in
1659 2861 1814 2958 supernis
1831 2857 1978 2937 Domini

1171 2963 1426 3057 perennitatem
1438 2958 1887 3039 exerceatscelebrationcm
1901 2978 1977 3031 tan·

1170 3059 1199 3134 ti
1213 3059 1361 3136 nominis
1379 3061 1513 3135 invexit
1524 3061 1562 3133 in
1576 3060 1679 3135 terris
1694 3087 1704 3126 s
1720 3078 1760 3134 ut
1774 3055 1974 3144 hujusmodi

1171 3158 1335 3254 preconia
1348 3158 1372 3231 fi
1386 3159 1544 3236 homines
1562 3175 1721 3233 tacerent
1735 3183 1745 3226 ε
1759 3156 1837 3230 saxa
1852 3153 1979 3229 clama·

1170 3257 1460 3334 rent-Viderunt
1490 3276 1526 3332 te
1544 3258 1645 3332 inseri
1659 3258 1754 3328 Deus
1774 3253 1976 3328 .Videruut
2001 3259 2040 3335 80

1169 3358 1255 3430 tes&
1268 3374 1608 3430 tremueruntavoce
1624 3351 1772 3432 tonitrui
1787 3350 1979 3427 tuisdicen-

1175 3470 1230 3526 tes
1245 3501 1255 3524 .
1269 3455 1443 3550 Absorpta
1457 3454 1504 3526 est
1514 3477 1606 3528 mors
1618 3454 1652 3528 in
1667 3449 1816 3528 victoria
1828 3500 1838 3522 .
1849 3450 1916 3523 Ubi
1930 3450 1978 3521 eli

1172 3575 1267 3625 mors
1284 3552 1432 3627 victoria
1449 3570 1507 3625 tua
1526 3556 1541 3621 ?
1558 3553 1622 3627 Ubi
1648 3553 1696 3626 est
1719 3572 1808 3622 mors
1839 3545 1978 3623 aculeus

237 3659 287 3739 30
320 3668 450 3746 potens
466 3654 571 3726 Pater
586 3675 595 3719 s
613 3663 649 3718 te
665 3669 740 3721 cum
753 3644 841 3723 Filio
857 3667 920 3723 tuo
936 3651 1122 3745 nollroque
1173 3667 1251 3721 tuus
1267 3654 1283 3720 r
1298 3652 1547 3745 Propterquod
1563 3649 1713 3727 attonita
1729 3643 1900 3743 paululum
1917 3647 1979 3718 lie·

318 3744 478 3824 Domino
490 3746 568 3825 lesu
582 3744 720 3820 Christo
736 3743 848 3837 equali
871 3747 1053 3844 religionis
1082 3751 1124 3823 fi·

1171 3765 1248 3819 tere
1281 3746 1445 3843 supplicia
1471 3748 1670 3824 miserorum
1689 3794 1699 3817 .
1716 3747 1792 3816 Nec
1821 3744 1971 3818 habeant
2002 3749 2041 3842 ες

316 3848 389 3919 des
404 3845 545 3942 pietatis
562 3843 742 3919 substantia
758 3845 960 3937 apotellatis
986 3846 1121 3921 virtute
1170 3863 1348 3918 cruentum
1376 3863 1553 3921 tormenta
1580 3847 1626 3921 ne
1654 3841 1769 3919 vicisse
1797 3845 1978 3918 cernentia

321 3943 487 4019 laudare.
509 3946 553 4017 Ut
571 3942 615 4016 ibi
631 3941 672 4015 fit
688 3966 748 4037 par
762 3942 959 4019 officiositas
976 3970 985 4014 a
1000 3943 1057 4016 ubi
1074 3944 1121 4017 est
1170 3942 1698 4030 crucifixum=&1‘udicemsuum
1714 3939 1901 4036 ipsaetiam
1918 3964 1980 4034 pe·

315 4042 461 4138 probata
480 4067 539 4137 par
553 4038 703 4137 dignitas
721 4091 732 4114 .
749 4042 787 4114 In
813 4066 884 4136 quo
911 4066 974 4138 per
998 4044 1119 4116 atrum.

237 4152 285 4235 35
315 4140 471 4237 ptionem
488 4139 865 4237 corporeamavirtutis
880 4141 1024 4213 charitas
1037 4164 1118 4214 con·

228 4244 232 4253 '
314 4239 446 4312 fitenda
460 4238 507 4309 est
533 4262 542 4303 =
569 4263 637 4313 non
661 4257 846 4332 paupertas
861 4286 869 4299 ·
886 4238 975 4329 Qia
991 4263 1062 4312 non
1080 4238 1113 4310 se

306 4335 452 4410 honore
479 4333 660 4418 subjiciens
676 4361 685 4402 a
701 4337 756 4406 sed
786 4358 926 4410 amore.
943 4334 1113 4413 n'ffetrum

313 4431 429 4506 voluit
443 4434 590 4525 probare
606 4462 615 4500 ε
633 4456 701 4506 non
716 4430 874 4506 meritum
888 4480 897 4502 .
911 4433 1112 4527 Mundoque

317 4529 379 4603 fibi
409 4550 575 4625 pereunte
591 4558 600 4598 ε
614 4555 683 4605 non
701 4551 771 4624 quo
799 4552 985 4626 augeretur
1000 4532 1112 4628 quell-

237 4644 287 4722 40
315 4628 369 4702 vit
384 4657 393 4699 a
408 4629 465 4702 sed
493 4651 564 4725 quo
580 4628 825 4722 obsequeretur
850 4629 1007 4703 invenit.
1023 4632 1111 4703 Ter-

313 4749 397 4800 rena
410 4725 602 4822 suscipiens:
617 4727 673 4798 sed
690 4724 822 4799 celestia
836 4750 904 4801 non
919 4730 1110 4823 deponensa

312 4824 526 4921 Ingressurus
540 4845 673 4898 uterum
690 4853 698 4894 a
714 4848 782 4900 non
796 4823 951 4898 exiturus
965 4851 984 4898 a
998 4823 1088 4900 solio
1101 4872 1111 4897 .

316 4923 446 4996 Certus
463 4922 544 4994 sein
559 4922 780 5001 inferioribus
802 4947 872 4998 non
886 4923 979 5020 posse
992 4926 1113 4998 decre·

316 5019 409 5094 scere
424 5049 433 5089 s
446 5019 504 5115 qui
521 5020 554 5092 in
570 5020 799 5115 superioribus
814 5045 884 5097 non
898 5040 1039 5117 poterat
1060 5022 1114 5096 in·

237 5136 285 5213 45
317 5119 437 5192 venire
465 5142 536 5212 quo
565 5117 872 5194 cresceret-Mitti
901 5139 1112 5195 contentus:

202 5216 219 5249 ⁸
260 5236 269 5249 ·’
314 5218 372 5312 qui
396 5216 517 5292 venire
539 5235 680 5290 conatus
694 5216 761 5286 est.
784 5217 824 5287 Et
840 5219 1115 5313 perhancequa·

314 5314 452 5389 litatem
470 5339 539 5389 non
554 5315 624 5386 duo
639 5331 824 5408 potentes:
836 5315 891 5384 sed
907 5339 972 5388 una
985 5336 1114 5411 poten.

318 5415 393 5488 tia:
423 5415 500 5507 quia
518 5410 620 5485 solius
635 5409 785 5483 Deitatis
798 5412 846 5483 est
867 5409 1058 5504 inequalem
1073 5415 1115 5486 ll·

316 5512 397 5588 lium
417 5534 487 5583 non
501 5511 626 5583 habere
642 5557 652 5580 .
668 5512 735 5583 Per
747 5508 891 5582 eundem
906 5509 1013 5585 homo
1034 5529 1112 5586 tuus

203 5683 209 5693 ,
242 5629 288 5704 50
319 5611 404 5685 adiit
418 5659 428 5680 .
441 5610 550 5686 Sensit
564 5657 574 5678 .
588 5606 751 5682 Credidit
767 5605 961 5681 .Pr0bavit
973 5654 983 5676 ·
995 5611 1116 5704 Agno·
1174 5628 1176 5632 ·

205 5730 239 5760 “·
317 5709 372 5784 vit
384 5758 395 5782 .
409 5707 448 5777 ln
464 5708 530 5781 hoc
544 5708 714 5780 mediator
730 5705 874 5801 suscepit
887 5705 1040 5792 iniuriam
1056 5733 1064 5775 s
1080 5707 1115 5780 in

313 5828 389 5903 quo
416 5805 534 5878 habuit
548 5812 551 5817 ’
564 5807 733 5881 officinam
751 5853 761 5874 .
777 5807 843 5879 Pro
858 5805 924 5880 hoc
941 5806 1036 5877 Deus
1061 5806 1115 5878 di·

320 5922 443 6000 gnatus
460 5907 505 5976 eli
526 5926 626 5976 carne
653 5901 769 5975 vestiri
784 5931 793 5972 a
806 5928 906 5998 quam
923 5918 1003 5979 'non
1020 5903 1117 5976 dedi·

298 6013 443 6122 ‘gnatus
460 6003 507 6075 est
520 6001 707 6080 fabricare·
722 6001 778 6079 Sic
798 6028 860 6102 per
883 6002 1116 6104 dignationem

1168 4064 1211 4112 na
1224 4044 1436 4116 contremuit
1451 4091 1461 4112 .
1475 4042 1566 4133 Qia
1597 4063 1719 4116 natura
1749 4037 1975 4114 horribilium

1167 4138 1384 4212 tenebrarum
1400 4140 1572 4236 presentia
1602 4139 1650 4214 sui
1666 4136 1816 4236 fulgoris
1833 4166 1843 4207 ε
1858 4140 1893 4209 &
1910 4161 1977 4210 ve·
2024 4152 2033 4224 ᾗ

1168 4256 1238 4310 tata
1260 4242 1326 4321 jam
1353 4256 1435 4314 tunc
1464 4237 1580 4311 timuit
1596 4239 1740 4322 iudicari
1755 4283 1767 4304 .
1782 4233 1975 4310 Exultave·
2000 4262 2047 4333 90

1162 4353 1245 4408 runt
1262 4335 1373 4409 Sansli
1404 4338 1437 4408 in
1460 4336 1573 4434 gloria
1590 4335 1734 4411 letantes
1747 4332 1784 4404 'in
1804 4331 1972 4409 cubilibus

1162 4432 1230 4505 suis
1254 4438 1373 4527 :quod
1400 4438 1573 4509 sudorem
1600 4434 1758 4529 promisse
1790 4434 1852 4504 srbi
1883 4430 1974 4504 lucis

1162 4531 1389 4629 agnoscerent
1407 4558 1416 4601 s
1434 4555 1580 4626 quorum
1600 4552 1639 4605 tu
1656 4529 1812 4605 Domine
1829 4530 1972 4625 stipatus

1162 4630 1412 4728 agminibuss&
1427 4651 1465 4701 tu
1482 4649 1583 4703 tanto
1600 4631 1673 4701 noti
1690 4627 1881 4726 splendoris
1895 4651 1975 4699 can·

1162 4731 1251 4802 dore
1276 4727 1428 4820 perfusus
1444 4756 1453 4798 r
1472 4725 1632 4801 sacrificia
1661 4751 1724 4821 per
1754 4748 1792 4801 te
1819 4726 1973 4798 instituta
1998 4748 2041 4823 95

1162 4823 1331 4901 sanuifica
1342 4827 1447 4901 .Non
1461 4824 1652 4900 invocantis
1671 4826 1823 4901 meritos
1839 4826 1898 4896 sed
1915 4825 1973 4894 in-

1163 4923 1333 4996 stituentis
1349 4924 1544 5021 magisterio
1559 4920 1616 4995 vel
1632 4923 1814 5017 exemplo.
1827 4927 1873 4996 Ut
1888 4945 1973 4996 cun·

1164 5019 1226 5093 tris
1242 5019 1309 5093 rite
1336 5023 1520 5118 perfundis
1535 5049 1545 5091 s
1560 5019 1745 5096 Salvatore
1777 5022 1898 5097 nostro
1912 5018 1970 5093 ab

1164 5119 1282 5194 inseris
1294 5124 1360 5205 iam
1376 5121 1527 5217 regresso
1543 5146 1554 5186 .·
1569 5122 1604 5191 m
1623 5142 1718 5194 mors
1733 5118 1766 5188 se
1781 5118 1903 5218 lugeat
1918 5117 1974 5190 vi·
2026 5153 2031 5174 ·-

1163 5219 1250 5291 diam
1265 5244 1274 5286 s
1290 5219 1325 5289 dc
1342 5217 1413 5290 vita
1430 5217 1599 5313 tripudiet
1615 5219 1803 5293 restitutam
1822 5264 1832 5286 ·
1850 5219 1920 5293 Pet
1935 5234 1973 5291 te
2002 5238 2055 5300 ros

1164 5315 1353 5390 Dominum
1367 5339 1404 5390 ac
1420 5319 1677 5414 redemptorem
1689 5336 1872 5395 eternum.

1375 5507 1452 5596 sos
1461 5511 1575 5608 pridie
1591 5557 1603 5582 ·
1617 5515 1760 5588 Oratio.

1271 5707 1460 5807 Esurgente
1485 5706 1626 5784 Christo
1653 5706 1812 5786 resolutis
1840 5714 1969 5791 inferni
2001 5725 2054 5803 105

1280 5806 1459 5883 doloribus
1484 5833 1494 5875 s
1523 5811 1631 5882 etiam
1659 5832 1722 5883 nos
1738 5810 1835 5887 Deus
1867 5818 1972 5892 Pater

1165 5906 1389 5998 omnipotens
1416 5904 1535 5980 solutis
1561 5925 1786 6000 peccatorum
1817 5911 1974 5988 delecta·

1166 6003 1317 6080 tionibus
1355 6005 1391 6078 δι
1435 6001 1616 6100 resurgere
1657 6010 1812 6085 concede
1844 6009 1973 6110 propi-

1877 6129 1972 6184 clusa
