4450 7209
622 716 1041 798 'ADVENTUS
1106 724 1437 800 DOMINI?
1808 759 1833 827 9

133 827 323 900 offeramus
339 816 682 898 fratreschariffimi's
707 820 785 917 quia
798 821 962 917 dignatus
1011 845 1085 894 mus
1099 821 1271 896 solennia:
1299 850 1361 920 per
1376 825 1466 917 pacis
1482 825 1736 925 bonumfutdre
1753 853 1836 907 exa.
1876 853 1919 924 55
2111 892 2113 898 ,
2142 876 2146 883 .

88 958 92 965 ·
134 923 185 996 est
206 921 270 996 filii
292 921 340 991 sui
362 921 551 992 adventum
566 939 628 1014 pet
641 920 828 996 iohannem
842 917 961 1009 Bupti·
1009 917 1569 1019 miaationisliberemurapena.
2016 946 2018 951 ·

137 1021 221 1094 iiam
235 1017 428 1092 bominibus
443 1013 629 1088 nunciare.
652 1016 706 1087 Sic
722 1015 812 1088 enim
828 1014 963 1086 affatur.
1063 1029 1112 1110 132·
1128 1024 1264 1091 Amen.
2022 1052 2037 1095 s
2133 1020 2143 1039 ²

138 1115 248 1188 Venit
261 1119 296 1189 dt
313 1113 444 1188 fortior
459 1137 513 1184 me
529 1115 605 1206 post
618 1136 689 1186 mes
703 1115 798 1196 cujus
813 1133 878 1180 non
893 1110 964 1184 sum
1033 1172 1038 1184 .
1061 1116 1163 1188 Dicar
1177 1114 1295 1187 Presb.
1319 1115 1411 1206 Quia
1423 1135 1460 1190 tu
1476 1143 1512 1190 es
1540 1143 1624 1197 vera
1639 1149 1708 1219 pax
1725 1129 1837 1205 nostra

94 1242 112 1309 5
140 1210 264 1309 dignus
274 1209 457 1305 corrigiam
465 1208 676 1282 calciamenti
690 1205 826 1284 solvere
839 1255 849 1275 .
864 1206 961 1296 Qus
1013 1213 1080 1282 dic.
1107 1212 1227 1285 Gratia
1240 1211 1308 1282 Dei
1325 1215 1438 1286 Patris
1452 1217 1520 1287 &o
1547 1228 1592 1287 Et
1601 1219 1710 1314 polica
1726 1228 1839 1297 dicat.

88 1358 100 1397 ς
139 1332 214 1406 ego
239 1308 342 1400 tingo
371 1308 405 1377 in
422 1330 505 1399 aqua
521 1305 697 1403 baptismi:
723 1305 791 1400 ipse
812 1303 962 1396 baptizat
1013 1307 1846 1426 introiboadAltareDeimei&c.Qerefitpra.
1871 1313 1922 1391 6·

139 1401 614 1500 inSpirituSanslo&igni.
639 1402 728 1491 Quia
754 1399 824 1495 ipse
849 1401 894 1469 est
922 1400 965 1471 li·
1007 1404 1180 1490 olam.
1903 1408 1919 1415 ’“

139 1498 205 1572 lius
221 1503 405 1592 Deiaquem
422 1498 580 1595 princeps
597 1497 746 1596 angelice
762 1494 886 1568 milicie
902 1518 964 1589 per
1353 1505 1499 1579 ralatio,

137 1595 547 1695 uterumVirginissacre
560 1597 593 1667 in
606 1597 734 1670 mundo
746 1590 962 1665 annunciavit
1012 1597 1105 1775 D
1122 1600 1238 1696 ignum
1262 1601 1297 1672 dt
1324 1605 1441 1686 justum
1458 1607 1529 1675 est:
1555 1630 1639 1680 vere
1652 1635 1773 1707 equum
1798 1617 1837 1688 δι

87 1721 110 1771 o
140 1694 288 1768 venire·
312 1694 491 1766 Poscamus
505 1717 595 1787 ergo
610 1693 724 1763 Deum
740 1695 895 1764 Patrem:
921 1708 960 1760 ut
1132 1694 1274 1769 salutare
1289 1700 1334 1770 eil
1349 1728 1358 1767 a
1384 1701 1523 1775 Domini
1537 1707 1637 1778 nollri
1646 1709 1724 1785 iesu
1736 1709 1839 1783 Chri·

87 1824 107 1847 ··
141 1793 287 1883 hecque
301 1789 346 1864 ob
361 1786 611 1863 solemnitatem
637 1792 804 1860 adventus
822 1783 897 1856 Filii
913 1784 964 1854 sul
1014 1794 1051 1863 sti
1065 1796 1248 1868 adventum
1264 1797 1298 1868 itt
1314 1796 1521 1869 mirabilibus
1534 1804 1721 1894 predicaret
1736 1829 1838 1898 quem
1870 1801 1920 1888 ὅς

87 1882 95 1903 “
140 1887 320 1963 uncrinus
336 1886 530 1959 holocausta
546 1913 556 1952 τ
572 1910 640 1958 non
656 1882 964 1956 discutiens·nollr²
1014 1889 1104 1963 inter
1130 1891 1284 1965 homines
1305 1892 1506 1966 nasciturum
1538 1896 1666 1973 celestis
1695 1902 1857 1977 nuncius.

135 2004 286 2080 peccata
302 2010 312 2050 ε
339 1982 372 2054 in
388 1984 449 2055 suo
462 1980 646 2078 conspectu
662 1981 786 2055 efficiat
800 1978 966 2076 graciosa.
1007 1982 1213 2061 nunciavit.
1240 1991 1351 2084 Virgo
1365 2008 1500 2064 terrena
1526 1996 1606 2065 dum
1636 1995 1839 2073 salutaretur

193 2093 242 2172 ὅτι
269 2087 410 2153 Amen·
1015 2085 1151 2158 audivit
1176 2112 1186 2152 a
1211 2087 1356 2181 Spiritus
1381 2090 1519 2162 Sancius
1545 2091 1579 2163 in
1608 2112 1731 2166 uteros
1756 2098 1838 2169 dum

86 2197 107 2270 5
192 2180 299 2249 Dicar
326 2174 445 2249 presb.
475 2177 543 2250 Per
571 2175 834 2251 misericordiam
870 2191 963 2243 tuam
1012 2183 1150 2254 veniret
1178 2183 1310 2257 creavit
1334 2211 1344 2253 a
1371 2202 1408 2254 ut
1437 2184 1597 2257 Gabriele
1623 2189 1834 2283 pollicentes

86 2354 91 2365 ‚
139 2274 239 2349 Deua
253 2274 365 2346 nolier
393 2274 451 2368 qui
470 2296 506 2346 es
519 2273 716 2350 benedicitis
743 2275 778 2346 ἃ
795 2269 884 2347 vivis
897 2271 964 2342 dte·
1012 2280 1121 2352 Maria
1139 2284 1299 2352 credente
1316 2307 1326 2346 a
1351 2280 1421 2351 Dei
1435 2284 1542 2355 verbo
1558 2283 1689 2378 Spiritu
1703 2313 1835 2383 coope·
1867 2298 1917 2371 70

107 2382 112 2391 '
140 2354 370 2467 urfitprtifol.
392 2393 471 2444 111.
1010 2397 1107 2449 rante
1137 2404 1147 2442 a
1170 2378 1367 2470 sequeretur
1380 2375 1617 2452 salutationem
1637 2383 1837 2480 Angelicam
1919 2462 1944 2479 ,

337 2462 453 2552 Postea
466 2471 556 2540 dicut
568 2470 781 2542 Orationem.
1011 2473 1196 2547 securitas:
1223 2475 1476 2568 promiffionem
1492 2481 1678 2571 perficeret
1695 2484 1835 2557 veritas:

485 2569 628 2638 Oratio.
1012 2590 1052 2642 ut
1070 2569 1217 2643 alriffimi
1243 2571 1466 2644 obumbrante
1483 2572 1613 2648 virtute
1628 2602 1638 2645 s
1664 2577 1834 2653 didicisset

86 2686 108 2737 ο
199 2663 402 2740 Ocundatur
416 2664 566 2738 Domine
598 2667 633 2736 δι
657 2663 823 2761 tripudiat
848 2681 963 2734 terra=
1014 2665 1047 2736 se
1062 2671 1126 2738 esse
1156 2667 1528 2765 secundavirginitas.
1553 2672 1641 2744 Ecce
1661 2676 1835 2769 concipies

207 2763 285 2856 quia
299 2765 451 2837 Verbum
476 2784 559 2833 caro
574 2759 696 2831 fusium
712 2762 844 2834 habitat
865 2757 899 2828 in
915 2757 966 2828 sa·
1015 2764 1049 2834 in
1073 2784 1172 2836 utero
1185 2766 1220 2836 δι
1236 2763 1348 2859 paries
1365 2763 1489 2841 filium:
1508 2766 1664 2866 Angelus
1681 2773 1834 2865 predica·
1867 2778 1917 2854 75,

134 2884 197 2938 cre
213 2860 363 2958 Virginis
377 2862 545 2932 membra·
568 2857 604 2926 ln
629 2863 723 2942 cujus
750 2860 899 2931 adventu
924 2876 964 2924 ο·
1015 2859 1091 2932 vita
1117 2862 1338 2953 &quomodo
1352 2864 1412 2936 fiet
1425 2862 1510 2938 islud
1522 2866 1632 2939 Maria
1645 2866 1837 2960 respondit.

136 2958 225 3032 mnis
238 2960 284 3030 de
300 2957 502 3050 captivitate
519 2953 696 3027 redimitur
711 2973 812 3027 terret
825 2972 890 3044 que
904 2951 965 3020 de·
1012 2960 1079 3032 Sed
1101 2958 1180 3051 quia
1200 2959 1264 3028 he'c
1284 2960 1456 3032 credendo
1478 2987 1548 3036 non
1572 2961 1762 3038 dubitando
1778 2989 1836 3041 re·

137 3056 320 3127 tinebatur
332 3079 395 3150 per
412 3049 688 3146 trasgressionem
701 3053 773 3122 Ade
794 3052 827 3120 in
843 3047 963 3119 obscu·
1013 3053 1151 3148 spondit
1180 3080 1190 3122 a
1218 3054 1375 3148 implevit
1401 3057 1546 3150 Spiritus
1570 3053 1709 3130 Sanctus
1738 3060 1835 3152 quod

85 3163 105 3238 5
138 3171 218 3227 rata
231 3153 389 3248 gehenna
402 3197 412 3217 ·
427 3150 526 3222 Nunc
539 3169 721 3224 moveatur
735 3171 824 3221 mare
839 3145 873 3215 &
888 3167 961 3217 om-
1010 3148 1164 3247 Angelus
1180 3150 1364 3248 spopondit
1374 3194 1385 3215 ·
1396 3151 1508 3250 Virgo
1521 3173 1600 3226 ante
1613 3173 1833 3248 conceptums

85 3292 109 3333 a·
139 3249 198 3321 nia
225 3271 292 3340 quc
325 3251 356 3320 in
382 3246 430 3318 eis
455 3246 553 3319 sunta
587 3267 722 3320 montes
739 3241 897 3317 exultent
923 3242 961 3311 ὅτ
1009 3246 1122 3344 Virgo
1151 3246 1282 3343 semper
1307 3250 1419 3322 futura
1448 3252 1521 3346 poll
1536 3269 1694 3345 partum.
1718 3250 1831 3328 Deum
1866 3265 1916 3338 80

92 3342 95 3349 ’
138 3346 257 3420 omnia
285 3343 375 3442 ligna
389 3343 575 3417 silvarum:
598 3346 676 3435 quia
688 3343 781 3415 Deus
797 3343 896 3412 homo
911 3336 962 3408 di·
1007 3343 1101 3417 suum
1115 3346 1207 3440 prius
1222 3364 1361 3419 mente:
1386 3348 1508 3419 dehinc
1524 3364 1645 3420 ventre
1660 3351 1833 3445 concepita
1913 3350 1940 3369 ’·

138 3462 268 3537 gnatur
296 3467 358 3536 per
383 3461 515 3516 uterum
539 3443 642 3512 Reate
657 3438 811 3536 Virginis
825 3435 959 3508 Murice
1010 3439 1154 3513 salutem
1178 3444 1292 3517 mundi
1307 3443 1413 3537 prima
1427 3441 1718 3539 suscepit.Virgq
1731 3442 1853 3540 plena,

140 3541 186 3612 de
199 3535 278 3612 celo
291 3544 326 3614 in
344 3542 505 3612 mundum
521 3539 665 3609 venire.
692 3539 757 3611 Per
782 3533 880 3628 ipsius
894 3530 961 3625 igi·
1011 3536 1118 3635 gratia
1135 3537 1225 3609 Deis
1249 3544 1286 3614 dt
1301 3540 1384 3614 ideo
1410 3564 1493 3614 vera
1519 3559 1629 3613 mater
1645 3541 1681 3610 Fi
1711 3541 1719 3610 i
1737 3541 1832 3615 Deis

85 3646 107 3697 0
140 3654 199 3709 tur
225 3635 409 3708 adventum
439 3658 475 3710 te
498 3637 719 3730 deprecamur
744 3631 962 3722 omnipotens
1011 3655 1110 3726 quem
1138 3637 1284 3710 adorant
1309 3635 1464 3734 Angeli.
1488 3636 1663 3709 Throni.·
1702 3639 1833 3713 omina·

105 3812 110 3821 ,
140 3734 238 3806 Deus
249 3758 260 3800 a
273 3753 311 3807 ut
327 3735 437 3808 nostre
451 3734 562 3809 carnis
575 3730 795 3829 fragilitatem
810 3754 830 3800 a
846 3725 964 3834 vincu-
1012 3729 1149 3804 tiones.
1174 3734 1216 3805 Et
1231 3733 1423 3807 Potestates
1442 3735 1487 3807 it'a
1500 3733 1652 3805 dicentes
1665 3758 1679 3800 ι
1866 3744 1912 3836 85
2019 3806 2022 3813 ,

138 3826 181 3901 lis
195 3850 412 3923 peccatorum
426 3827 600 3904 absolvas:
623 3835 657 3900 dt
675 3824 824 3920 presenti
839 3817 962 3897 famtlte
1060 3828 1162 3897 Dicat
1191 3829 1334 3905 chorus.
1357 3830 1524 3906 sandius·
1548 3829 1689 3905 Sandius
1714 3878 1726 3903 .
1750 3838 1834 3911 San·
1914 3835 1917 3841 '

139 3926 758 4025 tuemiscricordiaplenusoccurras.
1012 3921 1112 3996 dua.
1821 3919 1834 3931 ⁰

192 4031 391 4109 mmm.
1192 4023 1650 4110 nossnousdtcatnresb.

85 4124 104 4197 5
192 4122 293 4193 Dicat
308 4114 466 4224 Presbyt.
489 4127 555 4198 Per
574 4118 839 4199 misericordiam
868 4132 958 4191 tuam
1113 4127 1178 4199 Ere
1194 4127 1355 4200 Sausinda
1380 4142 1461 4200 vere
1484 4122 1680 4198 benedidius
1706 4108 1833 4199 Domi.
1911 4212 1913 4217 Ι

86 4286 92 4313 2
137 4215 235 4291 Deus
261 4222 372 4293 noster
402 4220 437 4294 in
467 4218 780 4318 cuiusconspesiu.
800 4211 959 4308 vtfitpra
1126 4248 1189 4297 nus
1212 4222 1590 4309 nosteriesusChrisius
1608 4218 1711 4311 Filius
1733 4240 1832 4295 tuus.
1862 4246 1913 4315 90

131 4313 321 4404 soltus.
1008 4318 1079 4402 Qui
1108 4340 1184 4393 cum
1210 4320 1246 4391 in
1270 4323 1379 4395 forma
1394 4319 1462 4391 Dei
1479 4315 1585 4390 clieta
1609 4316 1831 4413 semetipsum

430 4418 671 4503 rofinomina.
1009 4416 1227 4491 exinanivit:
1252 4420 1395 4493 sormam
1423 4416 1588 4510 accipiens
1603 4412 1723 4487 servia
1754 4424 1832 4491 cu'm

251 4510 377 4589 Omine
401 4513 477 4597 lesu
486 4517 619 4589 Christe
647 4537 748 4607 quem
779 4529 958 4588 venturum
1008 4514 1200 4588 incarnatus
1213 4515 1248 4587 in
1266 4533 1368 4589 utero
1383 4511 1745 4609 Virginisabscondens
1766 4511 1834 4584 Di.

84 4611 106 4662 ⁰
261 4613 505 4685 essecredimus
525 4612 693 4697 iudicema
718 4609 775 4704 qui
801 4617 870 4697 jam
899 4608 960 4677 du·
1009 4607 1193 4685 vinitatem
1209 4611 1322 4685 suam:
1346 4609 1490 4703 suscepit
1513 4608 1745 4680 infirmitatem
1759 4633 1827 4680 no·

138 4707 220 4777 dum
236 4705 272 4776 in
288 4708 402 4803 primo
417 4711 570 4784 adventu
587 4707 701 4806 glorie
729 4727 785 4779 tue
816 4723 961 4801 propter
1010 4707 1198 4802 siramaipse
1212 4708 1383 4782 Dominus
1397 4724 1436 4777 ac
1447 4704 1657 4798 Redemptor
1670 4723 1830 4776 eternus.
1861 4723 1912 4793 95

84 4802 89 4809 ’
135 4803 248 4874 noslra
262 4803 391 4881 scelera
406 4805 540 4880 humilis
564 4805 682 4880 venire
711 4803 871 4900 dignatus
897 4822 960 4871 eat
1062 4801 1435 4892 vosteadtcatmdetto
1450 4798 1832 4876 adestotesubone.vc

135 4897 317 4975 Petimusa
344 4925 382 4976 ut
411 4904 489 4977 dum
516 4905 683 4977 adventus
708 4897 887 4973 clementie
901 4917 960 4966 tue
1003 4909 1109 5004 fippra
1120 4901 1184 4991 foi.
1194 4927 1229 4972 v.
1436 4974 1441 4982 ,

137 4994 304 5075 secundus
317 5002 515 5074 advenerita
537 5003 648 5075 nollra
663 4995 802 5069 nomina
816 4991 961 5068 absterso
1135 4997 1257 5069 Deinde
1272 4999 1385 5068 dicat.
1490 4991 1566 5078 Post
1572 4997 1684 5090 pridie
1699 5048 1710 5072 .

84 5117 103 5191 5
139 5112 313 5189 peccato:
339 5118 416 5169 cum
428 5094 548 5169 sansiis
564 5096 634 5169 tuis
648 5095 749 5167 facita
766 5089 958 5189 prenotari.
1119 5096 1182 5166 Eus
1194 5093 1249 5185 qui
1265 5093 1310 5165 fic
1322 5090 1466 5165 dilexisti
1479 5096 1694 5166 mundumaut
1712 5088 1831 5168 Filium

113 5244 116 5249 -
189 5194 386 5281 aaAmen.
864 5206 869 5213 ·
1133 5213 1226 5264 tuum
1241 5191 1452 5286 unigenitum
1466 5190 1560 5260 dares
1584 5213 1651 5284 pro
1677 5193 1830 5263 mundo.
1869 5200 1937 5277 109

143 5276 157 5301 ⁰
187 5286 517 5384 Dicatvresttia
529 5310 568 5364 tu
583 5315 620 5365 es
632 5291 705 5368 vita
720 5287 900 5363 vivorum.
913 5292 958 5355 vr
1010 5291 1062 5363 Tu
1076 5292 1140 5361 hec
1155 5287 1306 5360 libamina
1321 5287 1383 5358 ribi
1400 5287 1629 5358 benedicenda
1643 5287 1783 5385 assumes
1793 5291 1831 5360 δι

129 5379 241 5481 supra
248 5384 315 5472 sol.
329 5409 431 5459 1111.
1010 5389 1111 5460 nobis
1126 5405 1183 5456 tue
1198 5381 1444 5455 benedictionis
1459 5384 1553 5456 dona
1569 5379 1758 5475 largire.Ut
1772 5381 1831 5476 qui

448 5487 510 5558 „td
527 5505 665 5582 pacem·
1010 5484 1057 5557 ob
1072 5481 1266 5578 mysterium
1281 5478 1529 5553 Incarnationis
1545 5499 1604 5548 tue
1631 5477 1693 5547 hec
1706 5476 1767 5549 tibi
1778 5478 1831 5550 sa·

83 5606 104 5659 ο
199 5575 262 5648 Esu
285 5579 396 5653 virtus
421 5582 624 5655 infirmitatis
645 5582 756 5656 nostre
782 5604 792 5644 a
815 5575 873 5670 qui
891 5577 959 5648 fine
1008 5581 1136 5654 crificia
1149 5581 1339 5650 veneranda
1355 5574 1633 5648 litamusahorum
1648 5573 1831 5648 sacrificin-
1892 5565 1898 5613 Γ

210 5676 361 5748 manib&
374 5679 625 5771 precidentium
638 5676 668 5751 la
696 5679 721 5750 ῖς
737 5697 837 5752 verus
853 5673 957 5757 wb-
1008 5701 1083 5750 rum
1101 5672 1429 5768 propiciationibusa
1447 5675 1488 5744 ab
1502 5667 1661 5743 omnibus
1677 5669 1829 5745 crimini·
1867 5678 1939 5760 105,

139 5770 244 5844 tersus
259 5799 277 5846 a
290 5792 432 5845 montes
457 5798 525 5869 quo
546 5774 655 5849 omnis
668 5703 816 5848 lititudo
827 5767 956 5863 reple'ta
1006 5774 1068 5846 bus
1085 5772 1261 5863 expiemur
1276 5818 1286 5839 .
1312 5783 1361 5864 132.
1378 5773 1514 5843 Amen.

140 5870 189 5941 eil
202 5887 298 5940 terre
315 5868 390 5938 .‘su
403 5874 512 5944 corda
526 5872 639 5943 nostra
656 5867 750 5964 reple
759 5873 852 5943 dono
867 5864 956 5957 pacis
1031 5862 1262 5938 oscarensi.
1279 5869 1329 5935 Te
1345 5866 1512 5955 prestante
1530 5863 1651 5936 Sansie
1662 5864 1741 5935 Dite
1757 5873 1829 5936 λιι

140 5964 329 6157 agrati?
352 5969 460 6060 utqui
479 5966 721 6068 incarnationis
734 5987 794 6064 tue
807 5960 956 6060 celebra·
998 5962 1212 6063 septasol-v·
1225 5963 1322 6042 Diras
1337 5961 1378 6038 iit
1391 5961 1829 6135 sempezvobiscummafit

240 6065 294 6142 ott
318 6069 470 6142 mazar.
1751 6080 1829 6132 cum
