4450 7209
289 723 355 776 noa
513 695 516 700 ’
661 686 906 774 Pnnlln
954 675 1458 763 HEB'DOMADE
1508 686 1595 762 XL}

284 803 315 877 ri
328 797 443 874 autem
454 793 576 873 dicatis
604 819 615 862 a
642 808 679 866 tu
704 789 832 864 strillie
855 787 1008 861 autsede
1025 782 1090 857 sub
1142 784 1183 855 Et
1201 804 1270 855 non
1290 783 1502 858 credidistis.
1538 789 1656 860 Omne
1681 787 1777 883 quod
1804 789 1868 865 dat
1880 789 1964 871 mibi
1992 819 2025 893 55

282 892 430 972 scabello
444 897 567 990 pedum
582 909 736 963 meorum
763 914 772 956 e
802 885 929 957 Nonne
954 885 1089 969 judica·
1139 899 1258 977 patera
1276 882 1319 953 ad
1333 904 1388 953 me
1402 881 1525 956 veniet
1541 911 1550 952 ι
1564 887 1599 958 dr
1626 908 1705 958 eum
1732 887 1791 984 qui
1804 889 1907 965 venit
1922 893 1965 967 ad

283 997 338 1072 nis
349 999 438 1090 apud
452 985 678 1079 vosmetipsos
694 983 752 1054 t&
766 981 847 1060 fatti
861 983 937 1053 cilis
948 981 1087 1058 ludices
1140 1005 1196 1052 me
1213 1000 1304 1050 enon
1321 978 1455 1065 ejiciam
1470 981 1586 1055 foras.
1620 983 1710 1075 Qia
1737 987 1903 1066 descendi
1918 990 1964 1066 de

284 1091 536 1204 cogitationum
552 1082 778 1174 iniquarum?
807 1079 937 1151 Audite
962 1079 1089 1152 iratres
1140 1074 1255 1152 celos
1286 1101 1356 1152 non
1373 1078 1549 1154 utfaciam
1574 1076 1797 1167 voluntatem
1824 1111 1962 1162 meam:

126 1241 135 1261 Α
160 1234 166 1241 ,
231 1227 250 1296 5
284 1213 349 1264 met
368 1178 595 1258 dilediiffimi.
624 1178 751 1249 Nonne
768 1179 865 1250 Deus
879 1174 991 1272 elegit
1009 1199 1093 1270 pau·
1143 1175 1201 1247 sed
1217 1172 1432 1251 voluntatem
1446 1181 1519 1261 ejus
1533 1177 1590 1270 qui
1606 1180 1769 1256 mifitme.
1784 1193 1967 1278 Μυκη.

283 1295 382 1381 peres
397 1281 430 1352 in
442 1281 508 1351 hoc
524 1273 654 1349 mundo
670 1299 679 1344 r
693 1274 822 1354 divites
840 1275 873 1347 in
894 1277 962 1348 fide
976 1275 1012 1344 &
1026 1274 1091 1343 he·
1192 1276 1296 1347 Dicat
1309 1269 1431 1346 aresi.
1463 1272 1636 1348 Dominus
1663 1279 1707 1352 fit
1735 1280 1873 1378 semper
1896 1310 1966 1361 vo·
1991 1284 2025 1366 io

280 1384 380 1455 redes
394 1375 496 1474 regni
509 1374 604 1469 quod
621 1372 818 1470 repromifit
832 1374 928 1445 Deus
943 1368 1094 1469 diligen·
1142 1373 1271 1446 biscum
1287 1418 1298 1441 .
1315 1385 1366 1460 ει.
1381 1370 1421 1445 Et
1435 1393 1512 1445 cnm
1525 1372 1674 1468 spiritu.
1699 1381 1842 1453 Lauda.
1871 1382 1967 1456 Ltu-

282 1478 371 1551 tibus
386 1475 454 1547 se?
481 1476 557 1547 Vos
571 1488 687 1545 autem
712 1470 947 1546 ethonorailis
965 1492 1094 1565 paupe·
1143 1475 1226 1547 date
1245 1469 1432 1546 Dominum
1456 1469 1513 1564 qui
1544 1471 1675 1547 timetis
1700 1478 1829 1553 eumin
1842 1479 1968 1556 medio

282 1597 381 1649 rem·
400 1574 530 1649 Nonne
539 1569 671 1645 divites
686 1569 751 1663 pe'r
764 1569 958 1665 potentiam
973 1565 1095 1661 oppri·
1147 1564 1327 1642 Ecclefie.
1354 1564 1612 1657 ri·hudabunt
1624 1573 1887 1673 Dominnm‘qui
1905 1601 1967 1653 re·

206 1707 250 1762 10
283 1691 378 1747 munt
391 1697 456 1748 vos
469 1703 482 1744 e
495 1674 529 1743 δι
544 1666 605 1764 ipfi
617 1667 764 1741 trabunt
780 1691 841 1741 vos
851 1667 893 1741 ad
908 1665 1096 1751 iudicium?
1146 1667 1292 1761 quirunt
1308 1691 1391 1740 eum
1406 1713 1418 1736 .
1435 1676 1481 1738 P.
1498 1667 1537 1739 ln
1550 1669 1667 1748 medio
1680 1671 1853 1748 Ecclefie.

281 1772 412 1848 Nonne
429 1772 489 1866 ἱρῇ
506 1763 844 1842 blasfemantbonum
855 1787 986 1837 nomen
998 1763 1096 1856 quod
1196 1775 1318 1837 Preces
1338 1791 1349 1833 e
1374 1763 1574 1841 Penitentes
1605 1791 1728 1846 orate.
1752 1782 1798 1844 Et
1825 1769 1966 1860 sacrifi·
1992 1778 2027 1872 65

281 1869 481 1944 invocatum
493 1866 540 1938 eli
554 1861 656 1956 super
672 1867 768 1935 uos?
793 1865 828 1936 Si
844 1885 961 1940 tamen
979 1858 1094 1957 legem
1144 1862 1233 1934 cium
1250 1862 1411 1938 ·Offerte
1424 1862 1582 1939 Domino
1596 1874 1784 1945 mundum.

282 1965 472 2066 perfecistis
498 1961 650 2059 regalem
674 1960 855 2034 secundum
881 1960 1097 2054 scripturast
1195 1969 1310 2062 Qere
1327 1975 1418 2031 retro
1431 1963 1466 2032 ir
1479 1963 1696 2058 quarteferr'a
1708 1973 1820 2068 prime
1834 1961 1964 2048 hebdo-

283 2065 413 2168 diliger
441 2062 640 2161 proximum·
667 2074 762 2131 tuum
793 2059 877 2131 licut
906 2078 944 2130 te
962 2055 1094 2152 ipsums
1145 2061 1240 2130 made
1256 2053 1449 2148 fei-XCIX.

205 2188 223 2250 r
229 2189 249 2268 5
285 2162 489 2240 benefacitis
506 2157 698 2233 .Siantem
718 2157 896 2249 personam
907 2151 1067 2248 accipitis
1087 2178 1097 2222 r
1293 2235 1300 2248 ‚

283 2252 687 2362 peecatumoperaminir
700 2253 877 2354 redarguti
894 2250 1003 2351 alege
1013 2276 1097 2345 qua·
1493 2251 1618 2352 Mi'ffli·
1989 2288 2028 2371 7⁰

284 2362 311 2435 n
327 2358 426 2436 trans
448 2356 592 2432 reffores
607 2351 972 2448 ‹Quicumqneautem
988 2368 1100 2426 totam

177 2532 180 2536 ,
283 2456 319 2532 le
368 2384 635 2532 miervaveritz
651 2449 985 2563 offendatautemin
1001 2469 1098 2558 unos
1261 2450 1463 2550 Mnipotens
1479 2455 1676 2564 Deusrtibi
1693 2459 1963 2564 suppliceefuni

286 2561 321 2634 fa
358 2555 455 2632 usest
467 2551 620 2627 omnium
650 2569 753 2622 reus.
779 2550 855 2642 Qr
883 2570 979 2620 enlm
1006 2550 1098 2618 dtstt
1273 2551 1383 2626 dimus
1399 2560 1618 2652 precesaqui
1635 2562 1752 2657 operis
1779 2566 1829 2640 rui
1845 2569 1963 2641 danne

204 2681 254 2738 20
286 2680 358 2732 non
384 2647 595 2730 mechaberis
624 2672 634 2711 a
666 2645 757 2719 dixit
783 2648 819 2717 δι
841 2668 913 2719 non
932 2643 1097 2719 occides.
1148 2644 1182 2715 in
1198 2650 1406 2743 deceptione
1420 2654 1521 2746 primi
1547 2656 1694 2733 bominis
1716 2687 1787 2738 non
1801 2661 1961 2741 letatura

288 2754 394 2848 Qod
410 2751 434 2824 fi
451 2772 520 2823 non
536 2742 744 2818 mechaberis
767 2770 776 2810 ι
799 2744 937 2819 occides
954 2762 1066 2819 autem
1085 2767 1095 2808 t
1146 2739 1278 2817 salubre
1295 2746 1445 2823 victorie
1460 2753 1622 2847 gaudium
1646 2760 1845 2854 preilitisti.
1874 2769 1959 2862 Qu
1989 2790 2025 2872 75

285 2853 397 2929 fadus
409 2873 446 2921 es
460 2839 687 2941 transgrelsor
704 2836 792 2938 legis
808 2891 819 2913 .
833 2844 984 2936 Propter
1000 2839 1096 2932 quod
1146 2840 1182 2912 in
1198 2840 1404 2922 declinando
1433 2847 1607 2931 sudorem
1632 2855 1780 2931 criminis
1807 2887 1820 2929 e
1849 2863 1959 2959 ipsum

285 2954 332 3030 fic
348 2951 386 3026 lo
410 2943 527 3019 uimini
554 2968 564 3011 r
590 2941 624 3010 δι
640 2939 686 3010 fic
702 2939 804 3012 facite
830 2965 840 3007 a
866 2940 949 3013 ficut
966 2961 1028 3035 per
1044 2933 1096 3008 le·
1147 2942 1280 3034 peceati
1294 2944 1660 3029 fomitemementibns
1674 2956 1886 3048 posteritatis
1899 2985 1963 3034 ex·

287 3074 368 3149 gem
387 2973 561 3118 (iibertatis
588 3035 789 3132 incipientes
811 3036 954 3124 iudicari
970 3085 981 3108 .
1000 3035 1097 3114 ludi·
1150 3037 1322 3132 tirparet.
1353 3048 1400 3118 Ut
1427 3042 1603 3125 illeboilis
1614 3053 1782 3140 jeiunioe
1813 3057 1962 3135 baberet

206 3172 252 3248 ας
288 3149 378 3224 cium
392 3145 481 3217 enim
493 3140 562 3212 line
577 3133 810 3212 misericordia
836 3164 846 3203 ε
877 3133 927 3210 illi
947 3132 1005 3232 qui
1019 3156 1091 3207 uon
1144 3137 1345 3215 abstinentia
1374 3139 1540 3218 vincente
1574 3150 1756 3246 pernitiem
1786 3180 1797 3223 e
1826 3158 1886 3251 qul
1913 3155 1959 3231 -in

289 3247 372 3324 fecit
391 3231 689 3344 misericordiam..
710 3230 951 3327 superexaltat
972 3251 1090 3311 autem
1139 3235 1426 3315 eduliobabuerat
1433 3241 1516 3340 gula
1527 3248 1760 3343 precipitante
1773 3255 1956 3328 virtutem.
1984 3261 2020 3338 80

290 3339 522 3422 misericordia
536 3340 569 3411 in
584 3332 716 3429 iuditio
731 3376 743 3402 .
761 3345 809 3426 ξι.
825 3337 934 3411 nmen
952 3378 964 3405 .
1145 3336 1388 3433 Preeipuoque
1401 3343 1522 3427 ieiunii
1538 3347 1760 3423 medicamine
1772 3349 1962 3428 calcaretur

1140 3433 1313 3533 suggestio
1327 3439 1519 3533 pernitiosa
1532 3443 1702 3540 serpentis
1728 3477 1738 3517 a
1761 3448 1787 3538 ii
1804 3451 1963 3546 precepti

339 3545 451 3620 leiiio
466 3538 576 3611 Sentii
587 3529 769 3631 Evangelii
774 3530 956 3621 licendum
966 3527 1099 3626 §eirar-
1144 3533 1300 3605 custodia
1315 3539 1510 3636 pereminet
1524 3544 1720 3638 appetitum
1734 3545 1935 3643 voluptatis
1951 3595 1963 3622 .

209 3671 257 3745 30
290 3665 389 3716 nem·
782 3725 790 3742 ⁸
1028 3628 1072 3710 V
1070 3639 1098 3703 Ι·
1146 3628 1618 3713 Etsalutiferoeontinentie
1634 3644 1755 3739 rigore
1770 3645 1956 3742 suscepto:

351 3740 414 3817 Lio
426 3738 463 3811 'in
477 3752 640 3832 tempore
658 3727 859 3803 .Dom1nus
876 3726 989 3801 noller
1002 3731 1098 3808 lesus
1144 3747 1255 3822 atque
1268 3728 1381 3804 edacis
1405 3733 1512 3812 animi
1538 3741 1769 3816 -ass'entatione
1784 3745 1961 3838 postlnbi.
1987 3748 2020 3842 ες

290 3747 517 3927 IChristus
533 3830 737 3929 loquebatur
754 3823 968 3904 Phariseis&
989 3829 1097 3903 turbis
1150 3843 1225 3901 tae
1253 3828 1309 3901 bie
1329 3851 1437 3926 eaput
1456 3838 1581 3934 anguis
1603 3838 1833 3940 extingueret
1862 3871 1874 3913 a
1901 3842 1964 3940 qui
2020 3837 2023 3843 ’

289 3942 431 4015 dicens.
450 3930 658 4031 ‹operamini
668 3950 741 4000 non
750 3925 868 3999 cibum
894 3925 951 4019 qui
966 3927 1069 4022 periit
1087 3954 1099 3999 s
1149 3925 1353 4021 principium
1366 3933 1541 4008 damnaret
1557 3935 1709 4012 erroris.
1722 3941 1818 4039 Ergo
1835 3940 1965 4016 Domi.

121 4069 140 4091 ’-
289 4037 412 4133 sedqui
424 4049 605 4134 permanet
621 4029 655 4102 in
668 4024 781 4100 vitam
799 4042 953 4101 eternam
969 4052 978 4093 =
995 4046 1097 4118 quem
1147 4044 1191 4094 ne
1220 4049 1230 4091 ε
1255 4025 1314 4120 qui
1336 4028 1411 4099 sine
1426 4047 1463 4102 te
1481 4056 1542 4104 nec
1571 4040 1724 4109 evadere
1752 4061 1817 4112 nos
1832 4041 1965 4114 coniiet

211 4153 230 4227 3
237 4154 254 4225 5
289 4137 380 4213 filius
391 4130 544 4209 ‘hominis
560 4128 656 4201 dabit
670 4121 798 4195 vobis.
814 4123 919 4194 llunc
930 4123 1026 4197 enim
1039 4149 1100 4218 pa·
1147 4125 1242 4195 nolle
1267 4151 1280 4193 s
1301 4149 1370 4198 nee
1384 4127 1524 4203 vincere
1552 4160 1566 4202 4ε
1595 4155 1635 4206 tn
1651 4134 1685 4206 in
1697 4136 1800 4212 nobis
1814 4159 1964 4232 optrare

289 4256 348 4312 ter
361 4231 510 4329 {ignavie
521 4227 617 4299 Deus
633 4221 833 4293 ‚unxerunt
842 4242 931 4316 ergo
944 4223 1098 4296 adeum.
1141 4243 1216 4313 pro
1239 4220 1362 4294 nobis.
1380 4229 1427 4298 Ut
1443 4229 1532 4302 inter
1546 4228 1641 4305 illum
1659 4234 1769 4308 Adam
1783 4237 1842 4329 qui
1857 4235 1963 4330 periit
1989 4257 2026 4331 90

291 4332 387 4424 Quid
410 4328 577 4401 iaciemus
600 4341 643 4394 nt
666 4339 864 4412 operemur*
873 4340 987 4409 opert
1000 4318 1070 4390 Dei
1085 4323 1103 4389 i
1153 4316 1186 4386 in
1202 4321 1383 4409 paradisot
1401 4328 1438 4397 &
1451 4325 1546 4400 inter
1557 4326 1653 4403 illum
1668 4333 1725 4425 qui
1741 4330 1830 4404 vicit
1845 4333 1881 4404 in
1901 4334 1968 4405 he·

213 4474 216 4479 ·
291 4426 483 4526 Respondit
497 4417 592 4508 lesus
606 4413 835 4531 &dixit'eim
854 4414 932 4486 Hoc
946 4416 996 4526 est
1011 4440 1099 4529 opus
1148 4438 1252 4528 renuo
1276 4444 1287 4487 a
1314 4441 1384 4493 non
1415 4423 1515 4498 nobis
1544 4426 1715 4502 imitabilis
1743 4430 1786 4502 srt
1811 4426 1873 4502 ille
1902 4431 1965 4523 qui

292 4530 362 4604 Dei
383 4551 399 4595 :a
424 4544 465 4598 ut
473 4517 626 4598 credatis
636 4540 673 4588 nn
698 4535 777 4583 eum
792 4531 892 4602 quem
904 4513 998 4585 mitit
1011 4513 1097 4587 ille.
1146 4535 1246 4606 prior
1259 4539 1273 4584 a
1291 4514 1346 4586 sed
1361 4519 1488 4612 istequi
1503 4523 1646 4599 melior·
1673 4526 1833 4622 armagis
1846 4550 1966 4600 mune·

208 4641 261 4720 4ο
293 4627 468 4705 Dinetunt
479 4644 576 4719 ergo
591 4617 648 4689 ei·
674 4612 781 4699 Qod
796 4611 1037 4705 ergotuiacis
1051 4613 1096 4684 fi·
1147 4610 1194 4681 ris
1208 4613 1480 4691 conlideratione
1501 4644 1606 4713 quam
1618 4624 1816 4719 temporis:
1845 4621 1905 4696 ille
1918 4627 1960 4699 ad

168 4719 171 4728 ⁴
293 4721 666 4828 gnumeutvideatnus
683 4707 908 4781 &credamus
924 4709 1095 4804 tibiequid
1142 4707 1389 4784 immolandum
1415 4715 1544 4808 primus
1573 4722 1651 4794 sstr
1682 4719 1741 4815 qui
1766 4721 1963 4796 secundus.
1987 4737 2023 4816 95

292 4807 1095 4921 operaris?Patresnoilrimannamanducave-
1147 4806 1259 4890 Cuius
1273 4808 1317 4880 iic
1333 4811 1366 4882 in
1381 4812 1477 4885 nobis
1502 4817 1653 4911 exempli
1684 4820 1785 4891 vivat
1807 4818 1964 4893 utilitast

292 4915 575 5008 tuntindeserto
589 4939 598 4980 ε
614 4910 698 4982 sicut
714 4906 874 5001 scriptum
885 4905 958 4976 est».
974 4905 1101 4978 Panem
1146 4921 1189 4975 nt
1201 4903 1235 4973 in
1254 4925 1412 5001 tempore
1439 4936 1508 5005 quo
1538 4917 1586 4985 eil
1599 4918 1708 4990 anima
1725 4915 1965 4995 sanctificanda

293 5022 338 5093 de
355 5016 432 5090 celo
448 5013 545 5087 dedit
555 5009 608 5080 eis
625 5005 853 5081 manducare.
880 5002 981 5113 Dixit
1008 5026 1099 5100 ergo
1144 5004 1302 5085 ieiunio:
1320 5004 1492 5082 liberante
1511 5011 1666 5087 Antio're
1688 5041 1698 5082 ε
1728 5014 1902 5107 temperie
1918 5016 1966 5091 ira

210 5128 260 5206 45
292 5113 448 5192 eisJesus
464 5156 474 5178 .
504 5113 613 5179 Amen
626 5125 723 5174 amen
749 5101 831 5173 dico
849 5097 948 5172 vobis
963 5127 972 5167 =
987 5123 1097 5173 nom,
1150 5097 1277 5173 habeat
1289 5125 1408 5178 natura
1422 5107 1634 5188 substantiam
1649 5140 1659 5181 a
1675 5135 1720 5183 ne
1735 5135 1800 5207 per
1814 5113 1966 5192 inconti-

293 5209 439 5307 Moyses
454 5203 551 5277 dedit
563 5200 666 5273 vobis
683 5220 804 5290 panem
832 5198 876 5268 de
898 5194 976 5268 celo
1003 5223 1014 5264 r
1041 5196 1100 5267 sed
1147 5198 1304 5274 nentiam
1316 5203 1434 5278 veniat
1448 5207 1493 5278 ad
1506 5208 1639 5284 ruinam
1657 5257 1669 5280 ·
1990 5218 2031 5286 10<

293 5330 396 5410 pater
411 5325 505 5378 meus
520 5297 615 5370 dabit
627 5294 729 5367 vobis
748 5312 869 5384 panem
885 5292 932 5362 de
946 5290 1026 5366 celo
1037 5317 1103 5365 ve·

267 5405 275 5414 ’
294 5435 394 5487 fum.
423 5400 523 5480 Panis
536 5397 629 5470 enim
638 5391 706 5464 Dei
718 5389 770 5460 eli
790 5385 847 5485 qui
858 5387 1041 5499 descendit
1056 5389 1100 5462 de
1196 5401 1250 5485 132.
1264 5395 1410 5472 chorus.
1425 5401 1535 5477 Amen
1553 5451 1564 5476 .

294 5504 524 5581 ce102&dat
543 5495 651 5568 vitam
664 5490 794 5564 mundo
811 5532 821 5554 ·
848 5485 1025 5559 Diterunt
1045 5511 1105 5562 er·

216 5621 264 5695 50
298 5585 1104 5707 goadeum.Domine=semperdanobispa·
1433 5597 1683 5681 Aliaoratioi

246 5707 251 5712 ’
295 5683 1105 5782 nemhnnc‚DixitautemeislesusAEgosum
1564 5706 1571 5720 '
1992 5711 2031 5786 ιο,

296 5803 393 5900 panis
408 5802 509 5875 vite.
534 5792 605 5887 Qi
630 5790 725 5867 venit
755 5790 797 5861 ad
820 5810 898 5858 me:
929 5808 999 5897 non
1031 5783 1107 5858 esu-
1266 5791 1330 5868 Eni
1370 5795 1413 5870 ad
1440 5795 1651 5876 liberandum
1687 5825 1750 5878 nos
1780 5803 1964 5885 Dominess's

296 5903 391 5975 riet-
418 5902 460 5972 Et
473 5898 528 5992 qui
545 5891 655 5965 credit
670 5891 705 5963 in
721 5908 775 5963 me
802 5911 812 5954 ε
841 5911 908 5958 non
933 5886 1027 5957 litter
1043 5907 1104 5955 un·
1289 5894 1384 5969 Deus
1422 5899 1589 5973 uirtutum
1621 5905 1692 5975 s&
1722 5903 1888 6000 quicquid
1930 5906 1963 5978 in

295 6021 398 6097 qnam
414 6001 502 6077 .Std
516 5991 589 6072 dixi
603 5991 707 6071 vobis
722 5985 822 6088 equit
836 5987 871 6062 ὃ(
885 5982 1013 6066 vidistit
1027 6007 1101 6093 ures
1151 6008 1357 6092 conceptum
1381 5993 1539 6073 defiderii
1557 5999 1663 6076 nostri
1685 5998 1773 6078 iilud
1799 5999 1959 6102 pestilens

281 6125 305 6135 .,
1221 6122 1223 6126 ·
1896 6123 1964 6175 am·
