4450 7209
259 2446 309 2526 ¹„
751 2531 752 2534 Ν
877 2422 881 2424 ’
927 2430 1133 2512 UM
1217 2425 1523 2512 Miffale
1586 2425 2113 2514 Mozarabum
2171 2488 2198 2534 ,
2264 2424 2456 2535 jussu
2537 2429 2615 2510 8<
2681 2427 3045 2542 impensis
3107 2431 3496 2529 Francisci

337 2530 382 2601 π’
950 2541 1381 2628 Cardinalis
1446 2546 1799 2629 Ximenii
1859 2543 1955 2626 de
2016 2542 2371 2628 Cisneros
2409 2607 2436 2652 ,
2500 2547 2778 2629 Toleti
2844 2548 3057 2659 typis
3121 2548 3496 2659 editum,

374 2642 390 2662 '
450 2663 456 2688 '⁴
699 2630 847 2793 ’.ἦ
955 2660 1034 2743 in
1087 2665 1360 2744 manus
1395 2690 1611 2747 meas
1670 2662 2022 2777 primum
2065 2662 2390 2744 venisset
2428 2724 2454 2765 ‚
2519 2661 2696 2747 haefi
2735 2726 2762 2772 ,
2825 2663 3143 2772 fateor,
3209 2667 3289 2751 in
3330 2668 3497 2780 ipso

386 2846 402 2858 ,,
462 2774 482 2802 *
615 2790 707 2862 ᾛΞ
735 2773 843 2891 „4⁴
885 2857 886 2871 Ν
948 2779 1190 2862 titulo
1227 2839 1249 2862 .
1309 2779 1533 2895 Quid
1569 2783 1718 2865 hoc
1756 2843 1783 2888 ,
1845 2779 2153 2889 ajebam
2194 2841 2219 2884 ,
2285 2772 2619 2890 Miffale
2669 2777 3013 2868 mixtum
3051 2779 3497 2893 secundum

258 2911 286 2931 “
397 2882 458 2934 Γ
566 2922 575 2948 ⁵
647 2890 799 2918 W
949 2891 1308 3010 regulam
1355 2894 1606 2985 Beati
1661 2893 1948 3009 Istdori
2003 2893 2305 2981 diHum
2359 2891 2912 3008 Moza'rabes?
2978 2929 3170 2983 num
3238 2908 3313 2990 S.
3353 2903 3494 2987 Isi-

918 3011 1148 3096 dorus
1212 3016 1520 3100 Miffale
1584 3013 2006 3127 aliquando
2070 3012 2514 3125 composuit
2557 3076 2584 3121 ,
2649 3015 2861 3123 quod
2925 3019 3488 3126 Braulionem,

264 3135 341 3218 8<
410 3130 972 3221 Hildefonsum
1038 3133 1271 3216 latuit
1325 3128 1355 3213 ἓ
1422 3156 1599 3217 tum
1663 3130 1854 3216 illud
1918 3126 2486 3217 mixtum-cur
2544 3126 2941 3213 additur?
3003 3162 3103 3216 an
3167 3135 3483 3221 fortasse
3554 3150 3601 3206 2

265 3246 554 3362 (quod
619 3250 1022 3365 Eugenius
1084 3246 1181 3331 de
1245 3251 1538 3337 Robles
1601 3246 1947 3363 prodidit
1990 3312 2017 3357 ,
2081 3240 2201 3358 (a)
2268 3249 2345 3330 8<
2412 3248 2656 3361 vulgo
2717 3245 3153 3361 creditur)
3218 3254 3488 3368 Mista-

271 3367 336 3451 le
400 3370 893 3485 appellatum
959 3365 1068 3449 est
1112 3362 1474 3453 'mixtum
1533 3431 1560 3476 ,
1625 3368 1812 3477 quia
1875 3366 1988 3449 illi
2072 3364 2510 3448 recentiora
2572 3365 2932 3475 quaedam
2990 3429 3016 3474 ,
3077 3395 3126 3450 e
3188 3370 3492 3458 Miffali

274 3488 670 3571 Toletano
732 3486 1210 3599 deprompta
1263 3549 1290 3594 ,
1367 3483 1463 3568 de
1552 3483 1926 3569 mandato
1990 3481 2344 3567 Ximenii
2403 3544 2428 3587 ,
2492 3482 2778 3567 inserta
2860 3484 3185 3568 fuerunt
3244 3482 3274 3568 ἓ
3337 3486 3490 3577 Sed

281 3605 704 3713 Roblesm,
767 3628 1093 3689 centum
1159 3607 1236 3686 8<
1297 3603 1637 3716 amplius
1699 3629 1993 3707 annos,
2060 3598 2226 3712 post
2287 3598 2594 3683 editum
2659 3601 3015 3710 Missale,
3081 3603 3245 3688 haec
3289 3605 3490 3691 ‘scri-

285 3718 494 3806 benti
542 3787 570 3832 ,
654 3750 855 3835 aegre
937 3720 1173 3804 fidem
1235 3721 1694 3829 habebam,
1757 3749 1898 3804 nec
1961 3719 2178 3800 enim
2249 3718 2597 3801 moribus
2677 3721 2968 3834 optimi
3047 3721 3487 3809 cardinalis

290 3841 697 3926 convenire
767 3838 1240 3922 videbantur
1297 3869 1492 3953 opus
1556 3840 1963 3952 egregium
2022 3898 2050 3943 ,
2111 3834 2207 3917 de
2272 3833 2707 3942 industria,
2774 3839 3061 3921 vitiare
3114 3902 3141 3947 ,
3204 3843 3282 3924 8<
3347 3852 3490 3954 po-

294 3951 481 4040 stetis
537 3955 902 4043 fraudem
966 3958 1223 4040 facere
1289 3958 1684 4058 voluisse.
1747 3962 2215 4062 Utrumque
2281 3975 2555 4035 autem
2619 3955 2912 4039 fecisset
2968 4017 2995 4059 ‚
3064 3957 3117 4040 si
3173 4019 3201 4064 ,
3266 3960 3482 4043 nulla

299 4077 646 4183 praemissa
707 4074 1248 4157 admonitione
1305 4138 1332 4183 ,
1394 4075 1702 4159 Miffale
1765 4073 2299 4157 Mozarabum
2363 4071 2817 4185 interpolari
2879 4070 3209 4180 juffiss‘et.
3245 4134 3268 4157 .
3330 4083 3477 4162 Me
3546 4092 3590 4178 3

307 4192 515 4276 etiam
577 4193 972 4278 solicitum
1038 4192 1436 4277 habebant
1501 4193 1736 4276 variae
1799 4190 1894 4273 de
1935 4188 2464 4290 Mozarabum
2531 4191 2811 4273 ritibus
2873 4187 3286 4311 doQorum
3346 4195 3485 4276 ho·

309 4309 573 4397 minum
644 4312 1053 4425 opiniones
1106 4373 1131 4416 ,
1194 4339 1390 4421 quas
1447 4312 1583 4395 alii
1644 4309 1992 4414 vetustos
2055 4308 2199 4391 esse
2256 4368 2282 4413 ,
2350 4310 2427 4391 8<
2506 4308 2587 4390 in
2654 4309 3053 4420 Hispaniae
3118 4312 3481 4399 Ecclefiis

310 4421 418 4508 diu
469 4431 786 4513 usitatos
848 4430 1184 4513 afferunt
1239 4491 1260 4512 .
1327 4429 1493 4515 Alii
1553 4450 1831 4511 contra
1908 4455 1953 4508 e
2015 4432 2575 4512 Romanorum
2631 4489 2658 4534 ,
2721 4427 3479 4539 Gallicanorumque

312 4541 562 4632 rituum
636 4548 1166 4660 permixtione
1204 4608 1229 4651 ,
1288 4547 1499 4630 haud
1563 4547 1674 4630 ita
1740 4543 2044 4658 pridem
2102 4607 2127 4650 ,
2195 4567 2418 4626 natos
2480 4544 2971 4627 contendunt
3025 4605 3045 4628 .
3110 4547 3277 4631 Alii
3339 4547 3472 4630 de-

315 4684 500 4749 mum
579 4668 817 4750 libros
881 4665 1281 4776 liturgicus
1343 4664 1873 4749 Mozarabum
1949 4664 2049 4745 ab
2114 4662 2534 4748 Haereticis
2612 4664 2805 4746 olim
2868 4664 3087 4747 fuiss‘e
3153 4665 3479 4750 vitiatos

316 4782 694 4890 opinantur
750 4846 772 4867 .
836 4791 956 4871 Ea
1018 4784 1222 4865 mihi
1285 4783 1906 4867 obversabantur
1957 4843 1985 4888 ,
2046 4780 2174 4863 cui
2236 4780 2544 4865 Missale
2614 4769 2975 4867 Ximem'i
3029 4844 3056 4889 ,
3120 4781 3279 4866 solo
3341 4813 3475 4868 no·
3536 4801 3600 4886 4

315 4899 548 5007 mine,
607 4902 867 4986 adhuc
931 4926 1212 4984 notum
1277 4923 1448 4984 erat
1485 4961 1505 4984 .
1570 4901 1718 4988 Sed
1783 4899 1919 4983 ubi
1981 4898 2270 4983 librum
2338 4927 2477 5011 per
2537 4899 2798 4983 otium
2861 4900 3233 4984 evolvere
3269 4964 3297 5009 ,
3358 4927 3478 4987 at-

316 5037 435 5118 que
485 5020 936 5136 diligentius
999 5018 1454 5103 examinare
1516 5019 1741 5102 licuit
1783 5081 1810 5126 ‚
1876 5041 2046 5100 tam
2109 5017 2379 5100 crebra
2418 5062 2460 5123 ,·
2505 5045 2651 5101 nec
2704 5019 3078 5131 ambigua
3116 5082 3143 5128 ,
3207 5022 3479 5132 genui·

315 5155 406 5213 1¹ae
454 5140 951 5250 antiquitatis
987 5135 1263 5219 inditia
1297 5137 1767 5220 occurebant
1823 5198 1850 5243 ,
1915 5158 2005 5218 ut
2067 5133 2163 5216 de
2197 5137 2800 5221 sacramentarii
2841 5137 3070 5245 hujus
3130 5140 3479 5248 antiqui·

317 5267 446 5337 tate
512 5253 1279 5370 diu'ambigendum
1362 5282 1518 5338 non
1581 5253 1820 5339 fuerit
1859 5313 1880 5337 .
1962 5260 2340 5338 Formam
2425 5254 2899 5339 celebrandae
2964 5258 3476 5341 Eucharistiae

310 5362 536 5460 inveni
592 5439 620 5484 ,
683 5405 841 5460 non
925 5371 1163 5458 modo
1242 5400 1290 5456 a
1349 5380 1808 5459 Graecorum
1865 5434 1893 5479 ,
1959 5375 2037 5456 8<
2098 5373 2638 5460 Orientalium
2707 5374 3156 5488 Anaphoris
3217 5375 3474 5459 diver-

310 5480 438 5574 sam
473 5557 498 5600 ,
539 5490 683 5578 ·sed
748 5495 847 5576 ab
898 5494 1426 5581 Ambrosiana
1487 5518 1806 5602 quoque
1845 5551 1872 5589 ‚
1933 5493 2010 5605 8<
2076 5518 2125 5573 a
2186 5488 2553 5577 Romana
2616 5491 2934 5604 liturgia
3001 5494 3472 5604 plerumque

308 5597 847 5697 dissentientem
903 5672 925 5696 .
988 5619 1221 5699 Hanc
1286 5635 1561 5697 autem
1641 5610 1720 5693 in
1791 5607 2172 5722 Hispania
2248 5609 2386 5694 diu
2447 5609 2859 5694 obtinuisse
2937 5609 3173 5696 fidem
3238 5613 3469 5697 facie·
3537 5632 3582 5721 5

310 5716 469 5814 bant
541 5758 591 5817 a
646 5730 1019 5819 eonciliis
1083 5727 1724 5852 Hispaniensibus
1784 5725 2060 5812 sanciti
2107 5789 2138 5839 ‚
2201 5732 2283 5816 8<
2340 5758 2417 5849 a=
2448 5734 2527 5820 S.
2582 5727 2881 5819 lfidoro
2940 5726 3307 5845 descripti
3369 5732 3471 5814 ri·

2040 5872 2092 5930 a
3275 5870 3404 5935 tus

250 6074 267 6087 ⁹
360 6004 479 6087 (a)
520 6002 871 6087 Delvita,
915 6005 977 6071 δι
1027 5999 1222 6090 gestis
1271 6002 1471 6069 Card.
1524 5998 1819 6068 Xitnenii
1865 6017 2120 6088 cap-323
3434 5907 3467 5962 ,
