4450 7209
281 786 355 877 284
572 762 1613 857 Fusrdmuustssntiunrtti.

199 894 204 903 '
220 954 224 959 .
280 877 478 977 indignatio
493 890 551 951 tut
561 900 572 945 r
584 876 621 945 ἃ
635 870 768 969 piscare
783 873 883 967 super
896 872 960 946 hcc
971 872 1072 947 sacri·
1414 873 1621 948 resedistis.

279 978 355 1051 sicis
369 969 579 1051 ribioblstas
594 990 631 1041 ut
648 973 752 1051 totins
764 968 881 1042 desidi
897 972 999 1043 nostri
1013 972 1073 1041 dc·
1235 972 1435 1067 Mnipotens
1445 971 1540 1041 Deus
1553 971 1606 1045 cui
1620 968 1667 1044 ob
1676 966 1925 1051 indictunhoc
1950 978 1992 1073 μ’

281 1072 355 1147 iens
370 1068 639 1167 chirographum
661 1096 672 1136 s
699 1067 885 1141 institutum
904 1092 923 1140 s
941 1086 977 1139 tc
1004 1068 1072 1141 hoc
1122 978 1215 1156 O
1244 1066 1549 1156 jejuniumsnodrs
1563 1070 1736 1161 prndpmus
1760 1072 1921 1148 criminae
1951 1112 1957 1155 ι

281 1172 431 1245 nostrum
448 1167 857 1258 ieiuniumscccptctur·
886 1168 954 1239 Per
966 1164 1071 1235 Chri·
1122 1166 1163 1240 sb
1190 1168 1286 1242 omni
1315 1186 1380 1237 vor
1408 1160 1538 1235 dciido
1567 1166 1729 1237 immunes
1760 1168 1920 1241 efficiat.

110 1252 124 1263 ⁶
236 1262 1074 1356 5dumDominumacredemptoremcternum.
1126 1278 1174 1357 132·
1192 1272 1327 1339 Amen·
1365 1260 1555 1353 suscipiens
1581 1262 1688 1334 vestre
1714 1260 1919 1339 abstinentie

477 1358 554 1443 Posi
572 1362 710 1453 pridie.
735 1363 881 1431 oratio.
1123 1385 1259 1457 precem
1277 1385 1286 1427 s
1310 1378 1493 1451 numquam
1508 1378 1571 1430 vos
1587 1358 1742 1451 patiatur
1757 1386 1776 1433 s
1792 1360 1856 1435 suo
1868 1364 1919 1434 di·

409 1456 487 1531 Uitc
504 1459 578 1530 sunt
593 1457 785 1530 avcrfiones
802 1456 933 1530 nostres
948 1457 1071 1550 quibus
1122 1460 1194 1533 vidi
1211 1481 1361 1552 corpore
1378 1502 1390 1526 .
1416 1470 1466 1547 13:-
1476 1456 1605 1527 Amen·
1629 1454 1673 1526 Ut
1688 1454 1777 1529 ficut
1789 1482 1920 1533 ammo·
1941 1478 1980 1549 35

417 1554 601 1649 impeditis
617 1572 653 1625 te
671 1554 881 1628 recessimus:
907 1576 971 1624 nec
986 1578 1071 1628 ocu·
1119 1556 1213 1631 uitio
1243 1561 1320 1639 ejus
1335 1576 1401 1627 vos
1413 1554 1573 1647 prevenit
1588 1578 1598 1619 r
1625 1572 1692 1643 qus
1704 1550 1825 1626 divine
1843 1557 1920 1629 soi·

282 1650 336 1729 los
352 1656 394 1726 sd
419 1652 527 1727 cesum
542 1647 719 1723 sublevare
733 1651 920 1722 audemus.
945 1652 1011 1722 Sed
1029 1672 1068 1725 tu
1112 1650 1365 1727 madverfionis
1382 1648 1526 1723 evasistis
1542 1648 1745 1722 sententiam
1760 1678 1771 1720 ε
1786 1650 1835 1727 ita
1852 1654 1918 1727 mi·
1981 1666 1983 1671 '

214 1770 259 1823 ιο
282 1749 341 1916 qppi
359 1746 494 1841 inspicis
511 1772 573 1913 nps
590 1745 693 1861 dejici
706 1745 916 1916 conspieptir
926 1750 1068 1917 ppdpsi
1120 1744 1250 1825 serario
1268 1746 1510 1940 subseptmtppnr
1541 1769 1606 1841 qua
1619 1748 1860 1917 peerlducppipi
1874 1752 1917 1825 ad

280 1869 391 1921 seva
407 1868 471 1919 nos
488 1870 532 1919 mr
549 1863 702 1918 crstrone
765 1866 901 1916 suta.
1026 1868 1070 1921 oc
1118 1870 1320 1923 coronam·
1397 1892 1406 1915 .
1501 1866 1583 1914 cn·
1717 1867 1921 1922 mrcrrcor·

278 1942 479 2017 sacrificium
505 1967 571 2038 pro
597 1868 878 2013 desistisgrnostris
894 1939 1067 2015 miseratus
1117 1946 1209 2019 diam
1227 1946 1327 2039 ipfius
1340 1946 1407 2017 &o
1416 1937 1585 2017 Dominus
1608 1938 1651 2015 fit
1664 1937 1804 2037 semper
1816 1944 1921 2021 vobi·
1941 1946 1987 2039 4cj

281 2041 477 2135 occipiens:
499 2041 541 2114 ab
556 2037 652 2112 omni
666 2060 730 2110 nos
743 2037 883 2115 crimine
895 2039 1071 2132 propicia·
1120 2042 1210 2119 scum
1226 2091 1237 2113 .

279 2154 336 2209 tus
352 2140 532 2212 emundes.
558 2152 607 2224 132.
623 2139 762 2207 Amen.
1168 2146 1269 2214 Dicar
1295 2140 1441 2214 chorus.
1465 2135 1632 2209 Gudate.
1660 2142 1745 2212 corrr-
1778 2138 1920 2213 Refedi

203 2252 252 2331 ιις
326 2231 648 2320 Adconfraiiionsnr
655 2234 770 2329 panis.
786 2232 952 2322 Antisorra
966 2281 976 2305 .
989 2235 1064 2311 Fiet
1115 2238 1241 2311 etnim
1258 2260 1428 2333 corpore·
1458 2245 1571 2338 err
1598 2233 1632 2304 in
1640 2230 1722 2330 festo
1739 2238 1920 2333 Corporis.

279 2330 512 2407 misericordia
525 2348 588 2401 tus
599 2329 752 2408 Domine
764 2327 865 2426 super
879 2354 942 2404 nos
953 2359 963 2401 z
976 2331 1062 2408 sicut
1111 2332 1237 2422 christi.
1245 2335 1491 2425 fol-CCLXVII-

278 2426 486 2520 spersvimus
502 2430 536 2501 in
551 2445 586 2499 tc
601 2476 614 2499 .
1122 2480 1128 2489 -

423 2529 485 2595 Ad
499 2525 683 2599 orationem
696 2526 925 2598 Dominicsrrri
1447 2527 1588 2600 orario.

370 2620 590 2693 Rubescimus
606 2624 757 2695 Domine
772 2641 808 2691 te
824 2626 960 2695 Patrem
970 2624 1068 2695 voci·
1222 2627 1329 2703 Efesii
1359 2626 1484 2699 cundi
1501 2625 1665 2717 Corpore
1689 2627 1725 2700 δι
1740 2625 1917 2723 sanguine
1940 2647 1983 2721 45

207 2740 256 2793 so
381 2717 440 2789 bus
454 2712 727 2812 appellare.qui
741 2714 889 2791 filiorum
906 2718 1067 2793 amifinius
1234 2726 1431 2820 pariterque
1468 2718 1666 2795 sanctificati
1705 2722 1789 2801 Deo
1819 2725 1917 2797 Patri

275 2813 505 2911 dignitatem.
529 2809 595 2883 Sed
609 2812 687 2906 quia
703 2832 851 2907 paterno
866 2815 988 2889 affeciu
1004 2841 1067 2891 uos
1118 2824 1356 2916 omnipotenti
1367 2820 1489 2919 gratiss
1509 2818 1694 2891 reseremus
1711 2849 1721 2892 s
1749 2840 1787 2893 ut
1801 2844 1869 2895 nor
1882 2822 1917 2893 io

276 2910 407 2985 salvas:
437 2934 514 2985 cum
529 2910 572 2978 dc
586 2914 736 3004 propriis
749 2907 880 2981 delictis
895 2935 964 2987 non
975 2914 1068 2995 iudi·
1117 2921 1234 2991 erdem
1253 2914 1765 3001 refetiionefflsndiiiicstione
1781 2917 1917 2990 haben·

274 3031 357 3082 cas:
384 3009 464 3082 ideo
481 3006 541 3080 etsi
555 3005 688 3102 indigni
714 3006 776 3082 filii
796 3025 936 3099 paterne
951 3027 1066 3083 tamen
1117 3032 1193 3086 test
1223 3016 1278 3087 hic
1296 3020 1330 3089 δι
1344 3014 1377 3085 in
1393 3016 1513 3087 futuro
1526 3010 1643 3084 secuso
1661 3009 1810 3107 gloriam
1828 3039 1912 3109 pcr-

279 3127 415 3199 prccem
435 3099 609 3177 fundimus
625 3104 747 3195 pietati
759 3150 771 3175 .
798 3106 963 3179 Petentes
980 3125 1017 3183 ut
1032 3107 1065 3181 irs
1113 3113 1298 3205 cipismus.
1324 3126 1373 3205 132·
1396 3119 1533 3185 Amen.
1560 3109 1626 3182 uer
1641 3109 1913 3184 miscricordiam
1942 3130 1985 3203 so

206 3224 227 3273 2
232 3226 251 3295 5
278 3203 347 3277 hoc
372 3204 485 3276 nostre
501 3198 692 3275 afflidionis
710 3221 895 3294 tempores
919 3205 1066 3277 nostrum
1116 3226 1210 3284 tuam
1222 3210 1315 3282 Deus
1331 3210 1443 3281 noster
1456 3211 1523 3279 &o
1538 3202 1705 3278 Dominus
1720 3207 1762 3277 iit
1780 3207 1918 3302 semper

274 3299 392 3385 jubeas
405 3317 585 3393 peccatum
601 3298 786 3373 omitteres
802 3302 900 3389 Qos
916 3300 977 3371 etsi
992 3325 1066 3373 me·
1116 3309 1288 3379 vobiscum
1309 3353 1320 3375 .
1345 3319 1393 3400 lje.
1407 3306 1448 3376 Et
1460 3326 1560 3377 cum.
1581 3300 1618 3374 In
1634 3302 1771 3375 nominc
1786 3306 1921 3380 Domi·

276 3395 356 3469 ritis
384 3396 587 3488 nequimuse
613 3391 725 3467 saltim
752 3392 877 3471 essedo
902 3399 1015 3472 cordis
1030 3419 1066 3473 te
1116 3401 1151 3473 ni
1173 3406 1275 3480 nostri
1296 3402 1371 3487 Jesu
1401 3399 1551 3475 Christis
1594 3401 1814 3498 perficiamus
1843 3424 1922 3485 cum

277 3492 417 3565 Patrem
432 3495 630 3566 invocemus
642 3510 747 3586 atque
760 3493 935 3569 dicamus.
962 3497 1069 3570 Pater
1116 3523 1201 3595 prce
1217 3549 1228 3573 .
1252 3515 1302 3597 βε.
1318 3498 1399 3593 Deo
1414 3498 1570 3601 gratius

274 3590 405 3662 ooder.
422 3588 635 3668 Honditate
650 3612 716 3665 vos
730 3595 798 3665 &o

606 4218 848 4330 frium*
895 4217 1208 4331 PAdTrs
1254 4226 1594 4341 PRJMAEs
