4450 7209
454 808 458 820 .
594 740 1626 827 'ADVENTUSDOMI'N'L''
1922 772 1940 852 ς

282 853 340 932 t'ui
355 882 365 926 a
383 854 674 949 deprecamurque
687 848 902 925 clementiam
922 866 1012 921 tuam
1030 867 1092 922 :ut
1142 873 1275 926 morum
1299 847 1443 923 utilitati
1465 876 1527 945 per
1541 851 1741 927 charitatem
1773 852 1879 928 servit
1904 878 1947 927 ne
1979 879 2020 950 55

282 971 370 1028 ante
398 949 618 1047 conspectum
646 949 768 1021 divine
795 946 979 1030 maiestatis
1005 965 1092 1019 tue:
1141 947 1570 1025 errorisinsonetcaluma
1596 952 1655 1023 sed
1665 954 1825 1025 veritatis
1842 951 1949 1026 resul-

283 1076 367 1126 eum
389 1053 501 1128 odore
516 1046 695 1123 suavitatis
718 1045 878 1118 ascendat
892 1093 903 1113 .
930 1045 997 1117 Per
1009 1069 1094 1116 eun-
1144 1064 1198 1119 tet
1209 1047 1280 1120 line
1294 1048 1595 1143 lineprecouiuma
1610 1073 1673 1142 per
1689 1049 1830 1122 teDeus
1844 1075 1949 1123 meust

282 1151 363 1222 dem
388 1149 560 1226 Christum
580 1144 770 1219 Dominum
796 1142 942 1213 nostrum
970 1166 1093 1216 amen.
1138 1141 1200 1241 qui
1210 1143 1490 1239 vivis&regnas
1504 1144 1536 1215 in
1546 1145 1656 1221 secula
1666 1146 1949 1224 seculoruanen.
2004 1197 2015 1216 ,

235 1265 257 1334 5
331 1258 447 1319 Ponat
462 1245 600 1317 calicem
621 1242 724 1337 saper
745 1263 866 1311 arama
892 1242 1095 1336 &accipiat
1193 1245 1317 1337 Incipit
1332 1243 1452 1337 Missa.
1475 1246 1578 1313 Dicat
1590 1241 1709 1315 Presb.
1723 1244 1894 1319 Dominus
1907 1247 1952 1319 fit

211 1352 234 1417 τ’
277 1343 424 1431 filiolam
440 1339 510 1430 line
531 1338 793 1430 santificatione
814 1343 858 1412 tl·
879 1336 1094 1435 ponatsuper
1144 1339 1281 1432 semper
1295 1338 1500 1413 vobiscum.
1524 1352 1577 1433 lja.
1589 1342 1628 1411 lit
1640 1363 1749 1414 eunt.
1808 1349 1949 1416 orario.
1973 1347 2022 1416 60

284 1434 651 1525 calicemauendossc.
848 1436 991 1507 oratio.
1248 1437 1429 1509 Dventum
1444 1436 1589 1510 Domini
1605 1439 1707 1512 nollri
1729 1439 1951 1518 lesuChtilli

287 1539 389 1719 H
398 1541 475 1610 Anc
501 1532 721 1611 oblationem
737 1528 1092 1626 quesumusDomine
1274 1534 1396 1606 fratres
1426 1532 1638 1606 dilediillimi
1663 1539 1757 1609 votis
1791 1537 1951 1612 omnibus

414 1632 564 1732 placatus
577 1632 756 1721 admittes
777 1633 814 1704 δι
836 1630 989 1705 omnium
1004 1631 1093 1704 offe·
1144 1626 1370 1724 prestolantes
1388 1659 1397 1700 a
1423 1631 1493 1703 Dei
1521 1633 1629 1726 patris
1656 1634 1951 1730 omnipotentiam

216 1756 262 1812 10
285 1736 437 1811 rentium
470 1753 589 1803 eorum
610 1755 680 1825 pro
714 1727 833 1821 quibus
861 1728 922 1801 tibi
944 1726 1095 1804 'offertur
1144 1724 1393 1822 imploremusa
1417 1749 1457 1802 ut
1471 1731 1578 1804 eorda
1593 1731 1706 1805 nostra
1719 1730 1952 1828 purificeta&
2002 1730 2015 1779 ··'

211 1856 221 1917 g
280 1853 423 1930 peccata
437 1827 610 1925 indulge·
636 1832 703 1902 l’er
716 1827 888 1898 Christum
903 1824 1091 1899 Dominum
1137 1847 1291 1921 corpora
1306 1826 1520 1902 immaculata
1533 1828 1743 1904 conservet.
1766 1826 1950 1904 Detalsili·
1968 1832 2024 1923 ὅς,

283 1932 440 2005 nostrum
456 1950 579 2001 amen.
604 1934 648 1995 Et
674 1928 766 1997 dicat
788 1923 917 2017 januis
939 1921 1092 1997 manibus
1138 1941 1252 1997 tatem
1266 1923 1418 1997 fidelium
1435 1925 1611 1998 mentibus
1625 1924 1949 2024 fideliterquertrea

283 2024 536 2113 incusamusa,
720 2025 866 2093 oratio.
1143 2022 1240 2113 quod
1256 2020 1354 2097 saluti
1384 2024 1490 2117 polsrt
1514 2025 1671 2117 prodesse
1684 2072 1699 2094 .
1723 2023 1951 2121 urpeuemru

352 2125 387 2197 N
404 2116 746 2219 spititulrumilitatis
770 2120 806 2190 &
832 2118 869 2192 in
881 2117 997 2190 animo
1007 2144 1095 2192 con·
1141 2118 1710 2195 conscientiasecuraventuruma
1730 2145 1833 2218 quem
1844 2123 1952 2218 super

221 2241 260 2317 15
284 2130 335 2314 I
358 2223 448 2296 trito
470 2218 685 2313 suscipiamur
701 2215 851 2288 Domine
866 2244 887 2290 a
902 2236 963 2289 tea
989 2220 1023 2288 ἃ
1045 2218 1089 2289 fic
1138 2240 1281 2291 omnem
1309 2216 1542 2312 principatum
1566 2220 1607 2290 a&
1630 2217 1951 2312 potestatescredi-
2005 2212 2010 2227 '

211 2348 241 2397 t·
282 2317 747 2402 fiatsaerifieiumnoliruma
773 2332 811 2385 ut
837 2312 1090 2408 ateluscipia·
1140 2337 1217 2385 mus
1234 2313 1448 2388 exaltatum·
1471 2317 1582 2390 Simus
1603 2315 1711 2390 etiam
1737 2313 1946 2414 perlingula
1971 2340 2022 2416 70

284 2444 361 2494 mur
373 2415 480 2493 hodie
491 2442 507 2489 ,a
534 2430 575 2491 =ut
589 2410 721 2509 placeat
731 2411 797 2483 tibi
809 2410 964 2482 Domine
981 2413 1095 2482 Deus.
1141 2431 1319 2486 momenta
1330 2411 1471 2487 solliciti
1489 2442 1504 2483 a
1524 2431 1563 2484 ut
1579 2434 1771 2487 mereamur
1784 2414 1947 2489 haberes

284 2516 373 2589 Veni
389 2515 512 2589 strete
527 2511 676 2605 Spiritus
689 2505 945 2582 sanctificatura
971 2507 1094 2581 sanui-
1140 2511 1337 2605 propicium
1362 2533 1462 2606 quem
1484 2508 1657 2583 eredimus
1677 2511 1886 2585 &fatemur
1906 2513 1953 2586 ad

284 2617 348 2689 lica
369 2611 650 2691 hoclacrificium
672 2609 718 2685 de
741 2607 894 2684 manibus
913 2606 998 2677 meis
1017 2605 1091 2685 ,nbi
1136 2608 1341 2702 judieandos
1369 2630 1437 2680 uos
1455 2607 1556 2682 vivos
1577 2610 1787 2685 &mortuos
1813 2609 1850 2681 in
1867 2610 1948 2710 glo·
2004 2696 2013 2709 ἱ

222 2732 264 2788 ao
282 2729 526 2815 preparatum.
1142 2706 1194 2778 ria
1207 2708 1273 2777 else
1289 2722 1502 2778 venturum.
1523 2718 1576 2793 ¹132.
1593 2709 1703 2778 Amen
1717 2754 1732 2776 .
2000 2734 2012 2742 ··

225 2833 232 2896 ς
329 2814 394 2882 Hic
414 2803 692 2905 punatinceufiam
713 2801 941 2876 vt‘utlnaribulo
971 2806 1016 2876 (θ’
1038 2801 1091 2870 in·
1145 2848 1147 2853 -
1188 2805 1293 2874 Dicat
1308 2799 1430 2877 aresi.
1455 2802 1809 2879 Permisericordiam
1820 2812 1947 2887 tuam)
1969 2828 2018 2909 75

282 2908 391 2997 cenfivt
403 2902 612 3002 sacrficium
620 2899 851 2996 ssplacuerita
874 2896 981 2996 postea
992 2895 1090 2969 incli-
1140 2896 1237 2970 Deus
1253 2901 1367 2975 nollet
1392 2899 1450 2995 qui
1466 2925 1503 2971 es
1517 2901 1719 2974 beneditus
1739 2905 1780 2974 dt
1796 2902 1891 2981 vivis
1904 2915 1946 2986 ’ἃ

282 3021 338 3078 aet
356 3005 396 3094 se
413 3000 569 3078 Sacerdos
592 3000 626 3070 in
643 2998 785 3071 medium
800 2995 943 3071 „altaris
956 2989 1088 3092 juullis
1133 2997 1256 3070 <omnia
1272 2998 1413 3094 regiain
1428 2992 1753 3071 seculaseculorum·
1768 3008 1946 3094 malorem

282 3097 461 3175 naribus
485 3104 532 3181 φ·
546 3097 637 3166 dicat
660 3093 849 3165 aleaume.
876 3097 1087 3179 Adiuvates
1186 3101 1287 3166 Dicat
1299 3092 1422 3167 Presb.
1442 3094 1602 3163 elevando
1616 3117 1730 3166 manus
1742 3140 1753 3162 .
1766 3100 1919 3177 Oremus
1936 3151 1950 3178 .

227 3223 263 3295 25
283 3224 339 3274 me
355 3200 482 3272 fratres
507 3189 771 3267 iactationibus
790 3192 1086 3267 vestrisdtorate
1137 3204 1187 3286 132.
1201 3194 1350 3264 chorus.
1375 3197 1522 3288 Agyosa
1548 3210 1683 3284 agyosa
1706 3202 1944 3288 agy.os.1)0.
2002 3179 2014 3233 ἶ

222 3299 254 3345 i'
282 3320 419 3395 prome
434 3295 475 3368 ad
493 3295 605 3379 Deum
621 3337 632 3358 .
648 3290 769 3360 chorus
783 3288 996 3384 respondeat.
1013 3287 1088 3356 Ad·
1136 3291 1229 3360 mine
1247 3289 1341 3362 Deua
1365 3290 1441 3360 Rex
1454 3307 1577 3359 eterne
1590 3285 1654 3359 tibi
1666 3288 1785 3364 laudes
1812 3298 1848 3367 &
1861 3323 1943 3395 gra.
1967 3296 2019 3375 80

281 3401 433 3483 inverte
448 3409 546 3486 pater
561 3392 595 3460 δι
611 3386 714 3459 Filius
727 3389 763 3458 ὅ(
777 3387 925 3479 Spiritus
938 3380 1092 3457 sandius.
1136 3387 1229 3458 tias.
1266 3383 1384 3468 Postea
1409 3387 1500 3455 dicar
1526 3382 1706 3458 presbiter
1717 3434 1732 3456 .
1766 3391 1946 3471 Ecclesiam

291 3542 294 3547 -
330 3503 378 3565 Et
401 3490 564 3574 sacerdus
576 3484 753 3573 versasse
780 3486 823 3554 ad
833 3482 1019 3578 populum
1044 3486 1090 3554 el·
1138 3484 1282 3559 sandiam
1296 3481 1517 3555 Catholicam
1531 3481 1565 3553 iu
1579 3481 1797 3557 orationibus
1809 3491 1951 3568 inmen-

277 3580 833 3683 saciatufferrariumfiuoluerit.
857 3576 1092 3657 mdicatchs·
1140 3602 1177 3652 te
1194 3582 1452 3654 habeamusaut
1468 3602 1544 3650 eam
1561 3581 1732 3653 Dominus
1747 3585 1818 3657 fide
1835 3589 1948 3684 &spe
2009 3662 2011 3669 ,

229 3712 266 3788 30
285 3711 364 3763 rna,
408 3687 412 3693 ’
560 3677 795 3772 Sacrificium.-
1140 3684 1177 3752 ἃ
1203 3677 1374 3752 charitate
1386 3678 1565 3774 propicius
1580 3675 1743 3769 ampliare
1759 3680 1950 3782 dignetura
2005 3732 2009 3738 -

232 3858 235 3867 ,
380 3779 530 3880 Egnabit
547 3775 716 3851 Dominus
733 3775 767 3847 in
784 3773 998 3847 Hierusalem
1014 3801 1024 3843 a
1050 3772 1088 3844 δι
1138 3799 1259 3853 omnes
1287 3774 1398 3873 lapsos
1411 3775 1569 3871 captivos
1585 3777 1738 3850 infirmos
1767 3801 1869 3876 arque
1885 3809 1947 3879 pe·
1967 3785 2015 3876 85

397 3884 432 3953 in
456 3873 643 3972 aonspediu
656 3871 829 3948 seniorum
856 3870 1014 3958 alleluja.
1040 3871 1089 3963 m·
1138 3872 1301 3970 regrinos
1328 3875 1363 3944 in
1376 3893 1489 3946 mente
1505 3872 1711 3946 habeamusa
1734 3893 1776 3946 ut
1788 3903 1851 3953 eos
1867 3883 1948 3955 Do.

282 3984 358 4054 Hec
372 3978 460 4052 dicit
478 3977 647 4049 Dominus
662 3999 671 4040 a
695 3972 869 4065 eritquasr
883 3989 986 4066 pater
997 3973 1090 4043 habi·
1140 3974 1248 4045 minus
1262 3971 1436 4067 propicius
1451 3969 1620 4040 redimere
1631 3997 1645 4039 a
1670 3969 1788 4043 sanare
1811 3979 1847 4048 dt
1861 4000 1947 4052 con.

283 4076 437 4151 mutibus
453 4069 690 4158 ,Hierusalema
712 4073 751 4142 dt
775 4071 833 4163 qui
861 4068 1028 4148 inhabitat
1053 4069 1088 4140 in
1140 4072 1272 4145 forrare
1289 4072 1483 4165 dignetur.
1509 4079 1557 4160 132·
1568 4066 1709 4139 chorus.
1724 4070 1840 4147 Prella
1852 4095 1947 4150 eter·
2006 4148 2010 4160 ,

230 4195 263 4270 35
283 4178 405 4269 Syene
423 4177 460 4247 δι
472 4172 562 4246 dabo
570 4168 705 4251 elavem
721 4169 843 4242 domus
859 4166 973 4239 David
986 4164 1089 4258 super
1138 4193 1182 4240 ne
1197 4167 1421 4261 omnipotens
1434 4164 1556 4236 Deus.-
1584 4167 1688 4235 Dicat
1703 4165 1947 4261 chorusaliam
1981 4212 1984 4219 ·
2012 4160 2018 4170 ⁸

223 4298 237 4347 r
285 4275 448 4348 humeros
476 4275 550 4355 eius
580 4270 615 4339 δι
631 4265 787 4360 aperiet:
811 4266 847 4336 ἃ
874 4288 943 4336 non
971 4264 1018 4334 eli
1031 4262 1088 4357 qui
1138 4268 1350 4337 orationem.
1853 4261 1855 4266 ’
1962 4292 2016 4362 90

285 4369 422 4445 claudat
432 4362 646 4443 Hierusalem
662 4360 822 4448 alleluja·
1137 4361 1349 4548 PUrilica
1372 4356 1521 4434 Domine
1533 4361 1629 4434 Deus
1644 4363 1752 4439 Pater
1778 4368 1943 4464 omnipo·

332 4469 483 4541 Hicacct‘
504 4469 556 4536 iat
571 4461 864 4554 Sacerdosaquam
891 4453 1089 4530 inmanibus
1151 4462 1152 4466 ’
1239 4478 1315 4531 tens
1343 4457 1524 4553 pedlorum
1555 4461 1699 4535 archana
1728 4465 1943 4542 nollrorum'a

283 4571 328 4641 ό·
340 4485 572 4659 dicatssleatio
589 4557 693 4652 fitper
705 4552 903 4628 oblationem
929 4577 1005 4626 cum
1020 4556 1088 4624 tri·
1137 4553 1339 4651 cunctasque
1353 4555 1527 4653 propicius
1543 4555 1684 4630 maculas
1703 4559 1802 4632 ablue
1816 4585 1941 4656 pecca·

227 4661 504 4760 qubusdigitis.
528 4658 568 4729 ln
595 4655 734 4728 nomine
752 4653 863 4729 Patris
887 4659 926 4737 ›1‹
950 4647 1086 4722 &Filii
1136 4675 1272 4728 toruma
1299 4681 1339 4728 ac
1365 4653 1473 4750 presta
1499 4652 1677 4725 Domine:
1704 4676 1742 4729 ut
1768 4659 1942 4733 beneficio
2001 4682 2018 4717 ··

227 4774 260 4853 s..
282 4764 355 4835 &S
383 4758 482 4834 'ritus
496 4747 749 4850 Sarroli'regnas
766 4749 860 4823 Deus
885 4750 922 4829 in
938 4745 1088 4820 secula..
1136 4750 1279 4848 pietatis
1307 4771 1366 4823 tue
1394 4749 1513 4827 nolitis
1526 4751 1724 4823 criminibus
1737 4756 1936 4828 emundatis
1962 4780 2011 4852 95

283 4783 477 4935 secuiirum
492 4876 613 4929 amen.
664 4852 667 4858 ’
1137 4849 1377 4922 metuendum:
1392 4844 1648 4939 terribilemque
1662 4851 1850 4929 adventum
1863 4852 1943 4927 Do·-

332 4954 477 5038 lnclinst
489 4954 527 5043 se
540 4967 617 5022 mate
627 4947 758 5020 Altera
772 4947 920 5033 &dicat
943 4939 1086 5039 infilen·
1135 4948 1218 5020 mini
1238 4947 1340 5019 nostri
1368 4942 1444 5022 lesu
1460 4943 1587 5016 Christi
1615 4945 1678 5017 filii
1696 4949 1746 5021 tui
1775 4949 1944 5046 expaue-

284 5057 333 5131 tr'o
351 5049 446 5136 islam
456 5053 666 5127 orationem,-
1135 5069 1208 5118 mus
1224 5041 1385 5116 interriti.
1399 5041 1523 5134 Sitque
1541 5059 1577 5112 te
1591 5043 1784 5121 miserante:
1800 5048 1944 5144 hicper·

227 5167 263 5242 45
368 5148 526 5223 &edam
552 5145 594 5218 ad
609 5163 647 5216 te
670 5144 706 5214 in
722 5137 917 5220 humilitate
947 5136 1085 5232 spiritus
1135 5143 1254 5236 cipere
1270 5163 1461 5213 mereamur
1475 5138 1627 5214 omnium
1645 5143 1780 5220 veniam
1794 5145 1944 5222 delido·
1999 5150 2015 5193 ’“

401 5246 494 5320 meis
519 5241 642 5339 loquar
654 5261 716 5322 tea
743 5238 820 5332 quia
836 5233 976 5312 multam
993 5236 1086 5331 spem
1138 5264 1237 5314 ruma
1262 5254 1301 5311 ut
1330 5257 1424 5311 tuum
1449 5237 1482 5308 iu
1509 5239 1631 5311 futuro
1655 5242 1818 5326 judicium
1841 5245 1941 5317 nobis
1967 5263 2040 5316 100

283 5344 523 5422 fortitudinem
535 5339 655 5418 dedilli
667 5363 747 5416 mea
773 5357 812 5410 tu
837 5358 928 5430 ergo
949 5330 998 5405 lili
1014 5335 1087 5409 Da·
1136 5335 1316 5410 sentiamus
1332 5336 1474 5412 omnino
1490 5335 1719 5411 mitimmum=
1745 5344 1940 5416 &dextere

281 5444 343 5527 rid
355 5442 417 5538 qui
428 5436 599 5521 revelatus
618 5436 804 5531 mysterioa
829 5438 873 5507 ad
886 5453 946 5502 nos
958 5431 995 5504 in
1011 5455 1085 5504 car·
1136 5452 1196 5508 tue
1212 5434 1395 5530 participes
1411 5431 1509 5508 fadis
1535 5454 1605 5507 ate
1617 5459 1806 5511 mereamur
1817 5464 1944 5536 perpe·

282 5562 360 5615 nem
377 5538 519 5621 venilia
542 5533 639 5613 ¹clave
664 5536 771 5619 erutis
786 5551 845 5604 tue
866 5531 995 5603 secreta
1010 5551 1091 5601 cor·
1141 5550 1203 5606 tue
1231 5532 1305 5605 vite
1331 5533 1510 5627 percipere
1530 5531 1718 5627 premium:
1745 5554 1944 5632 tuumque,

229 5650 266 5729 50
283 5639 333 5712 dis
360 5637 428 5713 mei
442 5634 605 5734 adaperit
630 5635 769 5707 mittens
792 5651 896 5706 unum
924 5626 967 5698 de
990 5629 1090 5700 Sera·
1137 5627 1384 5724 consequamur
1399 5628 1563 5705 invidum
1582 5630 1749 5706 inlinitum
1771 5635 1806 5707 dl
1824 5634 1944 5709 fortis·
2000 5630 2011 5688 t·

217 5748 227 5817 ’,
283 5736 374 5833 phim
400 5735 459 5830 qui
472 5733 620 5818 ,candens
641 5731 749 5807 carbo
764 5724 821 5807 ille
847 5726 905 5821 qui
921 5726 963 5796 de
985 5725 1086 5798 altari
1134 5728 1438 5823 fimumregnum.
1464 5733 1664 5812 Eulimen.
1702 5731 1940 5831 DicatPrepb.
1969 5752 2037 5828 105

284 5853 343 5912 tuo
365 5831 514 5914 sublatus
528 5833 600 5904 esta
624 5827 801 5908 sordentia
831 5822 918 5898 labia
947 5845 1021 5895 mea
1046 5847 1085 5894 e·
1134 5829 1202 5902 Per
1227 5826 1495 5901 misericordiam
1528 5844 1624 5920 tuam
1641 5828 1736 5901 Deus
1769 5831 1882 5903 noller
1907 5831 1943 5904 in

282 5935 440 6009 mundata
465 5947 616 6002 mentem
630 5931 664 6000 δι
679 5922 826 6018 jubileta
852 5920 1000 5998 docendi
1012 5944 1085 5995 ma·
1134 5929 1231 6009 eujus
1247 5921 1429 6017 conspedu
1454 5920 1648 5998 sanctorum
1665 5926 1940 6023 Apostolorum

288 6034 409 6113 teriam
425 6027 678 6107 summumst
702 6043 742 6101 ut
754 6021 870 6121 lingua
883 6043 951 6116 que
965 6019 1085 6116 proxi·
1133 6022 1396 6110 &Martyrum
1441 6018 1686 6097 Confelsorum
1727 6044 1830 6122 atque
1860 6026 1943 6099 vrrs
2005 6043 2007 6047 ·
2124 6088 2128 6096 .

751 6142 754 6147 ·
1527 6124 1610 6202 Aa
1711 6200 1714 6205 Α
1821 6117 1945 6220 giuum
2023 6189 2024 6192 ,
