4450 7209
289 740 338 830 ⁸4
704 719 1125 809 DOMINrcA
1175 714 1498 800 octava

285 825 443 905 excidite
464 832 594 924 queesl
622 825 809 903 inChrillo
831 822 911 908 lesu
931 821 1087 899 Domino
1290 898 1300 911 ‚
1418 813 1650 904 Sacrificium.
1932 824 1938 841 ⁶
1974 832 1987 906 5

214 925 219 939 ’
281 934 429 1007 uostro·
456 943 504 1021 ΒΔ.
524 931 651 1003 Amen.
1209 915 1404 993 Acerdotes
1416 916 1561 991 Domini
1573 919 1608 987 de
1625 911 1758 991 levitee
1777 915 1814 989 &
1826 910 1940 990 omnia

1221 1017 1323 1090 lsrael
1338 1016 1397 1113 qui
1411 1035 1645 1089 convenerant
1663 1014 1704 1087 ad
1721 1014 1911 1090 Dominum
1927 1038 1943 1083 a

357 1128 468 1201 Leilio
488 1126 598 1216 strubi
621 1122 791 1221 evangelii
812 1121 991 1214 secundum
1017 1128 1087 1194 Lu·
1136 1115 1352 1191 ambulabant
1367 1133 1446 1187 ante
1462 1136 1583 1188 atcam=
1599 1117 1634 1185 &
1650 1111 1871 1188 immolabant
1886 1107 1940 1185 vi·

232 1242 253 1319 5
288 1248 380 1298 cam.
925 1224 1087 1315 caprl.
1140 1214 1254 1288 climat
1268 1208 1424 1287 Domino
1439 1209 1576 1295 alleluja
1591 1238 1601 1279 a
1615 1206 1770 1297 alleluja:
1787 1206 1939 1295 alleluia·
1964 1254 1971 1312 ἲ

204 1372 215 1403 ,,
347 1320 410 1397 llo
436 1323 470 1395 in
497 1338 655 1418 tempore
671 1321 837 1398 Dominus
862 1317 975 1388 noster
994 1313 1086 1400 Jesus
1139 1309 1188 1406 pl.
1203 1311 1384 1383 Venerunt
1397 1332 1519 1383 omnes
1535 1308 1687 1380 seniores
1702 1331 1747 1382 ere
1760 1304 1863 1381 lsrael
1876 1333 1886 1376 a
1901 1308 1939 1382 dt
1967 1301 1986 1368 ⁶

235 1481 245 1500 .
360 1418 513 1492 Christus
532 1416 737 1514 loquebatur
759 1410 932 1510 discipulis
948 1412 1014 1486 suis
1035 1413 1087 1486 di·
1138 1406 1417 1485 tuleruntarcam
1432 1406 1574 1482 Domini
1595 1403 1935 1499 &portaveruntiu

284 1532 379 1588 cens.
388 1519 508 1591 Homo
520 1517 656 1611 quidam
670 1532 744 1589 erat
758 1514 856 1588 dives
871 1509 927 1603 qui
941 1511 1086 1584 habebat
1138 1503 1394 1581 tabernaculum
1423 1502 1606 1580 testimonii
1622 1529 1632 1570 a
1659 1504 1694 1575 δι
1711 1503 1826 1577 omnia
1850 1504 1932 1578 vasa

288 1610 461 1690 villicum:
487 1615 522 1685 dr
540 1613 595 1688 hic
609 1612 800 1686 diffamatus
815 1610 863 1682 est
876 1609 965 1702 apud
980 1606 1086 1684 illum:
1137 1601 1313 1675 sanctuarii
1328 1626 1395 1695 que
1407 1623 1507 1679 erant
1530 1603 1567 1676 in
1583 1598 1860 1680 tabernaculum.
1891 1611 1935 1698 P,

205 1721 257 1783 bo
289 1712 368 1805 quia
381 1711 560 1805 diffrpaffet
575 1709 662 1783 bona
676 1710 776 1804 ipsius
794 1757 804 1779 .
830 1709 872 1778 Et
889 1706 1031 1781 vocavit
1043 1705 1087 1779 il·
1137 1701 1179 1775 Et
1194 1698 1414 1777 immolabant
1428 1701 1466 1774 vi
1483 1751 1495 1774 .
1977 1740 1986 1775 ·.

211 1843 246 1904 ᾗ·
288 1806 380 1881 luma
407 1807 502 1880 &ait
520 1803 596 1877 illi.
622 1808 713 1896 Qrid
743 1802 921 1880 hocaudio
947 1805 991 1875 de
1016 1806 1086 1876 te?
1471 1796 1591 1893 Mallia.
1965 1778 1985 1862 s

289 1905 413 1978 Redde
428 1904 599 1975 rationem
615 1902 835 1980 villicationis
850 1929 858 1968 a
881 1899 948 1986 iarn
964 1899 1086 1972 enim-2
1236 1897 1453 1972 Ullodientes
1467 1900 1625 1975 ordinem
1650 1905 1701 1978 rei
1715 1900 1839 1976 fratrea
1855 1895 1935 1972 claa-

185 2075 187 2078 Α
290 2026 360 2074 uon
378 2001 511 2100 poteris
528 1999 702 2076 villicare.
728 2002 791 2076 Ait
818 2019 932 2073 autem
949 1997 1082 2074 villicus
1248 1997 1363 2070 rilsrmi
1379 1995 1471 2092 priua
1499 1999 1542 2069 ad
1557 2001 1670 2073 Deum
1699 1995 1935 2096 propeccatis

292 2098 385 2174 intra
400 2100 452 2171 se:
473 2099 555 2191 quid
570 2099 704 2173 saciama
720 2100 796 2191 quia
810 2096 977 2170 Dominus
991 2121 1084 2171 meus
1136 2091 1259 2167 nostris
1274 2116 1395 2188 preces
1419 2093 1594 2171 fundamus
1611 2146 1622 2168 .
1652 2099 1745 2190 Qid
1770 2118 1937 2189 compun-

212 2211 259 2286 ³5
295 2194 1091 2273 auseretamevillicationem.Foderenouva·
1140 2188 1212 2276 etio
1239 2189 1495 2287 cogitationum
1521 2194 1669 2270 habeata
1693 2194 1780 2290 quid
1805 2193 1936 2264 vanitas
1983 2232 1986 2274 1

208 2344 219 2374 ι,
293 2292 376 2367 leoz·
399 2293 593 2367 mendicare
621 2292 810 2366 erubesco·
834 2293 914 2366 Scio
939 2293 1020 2388 quid
1041 2291 1090 2366 fa·
1138 2283 1296 2360 secularis
1312 2309 1522 2384 extorqueat
1537 2295 1762 2370 confitentes.
1778 2295 1863 2384 Qo
1877 2285 1937 2389 Ιιί·Ι
1966 2304 1987 2375 7·

242 2379 252 2401 ⁴
294 2394 380 2468 ciam
395 2421 404 2462 a
417 2410 455 2463 ut
469 2413 544 2464 cum
558 2409 696 2464 amotus
710 2392 809 2463 fuero
824 2415 843 2463 a
856 2387 1087 2463 villicationes
1140 2385 1203 2461 tim
1219 2383 1275 2454 hic
1286 2383 1414 2460 diaboli
1432 2386 1587 2464 vincatur
1602 2392 1736 2466 astuciae
1754 2389 1810 2462 ubi
1823 2387 1938 2475 omniq

293 2490 463 2585 recipiant
487 2511 539 2561 me
567 2490 601 2561 in
616 2488 741 2563 domos
755 2488 826 2563 suas
841 2533 851 2557 ·
875 2488 1088 2561 Convocatis
1139 2482 1296 2579 potentis
1310 2484 1357 2556 esl
1371 2483 1439 2557 Dei
1453 2489 1627 2564 exoranda
1644 2487 1826 2563 clementia
1845 2533 1856 2555 ·
1888 2499 1937 2581 132·

295 2586 413 2681 itaque
427 2584 566 2684 lingulis
580 2587 791 2662 debitoribus
803 2587 947 2661 Domini
962 2586 1022 2657 suia
1038 2586 1090 2657 di·
1140 2587 1273 2654 Amen.
1418 2582 1507 2657 Alia
1521 2590 1654 2660 oratio.
1671 2651 1674 2656 ,

207 2698 263 2765 {20
292 2687 397 2776 cebat
422 2687 568 2780 primo.
607 2690 779 2778 Quantum
803 2686 909 2759 debes
937 2683 1089 2761 Domino
1249 2677 1313 2752 Eus
1339 2681 1395 2772 qui
1413 2683 1592 2758 vastatoris
1609 2686 1740 2780 antiqui
1757 2678 1937 2782 perfidiam

217 2833 230 2865 -,
297 2809 377 2871 meo
394 2787 409 2851 ἓ
434 2785 483 2854 At
501 2781 557 2855 ille
575 2784 687 2857 dixit.
711 2786 867 2858 Centum
880 2781 980 2856 cados
995 2779 1089 2853 olei.
1259 2776 1393 2851 virtute
1418 2777 1479 2852 lilii
1493 2782 1567 2853 ruia
1597 2786 1633 2857 &
1650 2779 1795 2880 Spiiitus
1819 2779 1933 2856 Sandi
1967 2802 1986 2871 7

218 2877 228 2889 ”
250 2888 255 2899 “
294 2881 467 2977 Dixitque
481 2878 529 2954 illi
544 2883 701 2982 .Accipe
715 2881 912 2954 cautionem
925 2897 1017 2952 tuam
1031 2908 1039 2948 a
1052 2883 1088 2952 δι
1140 2873 1228 2945 dona
1247 2872 1478 2949 distribuendo
1500 2879 1631 2953 vicistis
1651 2883 1686 2954 dt
1702 2882 1819 2956 dedilli
1834 2878 1936 2956 nobis

295 2978 403 3051 scribe
429 2980 698 3078 quinquaginta.
731 2978 867 3050 Deinde
897 2974 953 3048 alii
970 2976 1088 3048 dixit.
1138 2970 1182 3042 de
1195 2969 1398 3062 captivitate
1411 2974 1620 3053 victoriam:
1653 2982 1802 3052 concede
1817 2978 1941 3071 quesu-

293 3077 348 3149 Tu
361 3099 450 3151 vcro
462 3095 624 3168 quantum
638 3079 759 3151 debes?
771 3075 841 3167 Qu
855 3075 920 3148 ait:
934 3075 1089 3151 Centum
1138 3089 1231 3142 mus:
1246 3067 1357 3163 utqui
1373 3094 1434 3143 nos
1450 3076 1616 3167 impetere
1631 3075 1814 3153 moliuntur
1827 3103 1836 3144 a
1866 3093 1936 3148 vtue

210 3189 236 3247 ⁶2
241 3195 260 3269 5
297 3196 397 3248 coros
414 3174 539 3247 tritici.
553 3176 615 3249 Ait
630 3171 699 3247 illi.
714 3175 845 3270 Accipe
858 3171 991 3246 litteras
1002 3189 1089 3247 cuasa
1139 3166 1298 3261 potentie
1313 3168 1458 3243 dextera
1471 3172 1715 3248 refrenentur.
1732 3191 1782 3272 132.
1799 3178 1936 3248 Amen.

296 3273 332 3344 &
349 3270 456 3346 scribe
471 3269 675 3370 oslogiuta·
700 3272 743 3345 Et
756 3270 907 3348 laudavit
920 3270 1090 3344 Dominus
1333 3263 1411 3352 Post
1423 3272 1576 3341 nomina.
1605 3276 1747 3346 oratio.
1968 3262 1986 3336 8

295 3354 449 3445 villicum
466 3368 675 3462 iniquitatis:
699 3369 775 3461 quia
790 3367 977 3465 prudenter
995 3365 1091 3440 fecis·
1254 3362 1466 3437 chrentium
1506 3367 1600 3442 Deus
1636 3389 1736 3466 pater
1762 3372 1941 3468 quesumua

293 3464 346 3538 set
362 3494 372 3536 a
396 3465 473 3562 quia
487 3465 547 3540 filii
563 3468 661 3552 hujus
677 3462 778 3538 seculi
790 3463 1034 3561 prudentiores
1050 3467 1092 3539 li.-
1263 3479 1350 3533 vota
1371 3459 1552 3557 sul'cipitoa
1580 3488 1651 3559 quo
1665 3468 1861 3547 viventium
1878 3472 1942 3546 ob·

296 3559 350 3636 liis
367 3562 449 3636 lucis
463 3563 496 3634 in
514 3562 739 3660 generatione
753 3563 924 3637 suasunt.
950 3563 1028 3659 Ego
1040 3563 1094 3635 ‹li-
1140 3552 1274 3628 latione
1301 3554 1477 3651 susceptat
1504 3561 1674 3637 defuntus
1702 3565 1864 3643 fidelibus
1887 3592 1942 3643 re·

205 3680 263 3760 30
297 3684 340 3734 co
361 3659 463 3735 vobis
478 3660 580 3733 facite
597 3660 697 3734 vobis
710 3661 838 3734 amicos
863 3659 907 3730 de
923 3681 1092 3735 mammo·
1141 3653 1236 3748 quies
1254 3653 1466 3749 impetretur
1477 3676 1616 3734 eterna.
1642 3677 1690 3756 Bc·
1705 3669 1842 3743 Amen.

222 3799 259 3848 :·
297 3780 341 3830 na
367 3755 581 3850 iniquitatisa
604 3776 732 3835 utcum
751 3755 977 3833 defeceritisa
1004 3756 1093 3830 reci·
1360 3756 1729 3848 Adpacemmratia.
1971 3745 1987 3821 i

294 3855 395 4022 piant
406 3877 473 3969 pos
486 3854 520 3969 in
535 3874 655 3968 eterna
671 3851 890 3970 tabernacula
902 3900 913 3924 ·
926 3852 1092 3966 Qifide-
1226 3846 1319 3958 Flice
1340 3850 1575 3963 ,nosuDomine
1599 3855 1690 3974 filios
1704 3862 1825 3976 paciaa
1852 3886 1941 3961 quos

311 3977 338 4026 rs
350 3954 397 4026 esl
410 3977 444 4025 rn
462 3976 631 4030 mrurmo=
658 3957 695 4027 &
709 3978 743 4028 tn
757 3959 879 4039 maiori
892 3950 1003 4039 fidelis
1016 3955 1092 4027 est.
1243 3945 1349 4036 sectili
1377 3943 1467 4022 lilios
1495 3970 1554 4025 tue
1570 3956 1794 4051 adoptionis.
1825 3967 1870 4036 Ut
1885 3988 1944 4057 pa·

294 4048 410 4145 Ecqui
423 4051 457 4124 in
470 4050 612 4126 modico
625 4050 758 4146 iniquus
774 4054 844 4124 esta
873 4053 908 4122 ἃ
923 4050 958 4122 in
973 4049 1093 4137 maiori
1141 4044 1231 4120 cilici
1245 4041 1405 4120 viventes
1418 4045 1452 4118 in
1467 4065 1559 4126 terra
1572 4080 1585 4122 a
1595 4054 1636 4126 ad
1649 4058 1802 4150 promissa
1817 4083 1946 4154 perve-

214 4155 261 4240 35
297 4146 432 4237 iniquus
451 4151 524 4220 ell·
554 4147 590 4226 Si
610 4173 702 4245 ergo
720 4150 755 4222 in
769 4149 888 4244 iniquo
904 4171 1094 4223 mammona
1144 4140 1220 4215 nire
1235 4163 1425 4219 mereamur
1441 4143 1599 4223 celestia·
1631 4166 1672 4248 132
1695 4158 1834 4230 Amen.

297 4242 420 4317 fideles
436 4269 504 4319 non
520 4244 653 4316 fuislisa
674 4246 770 4337 quod
783 4247 928 4319 velitum
941 4243 1006 4315 ella
1019 4245 1092 4337 quis
1473 4246 1621 4320 inlatio.
1970 4258 1987 4327 9

177 4406 184 4415 .
296 4342 416 4413 credet
434 4340 550 4416 vobis?
561 4342 630 4414 Etsi
646 4341 680 4413 in
694 4339 807 4415 alieno
816 4338 931 4417 fideles
946 4365 1015 4414 non
1031 4341 1097 4414 sui·
1258 4335 1382 4434 lgnum
1397 4342 1433 4416 &
1447 4345 1570 4428 iustum
1586 4347 1650 4418 ella
1668 4373 1792 4444 equum
1808 4355 1843 4428 δι
1858 4351 1946 4430 salu·¹

296 4440 374 4511 ilisa
408 4443 444 4511 &
461 4439 551 4534 quod
566 4439 710 4512 vestrum
725 4439 797 4510 eila
823 4439 897 4534 quis
920 4437 1016 4513 dabie
1028 4464 1095 4515 vo-
1266 4454 1341 4511 tare
1353 4443 1422 4514 elit
1448 4465 1509 4523 1¹08
1537 4445 1598 4518 tibi
1615 4445 1750 4543 semper
1764 4448 1883 4525 laudes
1910 4453 1947 4525 δι

297 4536 368 4618 bis?
382 4537 495 4610 Nemo
513 4536 767 4633 potellduobus
780 4534 925 4612 dominis
942 4535 1094 4614 servire.
1147 4533 1275 4627 gratias
1291 4561 1396 4634 agere
1410 4540 1562 4613 Domine
1576 4543 1686 4616 sancte
1700 4567 1801 4641 pater
1817 4569 1939 4622 eterne

212 4651 263 4725 qo
301 4640 373 4709 rlut
398 4635 488 4710 enim
515 4658 622 4708 unum
636 4632 719 4710 odio
741 4631 868 4708 habet:
898 4632 1095 4710 &alterum
1146 4629 1369 4724 omnipotens
1383 4638 1506 4712 Deus·
1532 4643 1605 4714 Una
1626 4643 1811 4717 divinitas.
1840 4648 1945 4721 Trina

298 4732 443 4831 diliget:
476 4751 534 4807 aut
556 4755 659 4806 unum
681 4730 859 4807 adherebit
883 4732 919 4802 &
948 4728 1095 4807 alterum
1143 4728 1317 4811 maiestas.
1349 4735 1484 4808 Natura
1506 4733 1765 4834 inseparabilis:
1799 4745 1944 4839 persona
1970 4746 1987 4814 9

299 4828 503 4904 contemnet
517 4876 527 4898 ·
559 4829 641 4905 Non
659 4831 800 4925 potestis
814 4831 896 4905 Deo
910 4827 1040 4902 servire
1056 4833 1094 4902 dt
1127 4822 1320 4909 ,individua
1335 4873 1345 4896 ·
1362 4833 1457 4904 Deus
1471 4857 1555 4906 unus
1571 4865 1580 4904 a
1597 4841 1635 4911 &
1647 4863 1720 4915 non
1735 4838 1826 4913 solus
1841 4873 1851 4914 a
1868 4844 1946 4917 uoi-

296 4950 516 5004 mammone.
540 4928 741 5002 Audiebant
761 4950 877 5004 autem
900 4929 1014 5002 omnia
1029 4929 1093 5006 hec
1142 4920 1363 5017 cantaplora
1389 4929 1525 5005 trinitas
1546 4933 1711 5032 simplex:
1741 4938 1947 5032 spientim

301 5025 451 5097 Pharisei
470 5052 479 5092 a
497 5024 555 5116 qui
570 5044 668 5098 erant
681 5026 774 5098 avari
788 5030 822 5099 δι
837 5025 1039 5100 deridebant
1053 5021 1090 5097 il«
1143 5017 1348 5114 multiplex.
1370 5026 1551 5103 inconfusa
1565 5034 1763 5119 conjunctio
1777 5063 1789 5104 a
1803 5041 1839 5111 dt
1855 5039 1949 5123 indi·

213 5139 261 5211 45
300 5115 368 5190 lum
384 5168 397 5189 .
421 5123 462 5194 Et
477 5121 523 5193 ait
540 5117 623 5193 illis.
648 5122 722 5194 uos
739 5123 814 5194 eliis
836 5122 895 5218 qui
904 5123 1094 5207 justificatis
1142 5117 1213 5193 visa
1229 5120 1428 5202 distinctio.
1443 5130 1554 5216 Qen
1567 5154 1668 5205 unum
1681 5121 1944 5211 substantialiter

200 5276 216 5299 ,,
297 5241 364 5292 vos
377 5238 497 5290 coram
510 5217 701 5291 hominibus
711 5264 726 5287 0-
750 5219 849 5290 Deus
865 5239 978 5294 autem
992 5221 1093 5295 novit
1143 5216 1551 5301 confitenunrsurlnnm
1563 5228 1789 5321 personaliter
1802 5238 1946 5311 nuncia·
1978 5232 1987 5282 ¹

299 5316 407 5388 corda
422 5315 646 5407 vestraequia
671 5314 767 5405 quod
781 5314 977 5388 hominibus
991 5313 1097 5389 altum
1146 5334 1247 5381 mus:
1274 5318 1412 5394 Patrem
1434 5327 1470 5395 δι
1486 5322 1607 5401 Filium
1627 5328 1846 5423 &Spiritum
1862 5340 1950 5409 San·

297 5414 367 5484 elit
383 5412 620 5488 abhominatio
636 5411 682 5484 eli
699 5429 777 5482 ante
792 5412 929 5484 Deum.
951 5412 1019 5502 Qui
1037 5412 1097 5484 ha·
1147 5405 1264 5480 sium.
1292 5419 1362 5507 Qui
1388 5421 1509 5495 inuno
1527 5425 1636 5497 trinus
1654 5450 1816 5520 appareat
1846 5433 1889 5503 &a
1915 5432 1952 5504 in

299 5510 359 5583 bet
376 5535 494 5584 aurern
512 5509 666 5582 audiendi
683 5507 797 5583 audiat
812 5555 822 5577 .
849 5520 896 5602 132·
911 5508 1050 5581 Amen.
1146 5503 1241 5579 trino
1257 5534 1345 5584 unus
1366 5518 1590 5612 agnosceris.
1612 5525 1724 5614 Qem
1741 5523 1953 5602 conlaudant

208 5622 264 5699 750
346 5610 447 5679 Dicat
460 5609 580 5682 Presb.
597 5605 817 5682 Dominusstt
830 5604 961 5700 semper
977 5603 1096 5680 vobis·
1145 5602 1273 5700 Angeli
1301 5612 1562 5709 &Archangeli
1578 5645 1641 5692 una
1656 5644 1749 5698 voce
1766 5625 1813 5697 ita
1827 5626 1953 5700 dicen·

295 5727 397 5780 ςωῃ.
431 5720 480 5790 132.
499 5707 539 5779 Et
559 5732 660 5782 cum.
1145 5719 1224 5774 tes·
1253 5708 1458 5801 pasanelua
1474 5764 1485 5785 .
1499 5715 1642 5792 Sanetus
1660 5723 1821 5796 sanetus
1839 5771 1849 5792 .

346 5805 460 5874 Lauda
475 5852 487 5873 .
502 5802 653 5891 Alleluia
668 5853 679 5875 ·
696 5800 742 5894 il
753 5803 866 5877 Lauda
883 5802 1099 5881 Hierusalem
1413 5809 1491 5894 Post
1508 5817 1670 5887 Sanetus.

296 5898 509 5973 Dominum:
539 5901 704 5984 conlauda
727 5901 841 5982 Deum
863 5921 960 5985 tuum
974 5904 1096 6004 Syon·
1257 5903 1365 5978 Sanna
1388 5906 1422 5978 in
1438 5908 1576 5984 excelsis
1594 5913 1792 5988 benedidus
1808 5923 1867 6014 qui
1885 5944 1952 5994 ve·

285 5993 535 6098 ‚P-Allcluja.
1269 6001 1802 6091 uitiuuomiueDomiuiaDeus
1814 6020 1960 6109 Domiq

738 6174 749 6191 .
1886 6141 1955 6207 nus
