4450 7209
296 841 300 848 ,
665 751 1431 849 PRAEFATIO.
1730 794 1849 854 cirris

227 875 397 969 aionem
427 869 575 989 liabet,
606 875 712 964 circa
729 872 926 964 Ordinem
954 881 1222 988 Romanum,
1254 906 1376 991 quem
1407 871 1596 995 opinatur
1616 890 1848 974 Braccaren·

231 997 323 1111 ses,
354 1001 571 1116 omnesque
598 999 796 1114 Hispanos
814 1060 838 1104 ,.
863 999 939 1081 hoc
966 1019 1182 1113 tempore,
1213 997 1418 1113 suscepisse
1445 994 1538 1114 (a).
1578 1010 1699 1091 Putat
1736 1008 1848 1094 enim

231 1121 408 1207 orationi
436 1115 528 1240 post
554 1116 724 1206 Satissus
764 1117 968 1230 integrum
1006 1147 1200 1204 canonem
1229 1123 1463 1205 Romanum
1505 1120 1725 1234 subjeslum
1759 1126 1848 1212 suis·

233 1236 307 1350 se,
338 1268 420 1353 quo
450 1241 663 1347 absoluto,
694 1239 919 1321 orationem
947 1230 1038 1355 post
1064 1245 1259 1347 Secreta,
1291 1240 1372 1323 sive
1397 1231 1490 1354 poss
1509 1239 1674 1356 pridie,
1708 1247 1847 1333 recita·

233 1376 322 1445 tam
354 1359 458 1470 esse,
489 1364 528 1446 8(
560 1359 744 1470 reliqua,
777 1358 897 1467 usque
927 1356 977 1440 ad
1004 1355 1135 1442 Missae
1168 1355 1323 1465 finem,
1356 1385 1468 1441 more
1494 1360 1681 1447 consueto
1708 1365 1850 1479 Hispa·

230 1503 288 1564 uo
314 1480 430 1567 suisse
455 1475 643 1596 perasla.
674 1476 749 1565 Sed
779 1474 1009 1583 hujusmodi
1035 1475 1155 1586 ordo,
1186 1505 1259 1568 nec
1286 1483 1527 1586 Romanus,
1559 1509 1689 1592 neque
1707 1485 1851 1601 Hispa.

231 1595 308 1683 nus
338 1598 419 1685 dici
448 1600 611 1715 potuit.
642 1595 717 1684 Sed
749 1594 927 1680 consusus
959 1595 1156 1706 quidam,
1197 1624 1248 1679 eir
1280 1619 1451 1708 utroque
1480 1601 1707 1712 conflatus,
1746 1605 1850 1714 qui,

234 1717 441 1830 usquead
472 1718 593 1804 finem
624 1716 815 1801 orationis
849 1714 934 1828 post
964 1710 1161 1822 Sanslus,
1193 1715 1318 1799 ritum
1349 1715 1575 1830 Hispanum
1607 1721 1849 1832 retinebat,

233 1852 326 1926 tum
359 1835 560 1922 adfinem
587 1835 706 1947 usque
725 1835 917 1942 canonis,
949 1840 1216 1943 Romanum,
1247 1863 1293 1920 ac
1318 1832 1509 1945 demum,
1540 1866 1628 1948 qua
1652 1868 1849 1926 canonem

214 1956 577 2069 consequuntur,
606 1979 717 2040 more
750 1954 931 2069 Hispano
956 1952 1196 2067 perficeret.
1233 1962 1424 2064 Verum,
1454 1982 1546 2040 cum
1575 1958 1640 2041 hic
1669 1960 1850 2046 confusus
1881 1989 1966 2075 240

233 2075 336 2159 ordo
354 2137 368 2184 ,
385 2081 607 2163 -Romanus
638 2102 716 2159 non
745 2074 825 2183 sit,
866 2101 937 2158 nec
965 2101 989 2157 a
1016 2072 1201 2187 Vigilio,
1240 2102 1369 2184 neque
1399 2075 1450 2158 ab
1475 2076 1710 2189 Apostolicae
1741 2079 1851 2169 Sedis

234 2191 480 2282 austoritate
517 2195 558 2282 in
587 2193 824 2309 Hispaniam
858 2192 1025 2299 missus,
1066 2192 1113 2276 de
1144 2221 1193 2275 eo
1223 2220 1349 2278 canon
1376 2197 1638 2281 Braccarensis
1678 2199 1851 2315 intelligi
1910 2285 1912 2289 .

235 2317 413 2426 nequit.
443 2312 529 2405 sed
562 2341 690 2425 neque
719 2313 768 2396 de
800 2314 1008 2400 Gelasiano
1037 2312 1175 2396 ordine
1215 2313 1492 2428 intelligendus
1524 2314 1610 2423 est,
1651 2345 1745 2403 nam
1778 2319 1852 2405 etsr

238 2433 363 2521 Missa
390 2434 586 2522 Paschalis
603 2496 618 2541 ,
636 2446 768 2544 'quam
798 2434 968 2546 Vigilius
994 2431 1043 2517 ad
1070 2430 1328 2518 Prosuturum
1356 2433 1540 2543 miserat,
1570 2437 1771 2523 Gelasiani
1790 2467 1853 2524 or·

238 2551 340 2638 dinis
372 2553 532 2660 suerit,
574 2581 652 2639 nori
695 2551 783 2636 ideo
823 2577 959 2636 tamen
991 2552 1155 2638 miserat
1189 2575 1267 2659 ut,
1307 2549 1390 2658 ejus
1421 2552 1573 2664 instar,
1614 2558 1853 2644 Profuturus

237 2673 383 2759 Missas
402 2674 638 2761 'Gelasianas
680 2697 975 2787 componeret,
1015 2700 1103 2784 qua
1136 2671 1175 2753 in
1204 2673 1397 2758 Gallaciae
1424 2675 1604 2760 Ecclesiis
1645 2679 1855 2764 recitaren-

239 2815 338 2878 tur.
370 2794 413 2881 si
443 2793 552 2877 enim
582 2793 658 2876 hoc
690 2791 748 2879 illl
780 2821 879 2876 curae
912 2792 1078 2899 fuisset,
1110 2792 1311 2906 integrum
1345 2796 1708 2880 Sacramentarium
1737 2799 1855 2884 Gela·

239 2912 429 3021 sianum,
462 2940 539 2998 non
576 2913 731 2996 unicam
770 2912 852 3023 ejus
880 2912 1080 3017 Missam,
1121 2909 1162 2993 in
1191 2913 1427 3025 Hispaniam
1461 2914 1660 3023 misisset,
1701 2916 1854 3002 facilius

239 3043 443 3144 namque,
475 3035 514 3117 8(
546 3030 769 3146 expeditius
795 3055 881 3116 erat
914 3031 1275 3141 sacramentarium
1309 3032 1587 3133 transcribere,
1619 3038 1657 3117 &
1689 3035 1738 3118 ad
1768 3039 1855 3120 ulus

244 3155 522 3268 Hispanorum
556 3150 847 3259 accomodare,
879 3177 1002 3262 quam
1036 3175 1187 3234 novum
1219 3178 1489 3264 componere.
1519 3154 1700 3236 Causam-
1720 3181 1856 3262 vero,
1888 3184 1968 3268 24t

242 3271 297 3355 ob
335 3301 462 3384 qiiam
500 3273 671 3386 Vigilius
700 3278 931 3357 Romanum
973 3298 1203 3378 canonem,
1244 3273 1284 3354 8(
1311 3271 1478 3371 Missam
1509 3271 1772 3383 Paschalem,
1811 3274 1854 3361 in

240 3392 483 3507 Hispaniam
517 3392 657 3501 misit,
689 3392 802 3507 ipse,
834 3393 873 3476 in
903 3391 1097 3505 epistola,
1130 3391 1230 3474 lianc
1262 3417 1383 3475 unam
1413 3392 1608 3506 assignat,
1643 3416 1688 3477 ut
1719 3395 1856 3480 Profu-

240 3535 368 3617 turo,
400 3511 583 3626 diligenti
613 3514 834 3599 alienorum
867 3512 1020 3596 rituum
1054 3509 1311 3626 indagatori,
1350 3539 1430 3595 non
1462 3509 1584 3595 modo
1614 3516 1857 3630 praecipuam

239 3655 436 3749 partein,
474 3661 562 3744 qua
594 3631 635 3718 in
665 3661 815 3718 canone
849 3632 921 3717 sita
953 3630 1039 3740 est,
1077 3632 1142 3716 sed
1170 3631 1490 3716 omnem'Missae
1522 3636 1715 3718 Romanae
1755 3634 1858 3719 ordi·

240 3780 336 3836 nem
371 3751 439 3835 sub
470 3747 627 3866 aspec‘lu
659 3753 717 3837 ita
747 3780 893 3866 ponere
927 3775 971 3834 ut
1000 3751 1145 3836 seriem
1176 3751 1260 3861 ejus
1288 3775 1411 3861 atque
1439 3750 1732 3866 dispositionem
1763 3782 1858 3840 ocu·

238 3870 287 3956 lis
318 3871 445 3955 etiam
479 3872 680 3985 percipere
709 3872 824 3957 facile
853 3871 1010 3985 posset.
1040 3877 1247 3955 canonem
1280 3898 1377 3954 vero
1396 3873 1695 3957 Braccarensem
1723 3875 1860 3988 vigesi-
1891 3899 1973 3986 242
2014 3890 2017 3895 ’

241 4017 358 4076 muni
392 3988 606 4075 secundum
640 3991 846 4075 conditum
879 3990 1026 4095 fuisse,
1058 4016 1136 4073 non
1170 4011 1215 4072 ut
1246 3989 1286 4073 in
1315 3994 1537 4075 Suevorum
1557 3995 1699 4105 Regno
1726 3994 1859 4078 Litur·

246 4110 311 4224 gia
343 4110 552 4195 Gelasiana
583 4110 872 4224 susciperetur,
913 4107 975 4192 sed
1005 4106 1217 4192 dumtaxat
1259 4131 1305 4192 ut
1334 4107 1544 4194 concordia
1574 4110 1620 4193 in
1642 4110 1858 4213 Missurum

243 4228 511 4314 celebratione
542 4227 828 4336 induceretur,
861 4225 1094 4341 persuadent
1125 4254 1294 4311 canones
1325 4223 1502 4311 decimus
1532 4255 1689 4339 nonin,
1720 4232 1870 4345 viges·-

245 4376 371 4455 muS,
402 4351 441 4433 8(
470 4348 681 4461 vigesimus
712 4349 863 4461 primus
889 4346 1061 4453 ejusdem
1091 4346 1272 4459 Synodi,
1311 4345 1382 4456 qui
1407 4373 1546 4432 omncs
1573 4372 1697 4461 agunt
1726 4349 1775 4434 de
1808 4350 1857 4435 ri·

239 4487 360 4552 tuum
393 4465 632 4575 concordia,
662 4466 876 4577 omnesque
909 4466 1047 4550 sanciti
1077 4465 1272 4575 suerunt,
1311 4463 1520 4579 postquam
1545 4466 1679 4554 suisset
1711 4462 1861 4557 resena

241 4582 485 4672 Audieritar
512 4583 629 4672 Sedis
649 4580 890 4703 Apostolicae
915 4582 970 4669 ad
995 4580 1195 4700 quondam
1221 4580 1491 4695 Profuturum
1517 4580 1672 4672 clitella
1693 4583 1859 4701 Episco-

235 4723 359 4822 pum.
390 4711 581 4791 Praeterea
602 4706 799 4790 silentium
819 4702 1101 4817 Episcoporum
1121 4703 1341 4809 Gallaeciae,
1371 4703 1442 4812 qui
1459 4703 1638 4789 Concilio
1656 4707 1860 4792 Toletano
1890 4733 1971 4824 243

239 4840 390 4937 quarto
410 4825 698 4933 interfuerunt,
717 4824 934 4910 luculenter
952 4824 1090 4936 probat
1109 4824 1299 4910 Ecclesias
1318 4823 1532 4932 Gallaeciae,
1551 4846 1733 4939 ternpore
1758 4828 1862 4913 illius

237 4944 440 5054 Concilii,
466 4947 660 5030 Romanis
690 4944 831 5029 ritibus
859 4942 1026 5028 minime
1052 4939 1224 5026 addislas
1251 4941 1384 5026 fuisse.
1410 4947 1547 5030 Nemo
1566 4936 1674 5029 e'nim
1704 4944 1862 5061 ignorat

245 5061 491 5150 auctoritate
519 5065 690 5151 concilii
720 5063 854 5175 quarti
885 5064 1084 5176 *Toletani
1122 5061 1374 5146 concordiam
1416 5063 1644 5177 liturgicam
1681 5067 1864 5153 Ecclesiis

234 5187 372 5270 totius
402 5185 570 5300 Imperii
599 5184 902 5300 Visigothorum
936 5182 1159 5270 restitutam
1188 5181 1299 5292 esse,
1329 5185 1368 5269 8(
1400 5181 1567 5296 priscum
1589 5185 1862 5300 Hispanorum

243 5303 470 5391 celebrandi
499 5305 715 5414 ordinem,
749 5305 803 5390 ita
835 5302 1154 5411 confirmatum,
1192 5326 1240 5388 ut
1273 5304 1349 5388 hoc
1390 5331 1468 5386 uno
1501 5305 1767 5417 inposterum
1804 5306 1865 5392 uti

244 5423 484 5542 permissum
518 5425 671 5513 suerit.
702 5425 922 5545 Quomodo
952 5449 1089 5509 autem
1123 5421 1274 5510 fassum
1306 5421 1360 5507 est
1391 5447 1437 5506 ut
1464 5425 1658 5512 Gallaeciae
1685 5423 1867 5510 Prasiiles

245 5546 391 5654 inuti,
422 5549 461 5633 8(
496 5549 671 5663 elingues
702 5547 912 5651 sederent,
951 5544 1113 5657 quando
1150 5545 1267 5631 'usum
1297 5543 1489 5657 Liturgiae
1518 5550 1711 5633 Romana
1756 5544 1866 5655 fibi,

248 5666 511 5780 Ecclesiisque
543 5667 641 5777 fuir,
670 5666 855 5754 interdici
887 5665 1286 5771 animadverterunt,
1318 5663 1383 5749 cui
1412 5663 1526 5775 jam,
1558 5686 1604 5746 ut
1630 5660 1866 5773 assumitur,

188 5814 199 5839 '
244 5811 321 5904 per
339 5815 475 5883 ,annos
504 5786 619 5908 supra
644 5788 894 5906 septuaginta
918 5779 1195 5874 adhaeserant?
1225 5813 1350 5897 quare
1382 5784 1504 5870 totius¹
1530 5782 1869 5986 provinciaefcon·

375 5915 380 5925 '
1232 5905 1306 5994 ia
1759 5924 1872 5988 uetua

288 6059 352 6154 (a)
371 6058 464 6135 lbid.
