4450 7209
549 692 571 796 fl
635 645 1661 792 nournrnosrnrtt‘sucnnrsut:
1825 799 1826 802 Ὺ
1899 703 1954 801 ἐς

296 793 461 876 oriuntur
474 792 779 899 erhynrnsmec
794 801 921 883 minori
937 802 1099 880 miraculo
1151 804 1201 879 tui
1218 800 1342 876 sanitas
1360 802 1401 874 nt
1433 801 1543 875 anime
1556 795 1614 874 vel
1637 794 1796 896 corporo
1825 801 1957 877 nolitia
1995 820 2044 904 55

296 898 470 990 quondam
495 893 709 995 largitattuu
724 899 849 975 flumen
874 898 1042 998 irriguum
1054 906 1098 978 de
1151 907 1199 978 Ut
1218 898 1387 1000 gustantes
1413 899 1448 971 &
1476 898 1637 974 videntes
1661 922 1759 993 quam
1783 897 1894 984 suavia
1922 925 1959 975 et

297 993 486 1067 visceribus
498 997 591 1069 aride
606 997 694 1072 cutis
708 995 847 1074 elicuit.
873 998 1013 1075 sednon
1029 1027 1101 1077 am·
1149 997 1305 1074 Domine
1320 1025 1330 1069 a
1349 1018 1557 1091 nequaquam
1573 1017 1801 1096 percogamur
1812 995 1853 1068 ad
1870 1021 1961 1072 ama·

298 1088 386 1184 plius
403 1092 451 1162 eil
465 1098 577 1169 verbo
590 1088 759 1188 liq‘uorem
783 1094 904 1168 siccis:
933 1101 1099 1190 quamsa·
1149 1096 1334 1173 titudinem
1362 1094 1464 1168 seculi
1480 1093 1677 1168 declinaret
1700 1093 1757 1164 sed
1782 1090 1959 1170 celestibus

249 1207 270 1288 '5
298 1207 420 1281 potem
431 1189 556 1266 accidis
583 1191 760 1267 indidisse.
790 1192 1105 1293 Qinquequoque
1154 1193 1300 1291 suspensi
1309 1190 1482 1272 oraculisa
1509 1187 1875 1267 cordibusorvocibus
1921 1215 1961 1266 er

296 1285 438 1379 panibus
466 1289 501 1361 &
528 1289 616 1384 pisce
642 1290 818 1388 geminato
832 1291 980 1385 quinque
1003 1296 1103 1372 viro·
1153 1310 1285 1391 patrem
1299 1289 1553 1387 impetremuce
1570 1287 1700 1365 terris.
1730 1291 1895 1366 Paterno
1943 1312 1963 1365 r
1991 1287 2043 1383 62

294 1404 373 1455 rum
399 1380 490 1457 milia
504 1383 593 1462 intra
620 1388 754 1460 deserta
773 1388 917 1483 pavisti.
944 1393 1023 1466 Hoc
1038 1418 1102 1486 po·
1153 1389 1212 1486 qui
1228 1413 1264 1461 es
1278 1390 1312 1461 in
1327 1385 1434 1460 celis.

295 1474 487 1551 tentialiter
504 1498 564 1556 tue
580 1483 825 1558 benediciionia
852 1509 1018 1580 operatus
1032 1518 1041 1558 a
1067 1508 1106 1564 ut
1203 1489 1305 1559 Dicat
1320 1484 1440 1560 rresb.
1454 1482 1640 1560 Humiliate
1654 1507 1719 1560 voa
1745 1481 1962 1582 benedidio}

298 1593 414 1647 tantus
429 1577 575 1672 populus
589 1581 647 1678 qui
662 1604 789 1681 magno
803 1583 936 1677 impleri
953 1585 1013 1659 via
1034 1612 1102 1683 po·
1152 1580 1214 1657 ni.
1237 1582 1408 1660 Dominus
1421 1585 1462 1660 fit
1478 1583 1610 1677 semper
1624 1580 1831 1677 vobiscum.

221 1696 269 1770 ,1⁰
297 1688 415 1745 terata
441 1697 551 1769 parvo
579 1682 686 1773 posset
713 1680 847 1776 impleri
862 1721 874 1752 .·
898 1681 952 1755 lta
977 1682 1010 1755 in
1039 1711 1101 1761 ora
1555 1692 1557 1710 '

298 1767 477 1845 hominum
492 1774 588 1847 cibus
601 1776 670 1871 ipsa
684 1775 732 1853 sui
745 1779 979 1857 imminutione
997 1782 1106 1877 proli·
1457 1776 1670 1857 Benedictio.
1992 1778 2041 1880 65

296 1865 419 1939 ciente
447 1867 695 1949 incrementum
716 1877 894 1972 proprium
926 1880 1019 1952 inter
1043 1882 1105 1953 de·
1199 1880 1277 1959 Esua
1292 1879 1444 1955 Christus
1462 1883 1541 1957 Rex
1555 1878 1669 1954 noster
1695 1875 1753 1971 qui
1777 1871 1963 1974 profanum

298 1963 463 2040 trimenta
488 1962 663 2047 sumebat:
689 1992 728 2046 ut
757 1972 911 2048 edulibus
936 1972 1106 2071 ampliatis
1223 1983 1356 2078 Regem
1378 1978 1434 2052 sua
1461 1975 1645 2051 nativitate
1658 1974 1805 2048 terruita
1835 1974 1960 2073 ipsein

298 2058 469 2157 fragmine
506 2066 718 2160 crescentes
752 2071 950 2147 frustrorum
999 2072 1107 2171 pluri·
1157 2078 1258 2152 vobis
1273 2102 1347 2152 cum
1362 2075 1424 2150 suis
1437 2073 1623 2149 virtutibus
1640 2077 1963 2167 regnetnnAmen·

224 2184 268 2264 '⁵
299 2158 1107 2359 lll‘llnllll‘tll{illnllllif
1156 2175 1474 2357 Ciilliqiiiiiii
1487 2168 1961 2367 lilnlil‘nllillltn
1990 2273 2043 2368 70·

302 2351 411 2457 tentia
448 2373 507 2428 tua
544 2360 585 2433 ad
612 2360 896 2457 magnificandam
923 2298 1103 2463 gloriatin
1155 2297 1358 2464 intimem
1386 2367 1574 2441 Detvobis
1599 2358 1807 2459 spiritualem
1834 2360 1963 2461 intelli·

301 2466 418 2524 tuamz
443 2451 495 2525 cui
513 2479 632 2529 omnes
661 2457 773 2557 angeli
798 2483 869 2534 non
897 2457 1020 2540 cessant
1036 2462 1105 2542 cla*
1154 2467 1306 2564 gentiam
1321 2488 1332 2535 a
1347 2460 1405 2560 qui
1417 2480 1574 2558 aquatum
1590 2476 1743 2559 naturam
1755 2459 1827 2536 vini
1840 2457 1876 2533 in
1887 2460 1965 2535 sua·

302 2566 399 2622 mare
414 2548 645 2629 itadicentea.
1154 2565 1267 2639 vitate
1285 2564 1366 2638 secit
1387 2558 1453 2634 else
1480 2559 1661 2656 saporem·
1683 2570 1734 2650 ψ·
1756 2563 1893 2633 Amen.
1917 2557 1963 2632 Et

226 2675 271 2754 3⁰
351 2643 501 2718 chorus.
526 2645 1046 2753 Saucius-Santiumsansiua.
1153 2662 1211 2759 qui
1248 2657 1432 2756 opulorum
1445 2650 1548 2730 millia
1560 2653 1695 2751 exiguo
1711 2654 1805 2748 panis
1819 2651 1962 2752 fragmi-

481 2787 487 2795 ·
592 2748 671 2836 Post
684 2753 838 2827 sannas.
1154 2782 1198 2831 ne
1226 2760 1373 2833 atiavita
1406 2752 1513 2829 corda
1527 2750 1638 2824 vestra
1652 2748 1809 2824 doctrine
1826 2749 1884 2823 sue
1899 2746 1964 2824 ali·
1992 2760 2044 2851 75

398 2842 464 2919 Ere
477 2840 638 2921 rannus:
664 2874 748 2927 vere
773 2847 967 2927 benedictus
982 2854 1078 2929 Deua
1092 2875 1115 2928 t·
1154 2858 1273 2930 mento
1286 2848 1503 2950 locupletet.
1531 2864 1581 2943 uc.
1596 2853 1735 2922 Amen.
1763 2846 1964 2924 Conferena

377 2986 382 3013 2
422 2945 479 3036 qui
495 2942 769 3023 observationem
781 2946 851 3019 diei
864 2951 1102 3046 huiuaaatque
1153 2953 1253 3028 vobis
1280 2971 1398 3026 veram
1426 2944 1659 3025 innocentiam
1677 2949 1692 3013 'a
1722 2945 1778 3038 qui
1814 2939 1963 3037 spiritua

299 3040 533 3149 ¹reverentiam
545 3059 628 3118 toto
647 3044 730 3119 orbe
745 3042 976 3122 venerabilem
990 3047 1105 3145 tripli-
1153 3048 1268 3129 sanni
1299 3043 1514 3142 tranquillam
1540 3031 1793 3137 simplicitatem
1817 3040 1964 3115 demon·

236 3157 272 3236 ῃ
302 3139 666 3234 ειιετὸιαεεερῑίοηίε
681 3144 717 3214 &
742 3135 1021 3220 luminationis&
1041 3149 1103 3218 de·
1153 3147 1255 3219 lirare
1281 3143 1396 3219 voluit
1430 3161 1493 3236 per
1516 3136 1733 3212 columbam.
1761 3152 1811 3232 132.
1822 3138 1963 3210 Amen.

301 3226 497 3308 clarationia
513 3234 648 3314 honore
663 3234 793 3314 dotalii
807 3287 817 3310 .
842 3239 1033 3336 Apparein
1050 3243 1103 3316 hia
1153 3244 1259 3334 Qod
1286 3241 1357 3335 ipse
1384 3234 1532 3334 presiate
1567 3232 1761 3330 dignetura
1789 3234 1885 3319 cuius
1905 3256 1960 3305 re·
1994 3237 2044 3313 8ο

301 3326 580 3424 solennitatibus:
606 3340 642 3408 δι
662 3352 802 3432 accepta
817 3338 977 3415 oratione
993 3338 1103 3435 plebia
1182 3355 1258 3415 num
1271 3339 1306 3410 δι
1319 3333 1497 3432 imperium
1509 3327 1578 3404 line
1592 3332 1661 3405 line
1677 3348 1795 3406 manet
1808 3329 1844 3402 in
1865 3329 1966 3425 secu-j

301 3442 359 3499 tue
376 3428 461 3522 aqui
478 3427 720 3512 solennitatem
736 3434 822 3509 hanc
837 3430 914 3551 ipso
929 3438 1105 3532 acceptio·
1155 3366 1189 3513 ia
1205 3429 1396 3509 seculorum
1410 3479 1421 3503 ·
1451 3445 1500 3526 132·
1513 3433 1651 3505 Amen.

289 3519 351 3623 ¹nis
364 3525 504 3600 nomine
517 3527 733 3604 consecrasti.
749 3527 903 3607 illumina
918 3533 1106 3611 sacrincan·
1203 3531 1373 3608 Dominus
1398 3531 1441 3604 stt
1470 3529 1602 3624 semper
1625 3522 1824 3605 vobiscum}
1850 3523 1960 3621 Mt

224 3638 276 3717 ..30
302 3626 372 3696 tem
383 3619 491 3695 cultui
505 3641 569 3701 tuo
604 3623 744 3721 opulum
760 3648 771 3698 a
789 3630 848 3722 qui
878 3632 957 3705 felia
969 3633 1035 3704 hec
1051 3651 1106 3710 et·
1155 3646 1231 3705 cum
1244 3627 1366 3726 spiritu
1382 3646 1445 3703 tuo
1461 3672 1473 3696 .

302 3717 365 3792 iam
381 3651 1102 3806 vocabuloiiiunlnani,declaracornbue
1221 3788 1225 3801 .
1339 3744 1345 3757 “
1574 3812 1577 3822 ,

300 3814 422 3890 nostrin
437 3818 597 3892 veritatis
622 3839 682 3892 tue
701 3817 836 3900 lucemt
864 3819 922 3919 qui
936 3826 971 3897 &
997 3825 1102 3922 ipsam
1321 3810 1400 3910 nos
1411 3823 1594 3896 communio
1611 3869 1621 3893 .
1645 3811 1790 3895 Oratio?

301 3908 569 4007 apellationem
604 3918 724 3990 dedisti
751 3920 803 3993 his
843 3920 1105 3999 solennitatibus
1160 3915 1164 3923 ’
1249 3920 1372 3997 Erbum
1384 3938 1464 3994 ante
1489 3917 1602 3992 secula
1616 3916 1836 3990 ineffabiliter
1850 3909 1957 4013 patria

300 3936 516 4083 cinnama
542 4010 632 4110 Ouia
654 4030 699 4088 ,tu
725 4018 873 4093 etDeut
898 4043 936 4093 ac
953 4020 1104 4099 Redem-
1271 4044 1334 4094 ore
1361 4012 1566 4115 prolatuma
1599 4014 1687 4088 &in
1716 4031 1876 4110 tempore
1891 4015 1959 4087 ho*
2049 4091 2054 4102 ,

243 4134 275 4213 35
302 4123 385 4202 ptos
398 4121 562 4183 eternum
1151 4117 1274 4192 minem
1290 4133 1354 4213 pro
1369 4110 1469 4191 nobit
1482 4124 1527 4185 en
1539 4109 1678 4208 virgine
1690 4128 1805 4183 ortum
1819 4135 1829 4177 ε
1846 4109 1959 4185 humi·

506 4193 730 4305 Posipriciie‘·
756 4206 899 4287 Oratiol
993 4299 996 4308 Ι
1155 4208 1179 4284 li
1197 4237 1300 4310 prece
1320 4212 1527 4310 poscamus:
1553 4225 1592 4281 ut
1609 4205 1866 4282 invocationem
1891 4230 1958 4281 no-
1986 4234 2042 4308 90

407 4299 517 4398 Ppare
544 4302 723 4383 Dominea·
746 4310 957 4406 cognoscere
980 4301 1105 4388 Domi·
1153 4307 1250 4387 liram
1264 4312 1307 4383 de
1320 4305 1440 4384 nionte
1461 4298 1577 4381 sancto
1597 4298 1659 4380 suo
1677 4299 1827 4400 placatus
1849 4326 1959 4379 exau·

417 4422 489 4471 nea
513 4396 597 4475 sicut
625 4407 801 4516 apparuisti
839 4404 1033 4481 manifestus
1068 4411 1105 4482 in·
1154 4406 1252 4481 diatz
1281 4405 1419 4501 eiusque
1436 4395 1631 4477 benedidio
1655 4392 1958 4496 pedoracreden·

304 4517 427 4569 carnea
455 4519 557 4574 ortus
582 4517 628 4575 er
643 4503 779 4598 virgine
801 4523 812 4572 a
836 4502 996 4576 inventus
1012 4533 1030 4579 a
1044 4531 1106 4599 paa
1156 4504 1242 4574 tium
1256 4502 1408 4600 repleat.
1436 4507 1487 4573 Ac
1500 4501 1584 4575 ficut
1599 4498 1730 4569 incerta
1742 4496 1956 4573 secretorum

245 4622 279 4694 40
303 4585 465 4667 tortuosa
490 4599 649 4693 cognitus
672 4594 707 4670 in
721 4591 877 4673 virtute.
903 4588 1105 4675 Declaratus
1158 4597 1321 4693 sapientia
1347 4588 1556 4673 manifestans
1573 4592 1615 4664 ad
1638 4591 1672 4662 se
1699 4591 1957 4684 agnoscendum

302 4682 487 4765 insideret
509 4700 668 4768 adoratus
695 4696 729 4766 in
760 4714 917 4770 munere·
945 4687 1107 4771 Ollensuc
1157 4696 1262 4769 corda
1280 4696 1410 4769 excitet
1438 4691 1578 4764 nollraa
1604 4687 1651 4758 ita
1663 4684 1865 4798 catholicam
1883 4682 1957 4789 ple·
1984 4692 2039 4795 95¹

303 4782 336 4857 in
351 4787 494 4861 flumine
509 4818 519 4859 ε
547 4792 695 4866 creditus
721 4789 755 4863 in
783 4793 851 4864 fide
867 4820 878 4860 a
905 4786 1041 4866 habitus
1069 4793 1105 4868 in
1155 4793 1234 4863 bem
1248 4790 1371 4867 alarum
1386 4789 1516 4862 suarum
1529 4780 1754 4886 protesitone
1768 4780 1935 4892 defendat
1945 4808 1956 4851 a

301 4883 416 4958 nubea·
439 4877 617 4979 promissus·
633 4888 667 4959 in
684 4886 797 4973 iudice
818 4894 895 4963 aUt
907 4888 1035 4964 sacrate
1051 4891 1107 4966 so·
1155 4887 1269 4982 eisque
1283 4903 1359 4964 cnm
1386 4886 1492 4971 iudex
1505 4876 1644 4955 venerit
1661 4869 1779 4990 miliat
1804 4868 1958 4972 placant·

301 4974 479 5057 lennitatis
507 4985 621 5080 gratia
644 4984 694 5058 ita
714 4982 872 5081 suscipiat
894 4981 1033 5062 ecclesia
1048 5007 1106 5064 tua
1156 4982 1217 5056 lita
1243 4983 1439 5079 proquibus
1459 4974 1667 5054 redimendis
1680 4993 1828 5048 incarne
1855 4997 1961 5071 appa·

238 5099 274 5179 45
302 5094 390 5151 nunc
403 5078 524 5176 gaudia
541 5105 552 5153 a
574 5070 614 5155 ut
626 5080 777 5178 pretulit
790 5084 962 5178 quondam
979 5087 1105 5178 mystea
1155 5082 1226 5155 ruit
1243 5079 1407 5154 humilis.
1429 5091 1478 5168 132.
1495 5081 1631 5152 Amen.

223 5234 228 5255 2
303 5174 380 5248 ria·
405 5184 603 5269 annuens
1205 5174 1274 5251 Per
1293 5175 1557 5252 misericordiam
1589 5192 1682 5247 tuam
1697 5167 1791 5244 Deua
1819 5165 1959 5246 noliera
1993 5202 2063 5259 100

459 5294 462 5299 '
1155 5273 1213 5368 qui
1230 5299 1265 5346 es
1281 5261 1803 5347 beneditius&vivia&omnia
1815 5267 1905 5364 regis
1923 5269 1960 5340 in
2063 5353 2065 5358 Ι

384 5458 419 5465 ,Ἰ
459 5363 714 5450 adorationem
727 5370 946 5453 Dominicanli
982 5462 985 5469 ,
1155 5368 1265 5445 secula
1280 5370 1493 5446 seculorum.
1515 5383 1564 5463 lja
1582 5370 1717 5438 Amen.
1787 5431 1791 5439 .

301 5460 608 5649 CHtiste'Deus
624 5474 681 5566 qui
699 5471 858 5571 virginali
883 5475 1107 5575 prodiente!
1204 5464 1373 5544 Dominus
1400 5461 1442 5540 fit
1467 5466 1604 5562 semper
1626 5455 1826 5537 vobiscum·
1850 5458 1958 5553 Mt

227 5591 271 5666 50
412 5588 512 5642 utero
528 5594 657 5642 novum
672 5571 777 5644 hodie
807 5568 919 5666 lumen
945 5573 1106 5670 apparui·
1155 5589 1259 5642 cuma
1876 5591 1878 5594 ’
1982 5611 1987 5623 ·

299 5662 363 5734 ilia
396 5665 577 5753 inmundo
594 5665 733 5763 agnitus
747 5668 781 5739 in
799 5662 913 5744 llellaa
942 5673 1105 5744 adoratus
1222 5671 1326 5740 Dicat
1337 5652 1458 5738 Preti.
1472 5649 1631 5735 Solennia‘
1647 5650 1816 5770 completa
1833 5652 1958 5730 suntin
1992 5670 2062 5763 105'

300 5780 365 5854 per
387 5782 550 5838 munera.
574 5764 648 5837 cilia
666 5788 728 5838 nos
756 5765 836 5837 favo
852 5764 958 5841 mellis
987 5770 1023 5840 δι
1039 5768 1108 5841 ser·
1156 5766 1293 5859 nomine
1318 5761 1459 5838 Domini
1482 5754 1557 5840 lesu
1581 5755 1731 5826 Chrlssta
1759 5774 1958 5830 votumno·

299 5857 457 5935 monibus
485 5856 604 5933 bonit:
630 5856 845 5934 orationibus
869 5861 962 5949 iuliis
988 5876 1027 5938 ac
1055 5879 1109 5938 r'e·
1157 5862 1261 5935 strum
1274 5854 1317 5933 sit
1329 5878 1508 5952 acceptum
1523 5874 1598 5928 cum
1617 5874 1725 5943 9²⁰²·

301 5952 724 6057 sponsionibuspietatisg
752 5960 798 6034 Ut
811 5958 958 6061 dulceclo
973 5958 1110 6063 auoitug
1206 5976 1258 6060 na
1272 5959 1420 6064 ›chorto-
1443 5956 1525 6030 Deo
1541 5947 1667 6052 gratias
1683 5993 1695 6044 3

1993 3719 2044 3818 ⁸53

1905 6043 1961 6123 IN
