4450 7209
573 930 693 1028 Ntcr
722 924 937 1060 antiquos
969 920 1214 1017 sacrarum
1245 913 1561 1049 lituigia'rum
1593 913 1834 1035 Codices,
1866 945 1950 1061 per
1979 949 2102 1059 quor

493 926 559 1217 I
596 1067 847 1170 stabilitum
882 1062 940 1161 ab
970 1060 1205 1206 Apostolis
1241 1062 1367 1160 Sacri
1401 1050 1604 1161 faciendi
1648 1050 1915 1180 ordinem,
1957 1066 2102 1165 r'radi·

496 1208 778 1356 tamque‘ab
809 1204 915 1352 ipsu
947 1205 1005 1306 de
1039 1207 1323 1307 Eucharistia
1349 1226 1452 1328 ,.&
1486 1213 1791 1310 Sacramentis
1822 1208 2012 1351 reliquis
2046 1210 2106 1310 fi-

492 1363 635 1479 dem,
663 1392 718 1457 ac
746 1385 921 1454 certam
937 1428 955 1474 ,
987 1359 1228 1492 tutamque
1260 1353 1397 1452 illam
1423 1354 1639 1491 regulam
1670 1363 1968 1499 accepimus,
2005 1391 2103 1499 qua

475 1506 627 1637 hujus
661 1506 800 1601 aeratis
828 1505 1167 1601 Haereticorunt
1202 1505 1472 1621 novitates,
1505 1497 1769 1644 erroresque
1803 1501 2107 1635 detegimus,

494 1653 823 1769 revincimus,
857 1683 913 1748 ac
945 1643 1249 1789 profligamur
1285 1723 1302 1769 ,
1339 1645 1499 1746 locum
1530 1682 1719 1791 quoque
1756 1647 1937 1747 obtinet
1972 1645 2108 1750 suurn

492 1799 672 1933 Mifflrle
702 1805 889 1892 mixtum
906 1792 1144 1926 secundum
1179 1800 1366 1929 regulam
1397 1801 1529 1892 Beati
1568 1793 1714 1923 Ifidurt'
1745 1792 1913 1894 dilium
1927 1806 2107 1925 Moza·

490 1940 612 2043 robes
643 2013 660 2059 ,
697 1938 826 2078 quod
861 1943 1182 2078 antiquiorum
1200 1935 1542 2080 ¹Hispaniarum
1576 1935 1783 2039 Ecclesrae
1810 1945 2028 2065 rituum,
2057 1959 2106 2042 δε

374 2100 378 2107 ’
493 2083 881 2187 consuetudinum
926 2081 1264 2226 compendium
1308 2078 1538 2203 exbibet,
1583 2084 1999 2226 Apostolicamque
2047 2086 2107 2183 de

490 2230 773 2334 Eucharillia
809 2228 1068 2333 dominam
1086 2263 1193 2326 com
1228 2221 1443 2330 lrdlirur.
1474 2222 1656 2328 Millale
1690 2225 1955 2358 hujusmodi
1981 2267 2007 2327 e
2037 2260 2107 2328 te·

489 2378 677 2496 nebris,
711 2375 958 2514 inquibus
993 2375 1141 2477 veluti
1176 2266 1407 2517 {pultum
1437 2374 1657 2503 jacebat,
1692 2382 1743 2474 in
1775 2378 1932 2475 lucem
1959 2380 2102 2476 mittit

490 2530 540 2623 P.
575 2518 840 2620 Alexander
881 2522 1065 2621 Lesleur
1111 2521 1349 2620 Societatis
1385 2518 1489 2648 lesu
1534 2521 1770 2656 Presbyter
1817 2517 2108 2623 disertiffitna

490 2665 793 2787 Praefarionc,
829 2665 1109 2806 eruditisque
1142 2673 1264 2765 notis
1295 2665 1608 2787 illustratum,
1645 2683 1691 2767 δι
1725 2674 1948 2768 anetum.
1986 2676 2107 2789 Quae

489 2813 682 2954 quidem
715 2816 913 2933 omnia,
948 2811 1199 2911 mandante
1231 2804 1630 2946 Reverendiffimo
1663 2820 1794 2911 Patre
1827 2820 1952 2913 Sacri
1970 2816 2110 2916 Pala·

186 3014 192 3024 ·
352 3057 355 3063 ,
412 3026 417 3038 ·
489 2962 544 3056 ni
582 2960 845 3098 Apostolici
878 2956 1110 3094 Magistro
1141 3032 1157 3078 ,
1193 2985 1362 3054 attente
1394 2957 1658 3099 pervolvi,
1693 2963 1811 3100 quin
1851 2960 1928 3058 vel
1959 2965 2103 3057 mini·

490 3136 623 3201 mum
660 3096 1252 3200 oll'enderim'Orrbodoxae
1278 3100 1440 3223 Fidei,
1469 3097 1639 3205 Ethicae
1672 3102 1944 3202 Christiana
1976 3180 1991 3226 ,
2024 3105 2109 3204 de·

491 3250 682 3383 bitoqne
715 3249 915 3343 Summis
931 3245 1229 3344 Potestaribus
1265 3247 1487 3388 obsequio
1516 3254 1835 3350 contrarium.
1863 3257 1967 3349 lmo
1994 3286 2108 3352 cum

490 3381 769 3493 dodliffimus
803 3392 981 3490 Audlor
1017 3390 1149 3529 plura
1176 3394 1475 3525 collegerit,
1513 3411 1561 3495 &
1596 3392 1903 3540 exposuerit,
1935 3396 2107 3534 quibus

247 3512 251 3519 ¹
412 3664 419 3673 ἱ
491 3541 684 3673 antiqua
710 3530 921 3634 Ecclesrae
954 3531 1232 3676 disciplina,
1266 3551 1314 3634 &
1348 3533 1662 3639 Ecclefiastica
1694 3544 1902 3643 Historia
1938 3541 2109 3640 mirifi-

492 3682 545 3783 οὲ
577 3680 863 3779 illustrantur
894 3753 929 3803 ,-
956 3708 1094 3819 arque
1126 3678 1375 3779 Catholica
1407 3686 1649 3810 Dogmata
1684 3686 2101 3821 comprobantur,

347 3820 366 3939 ’,
492 3830 752 3974 plurimum
784 3861 899 3973 opus
932 3818 1229 3970 profuturum
1256 3823 1342 3925 elle
1373 3821 1570 3945 censeo,
1607 3851 1687 3923 aut
1717 3857 1860 3968 quam
1889 3818 2102 3971 primum

214 4092 220 4104 q
369 3978 372 3983 ’
477 3972 671 4119 publici
701 3977 813 4104 juris
843 3976 923 4074 fiat
956 4003 1055 4072 turn
1084 4005 1231 4116 opto,
1263 4002 1365 4072 tum
1396 3965 1598 4104 flagito.
2118 3966 2120 3971 ’

638 4123 817 4221 Datum
847 4130 1010 4225 Romae
1035 4117 1303 4226 cxAEdibus
1320 4119 1638 4262 Araceliranis
1667 4120 1774 4221 Kal.
1791 4123 1909 4255 Maij
1946 4155 2010 4248 17
2018 4152 2043 4236 5
2055 4122 2130 4237 μ’

1076 4419 1151 4514 Fr.
1168 4407 1391 4553 Philtppur
1411 4451 1438 4508 a
1455 4410 1708 4510 Carboneano
1725 4409 1826 4512 ord.
1850 4426 1974 4513 Mt’n.
1994 4421 2100 4548 Reg.

1145 4556 1296 4694 Obser,
1321 4573 1369 4660 t'tt
1394 4563 1676 4660 Araraelitano
1709 4559 1892 4656 canobio
1925 4557 2103 4660 Studio-

968 4821 973 4827 .
1147 4743 1244 4803 rum
1265 4705 1530 4842 Praeflllus,
1567 4716 1601 4802 S
1603 4740 1670 4839 up.
1688 4714 1748 4800 (9·
1767 4716 1921 4804 vnio.
1941 4712 2104 4844 lnqm'fi

1147 4855 1358 4983 Qalifi,
1389 4861 1485 4949 Sac.
1521 4863 1639 4984 Cong.
1666 4846 1826 4949 indicis
1852 4856 2099 4983 Constabat,

1022 5055 1029 5069 ·
1147 5008 1209 5094 (θ’
1247 5009 1292 5094 in
1327 4998 1504 5128 Collegit
1541 4994 1721 5096 Urbano
1752 4994 1802 5095 de
1833 4997 2100 5131 Propaganda

1148 5137 1255 5237 fide
1270 5147 1485 5242 Polemicae
1502 5141 1728 5284 Theologiae
1741 5144 1941 5279 Professor
1960 5214 1974 5241 .
