4450 7209
369 777 471 843 aaut
810 745 1563 868 ‘P.RAEFAT10.

366 875 504 984 tusta,
535 867 818 977 Leonianum,
848 873 888 956 &
913 870 1202 980 Gelasianum,
1233 865 1534 956 demonstrant.
1565 873 1617 956 Iii
1647 894 1799 954 canone
1826 886 2006 984 quoquer

369 986 552 1109 capitula
578 983 719 1077 diebus
747 1007 846 1102 apta
886 987 1159 1075 inserebantur
1195 983 1311 1100 iufra
1343 984 1563 1098 cessionem,
1595 990 1656 1074 uti
1688 989 1728 1072 in
1757 994 1991 1077 Sacramen-

255 1125 343 1223 234
373 1113 474 1198 tario
502 1111 710 1198 Gelasiano
736 1105 871 1193 videre
904 1107 988 1195 est.
1019 1116 1111 1198 Hoc
1138 1131 1309 1218 autem,
1340 1136 1393 1196 ex
1422 1109 1668 1226 responsione
1694 1108 1869 1223 Vigilii,
1900 1107 1994 1193 satie

373 1251 509 1347 aperte
551 1251 695 1342 patet,
734 1224 995 1343 Liturgiam,
1034 1257 1116 1341 qua
1142 1230 1404 1319 Braccarensis
1441 1229 1652 1317 Provincia
1692 1229 1914 1337 utebatur,
1951 1227 1995 1314 iu

329 1443 330 1447 a
373 1379 452 1458 eo,
484 1377 509 1433 a
536 1355 722 1433 Romana
748 1346 859 1432 fuisse
891 1344 1150 1457 dissimilem,
1188 1347 1295 1461 quod
1325 1349 1409 1434 haec
1439 1377 1634 1436 canonem
1667 1347 1867 1457 haberet,
1901 1373 1994 1461 pre·

373 1497 468 1556 cum
499 1467 707 1574 ordinem,
739 1470 779 1552 &
806 1466 1020 1553 verborum
1053 1466 1447 1569 tenoremeumdem
1475 1467 1698 1554 constanter
1724 1468 1997 1576 retinentem,

374 1589 443 1675 illa
476 1614 572 1672 vero
604 1586 755 1672 nullam
784 1586 910 1670 Missa
943 1611 1102 1701 partem
1133 1587 1332 1696 haberet,
1369 1617 1456 1701 qua
1488 1588 1688 1673 variabilis
1720 1614 1801 1672 non
1832 1584 1999 1696 suerit,

375 1735 458 1820 quo
484 1731 651 1821 apparet
679 1703 841 1791 Missam
862 1707 1179 1792 Braccarensium
1208 1706 1375 1792 eandem
1402 1707 1513 1794 fuisse
1543 1730 1668 1818 atque
1694 1703 1998 1820 Gotho-Hispa·

377 1844 507 1935 nam,
539 1827 579 1911 in
609 1852 689 1936 qua
721 1822 790 1909 ista
817 1824 1058 1934 Missurum,
1091 1832 1291 1933 Precum,
1323 1828 1634 1916 &orationum
1667 1823 2001 1914 varietasmani·

121 1993 139 2023 .
265 1965 347 2056 235
380 1943 475 2031 felle
506 1947 713 2030 cernitur.
743 1949 826 2053 At,
858 1973 953 2030 cuni
984 1945 1025 2030 in
1053 1944 1241 2031 decretali
1260 1944 1618 2062 EpistolaVigilii,
1650 1945 1759 2031 nulla
1787 1941 1857 2028 fiat
1885 1970 1999 2032 men·

360 2065 470 2173 tio,
506 2061 556 2148 de
584 2064 767 2177 Liturgia
800 2070 986 2149 Romana
1017 2063 1288 2180 suscipienda,
1327 2093 1373 2151 ac
1405 2092 1455 2150 ne
1485 2064 1706 2150 minimum
1737 2060 1903 2175 quidem
1935 2061 1994 2147 in·

378 2183 525 2271 ditium
559 2183 637 2292 sit,
670 2186 917 2272 Braccarensi
946 2184 1146 2299 Episcopo
1176 2185 1216 2268 in
1248 2185 1432 2271 animum
1463 2183 1640 2291 venisse,
1677 2203 1886 2295 receptum
1918 2179 1996 2265 sua

378 2303 598 2391 Provincia
629 2301 811 2387 ordinem
842 2303 1076 2416 liturgicum
1101 2327 1283 2413 mutare,
1314 2305 1468 2391 ex‘hac
1494 2303 1656 2419 epistola
1682 2300 1824 2387 deduci
1854 2301 2000 2412 nequit

379 2423 515 2536 Regni
545 2428 770 2510 Suevorum
796 2422 1022 2530 Ecclesiae,
1051 2420 1233 2511 abdicata
1263 2425 1472 2538 Hispana,
1501 2429 1736 2511 Romanam
1762 2421 1995 2534 Liturgiam

263 2541 350 2650 236
382 2543 456 2628 hoc
487 2564 669 2657 tempore
697 2539 919 2644 admisisse,
952 2544 1097 2653 Neque
1130 2541 1206 2627 alia
1236 2541 1397 2631 videtur
1426 2543 1537 2629 suisse
1567 2541 1682 2627 causa
1720 2569 1790 2626 cur
1818 2538 1995 2652 Vigiliur

379 2659 429 2746 de
462 2661 653 2774 Liturgiae
679 2663 874 2767 Romana
899 2687 1050 2745 canone
1081 2661 1331 2746 mentionem
1362 2663 1534 2770 fecerit,
1565 2690 1689 2773 quam
1721 2682 1766 2744 ut
1791 2657 1997 2754 Profuturi

275 2878 289 2890 ..
379 2779 600 2866 curiositati
632 2777 902 2887 satisfaceret,
943 2779 1015 2892 qui
1045 2777 1145 2863 ritus
1174 2784 1379 2867 Romanos
1410 2773 1594 2868 noscendi
1633 2779 1799 2894 cupidus
1828 2774 1997 2865 Pontifi-

378 2922 467 2985 cem
502 2900 850 3011 interrogaverat,
881 2925 964 3004 an,
995 2895 1338 3009 quemadmodum
1371 2903 1412 2986 in
1445 2899 1664 3015 Hispania,
1696 2926 1769 3012 pro
1794 2897 2000 3011 liturgico·

375 3046 471 3106 rum
512 3015 669 3101 dierum
711 3013 1003 3120 multitudine,
1044 3015 1179 3101 Missas
1211 3018 1405 3103 haberent
1435 3019 1641 3126 diversas,
1680 3015 1879 3103 Romanis
1909 3041 2007 3108 moe

380 3131 522 3226 similis
550 3135 711 3242 suerit,
744 3137 790 3220 8(
821 3133 980 3245 aequalis
1008 3133 1218 3219 Milsarum
1259 3136 1511 3245 multitudo,
1542 3162 1664 3248 atque
1696 3127 1902 3221 varietas?
1934 3133 2000 3223 cui

381 3252 592 3370 respondet
617 3250 790 3367 vigilius
820 3251 1039 3342 Ecclesiam
1070 3259 1299 3342 Romanam
1329 3257 1432 3343 hanc
1462 3258 1689 3344 orationum
1710 3318 1742 3360 ,.
1763 3258 1803 3341 8<
1835 3281 2003 3368 precum

383 3375 625 3463 varietatem
659 3399 738 3456 non
770 3370 1018 3481 admittere,
1042 3367 1123 3485 sed
1141 3370 1306 3491 semper
1329 3372 1464 3465 eodem
1492 3399 1632 3466 tenore
1658 3368 1796 3464 oblata
1815 3378 1901 3461 Deo
1919 3401 2004 3461 mir·

382 3524 485 3584 nera
512 3486 775 3606 consecrare.
811 3492 944 3601 Eique
978 3513 1140 3577 textum
1172 3489 1372 3606 cononice
1399 3493 1567 3611 precis,
1600 3495 1618 3608 (
1647 3523 1740 3581 nam
1771 3490 1819 3579 de
1849 3519 2005 3579 canone

268 3638 271 3643 ’
383 3614 513 3700 Missae
553 3605 832 3723 loquebatur)
864 3614 903 3696 8(
934 3611 1140 3725 exemplar
1168 3614 1292 3698 Missa
1321 3613 1514 3701 Paschalis
1546 3615 1685 3722 misit,
1724 3637 1770 3699 ut
1798 3611 1845 3698 iit
1877 3611 2010 3728 inspe-

277 3831 290 3842 ..
388 3729 484 3842 uis,
517 3731 659 3818 seriem
680 3729 871 3843 Liturgia
900 3734 1125 3837 Romame,
1157 3731 1351 3843 ejusque,
1382 3735 1433 3819 ab
1463 3734 1601 3819 ordine
1621 3733 1832 3848 Hispano,
1865 3729 2007 3820 discre-

270 3852 354 3963 237
388 3853 595 3972 pantiam,
627 3850 768 3936 clarius
797 3847 1072 3960 dignosceret.
1104 3855 1198 3959 At,
1228 3850 1451 3962 inquiunt,
1483 3881 1608 3938 canon
1637 3853 1904 3942 Braccarensis
1929 3851 2008 3938 cla·

387 4004 430 4061 re
462 3971 641 4089 precipit
674 3995 719 4054 ut
751 3967 878 4055 Missa
909 3970 960 4053 ab
991 3969 1177 4054 omnibus
1203 3999 1249 4056 eo
1273 3965 1418 4058 ordine
1449 3974 1731 4080 celebrentur,
1765 3999 1883 4087 quem
1911 3977 2007 4057 Pro·

388 4094 547 4182 futurus
576 4097 710 4176 Roma
749 4087 909 4173 missum
939 4087 1124 4201 accepit.
1166 4087 1289 4205 Quod
1320 4088 1428 4175 idem
1462 4090 1517 4176 est
1554 4119 1601 4176 ac
1634 4093 1660 4174 si
1692 4089 1923 4205 precipisset
1964 4113 2010 4176 ut

387 4211 516 4301 Missae
548 4209 600 4295 ab
630 4207 816 4293 omnibus
849 4205 1001 4294 Ordine
1029 4211 1219 4292 Romano
1251 4207 1422 4294 fierent.
1453 4217 1592 4321 Atque
1623 4209 1721 4293 adeo
1753 4235 1798 4293 ut
1825 4209 2011 4323 Liturgia

389 4335 611 4438 Romana,
651 4329 692 4411 in
727 4348 813 4410 tota
839 4324 1056 4431 Gallaecia,
1089 4326 1361 4440 reciperetur.
1401 4329 1663 4416 Mobillonius
1693 4329 1864 4413 minime
1886 4326 2010 4415 dubi·

389 4472 486 4560 tat,
518 4447 616 4561 quin
647 4443 745 4530 ordo
776 4445 843 4530 ille
874 4443 996 4528 suerit
1026 4443 1255 4530 Gelasianus
1281 4441 1376 4560 (a).
1417 4452 1506 4533 Nec
1539 4448 1674 4560 negari
1706 4446 1833 4560 potest
1854 4452 2011 4534 Roma·

390 4598 486 4657 nam
515 4567 768 4674 Ecclesiam,
799 4559 963 4654 sedente⁸
985 4562 1168 4677 Vigilio,
1200 4569 1517 4654 sacramentario
1536 4568 1744 4654 Gelasiano
1772 4564 1881 4652 usam
1908 4568 2014 4656 else.

273 4689 358 4799 238
390 4688 466 4780 Sed
498 4717 547 4774 ne
578 4685 755 4771 dicamus
787 4683 1152 4773 Sacramentarium
1178 4685 1432 4772 Gelasianum
1470 4687 1519 4771 ad
1551 4686 1817 4771 Profuturum
1843 4686 2007 4777 missum

393 4809 498 4916 elle,
535 4805 663 4893 obstat
693 4803 835 4920 Vigilii
865 4800 1059 4918 mistola,
1098 4803 1250 4915 inqua
1287 4803 1423 4892 scribit
1453 4806 1501 4890 wse
1527 4804 1652 4913 Missa
1692 4832 1922 4914 canonem,
1965 4811 2008 4897 8(

390 4927 554 5016 Missam
583 4923 812 5012 Paschalem
845 4921 1016 5033 misisse,
1048 4918 1098 5005 de
1125 4926 1441 5012 sacramentario
1471 4923 1679 5016 Gelasiano
1708 4923 1863 5040 prorsus
1895 4925 2009 5016 filet.

390 5044 514 5135 Unde
540 5044 754 5156 cajetanus
780 5042 907 5129 cenni
925 5033 1019 5154 (b),
1050 5036 1159 5127 resie
1185 5043 1350 5154 quidem
1381 5069 1503 5160 negat
1534 5043 1898 5134 sacramentarium
1927 5054 2011 5135 Ge·

389 5165 580 5251 lasianum
615 5162 825 5248 Profuturo
856 5158 968 5244 fuisse
994 5158 1188 5272 missum,
1217 5186 1262 5248 at
1290 5163 1332 5249 in
1363 5192 1444 5274 eo,
1482 5164 1591 5278 quod
1621 5163 1767 5273 addit,
1796 5159 2009 5283 integrum

390 5279 573 5374 ordinem
599 5273 734 5393 Miffae
761 5289 955 5367 Romana
985 5279 1185 5392 Vigilium
1222 5283 1266 5369 in
1305 5284 1543 5400 Hispaniam
1583 5315 1663 5373 non
1704 5283 1876 5393 misisse,
1914 5286 2010 5373 viro

391 5403 546 5489 erudito
579 5400 747 5487 minime
776 5396 997 5509 assentior,
1030 5399 1138 5486 milii
1167 5402 1276 5491 enim
1308 5428 1466 5491 certum
1496 5405 1551 5493 est
1583 5405 1747 5493 Missam
1779 5403 1907 5492 etiam
1934 5412 2009 5494 Pa·

391 5522 597 5630 schalem,
629 5548 754 5634 quam
779 5517 980 5636 Vigilium
1009 5520 1226 5610 Profuturo
1254 5526 1397 5612 misisse
1436 5523 1620 5635 constat,
1651 5524 1870 5641 fintegmm
1898 5526 2008 5614 ordi·

276 5666 360 5754 239
391 5672 485 5731 nem
512 5642 639 5732 Missa
657 5647 853 5732 Romanae
877 5640 1146 5758 complexam.
1165 5643 1271 5737 esse.
1297 5645 1475 5736 cennius
1502 5645 1630 5736 etiam
1656 5646 1901 5766 peculiarem
1920 5646 2011 5764 opi·

351 5807 358 5826 ··
1836 5795 2010 5858 monem

432 5942 492 6032 (a)
514 5943 564 6010 oe
588 5921 730 6037 iring(
751 5943 875 6014 crine.
909 5943 972 6014 m.
987 5964 1021 6015 1.
1038 5898 1164 6037 epm.
1268 5947 1327 6037 (a)
1350 5946 1407 6014 oe
1431 5942 1636 6033 antiquitate
1670 5943 1821 6017 acciano
1853 5940 2008 6033 Hispan·

386 6049 522 6120 pag-gi.
1222 6036 1616 6131 To.t.di1s.7.pag·3513
1986 6074 1993 6081 ·
