4450 7209
285 705 359 801 138
665 702 919 786 DOMINICA
945 708 1132 802 Quum
1159 709 1559 797 Quoounoesrmu;

198 856 202 867 .
284 804 402 878 nentie
429 803 600 881 clamant.
626 816 676 899 132.
701 812 938 887 Amen-‘Per
965 810 1094 884 miseri·
1142 809 1275 890 Saulem
1304 812 1533 888 dormientem
1560 809 1594 880 in
1620 803 1783 885 tentorio
1811 807 1951 886 &reli-
1980 835 2016 909 55

283 906 436 980 cordiam
451 906 552 1001 ipsius
567 905 635 981 Dei
650 908 751 983 nollri
767 914 835 987 &o
864 909 1036 989 Dominus
1049 909 1091 984 llt
1141 933 1243 1006 quum
1258 906 1385 1008 vulgus
1403 935 1464 1006 per
1479 907 1659 984 circuitum
1672 912 1757 996 eius:
1767 908 1817 982 ait
1832 911 1954 987 David

283 1002 420 1097 semper
434 1004 633 1082 vobiscum.
664 1021 713 1102 132.
731 1008 773 1083 Et
789 1034 889 1086 cum·
1143 1011 1185 1082 ad
1214 1009 1418 1084 Abimclech
1432 1010 1606 1084 Cetheum
1635 1008 1672 1081 δι
1697 1007 1811 1082 Abisai
1840 1006 1953 1085 filium

326 1106 638 1179 discredendum.
652 1109 723 1198 Qui
739 1109 835 1181 venit
850 1110 892 1184 ad
908 1132 963 1182 me
980 1155 992 1181 .
1142 1110 1263 1183 Sarvie
1279 1110 1418 1185 fratrem
1430 1108 1512 1193 loab
1526 1106 1667 1181 dicens.
1695 1107 1782 1201 Qis
1812 1106 1953 1181 descen·

227 1231 249 1305 5
331 1208 416 1272 Com.
432 1199 619 1298 Repletum
635 1207 707 1279 eli.
733 1211 872 1280 Oratio.
889 1205 1002 1303 Reple
1017 1206 1093 1279 Do·
1142 1209 1205 1281 det
1232 1230 1363 1282 mecum
1393 1210 1436 1282 ad
1458 1205 1536 1282 Saul
1561 1207 1595 1278 in
1613 1207 1748 1281 casira?
1777 1203 1951 1303 Dixitque

279 1294 372 1371 mine
385 1321 471 1372 cor.
488 1310 602 1405 Qere
614 1306 649 1377 in
664 1312 694 1375 Ι.
708 1306 879 1379 Dominico
894 1309 1095 1411 Qadraege·
1144 1304 1263 1380 Abisai
1283 1307 1382 1403 .Ego
1395 1306 1592 1380 descendam
1607 1324 1719 1379 tecum
1737 1350 1748 1374 .
1764 1303 1947 1379 Venerunt
1970 1306 2009 1377 dt

272 1396 355 1490 fitne
368 1444 378 1465 ·
386 1396 602 1484 soimeri.
1140 1428 1230 1500 ergo
1243 1405 1358 1478 David
1384 1410 1418 1478 dt
1435 1403 1549 1479 Abisai
1578 1406 1619 1476 ad
1635 1399 1802 1501 populum
1816 1401 1921 1477 nodie
1935 1431 1947 1475 s

352 1494 412 1567 IN
444 1500 676 1588 QliNTO
702 1500 1016 1579 DOMINlCO
1140 1504 1177 1574 δι
1201 1502 1411 1578 invenerunt
1425 1501 1502 1577 Saul
1518 1505 1693 1589 jacentem
1715 1500 1751 1573 ἃ
1767 1500 1948 1576 dormien-

436 1598 510 1688 QU
522 1598 909 1676 ADRAGESlME
926 1647 939 1673 .
1145 1616 1216 1673 tem
1233 1601 1266 1673 in
1282 1602 1463 1679 tentorio:
1487 1603 1522 1674 ut
1540 1601 1665 1675 hastam
1683 1599 1833 1674 lixamin
1851 1617 1946 1675 terre

207 1725 223 1781 ι
280 1728 294 1755 ν
560 1699 623 1770 Ad
649 1695 817 1792 Miffirm·
1146 1699 1189 1771 ad
1215 1706 1429 1794 caputeius.
1455 1701 1575 1774 Abner
1599 1718 1718 1773 autem
1743 1693 1948 1812 &populus
2001 1764 2004 1771 .

229 1728 252 1778 ο
334 1788 418 1881 vesu
433 1790 504 1878 filii
521 1794 639 1870 sirach
658 1793 736 1882 idest
765 1790 1023 1885 Ecclesiasticus.
1145 1797 1363 1872 dormientes
1393 1801 1428 1871 in
1454 1798 1604 1871 circuitu
1634 1802 1712 1885 eius
1738 1842 1751 1867 .
1775 1796 1947 1889 Dixitque
1969 1796 2006 1889 65

333 1901 382 1965 tu.
401 1893 480 1966 Deo
497 1894 649 1992 gratias.
902 1904 1093 1973 cadmi.
1144 1895 1261 1970 Abisai
1292 1897 1332 1971 ad
1350 1898 1489 1972 David.
1518 1891 1696 1972 Concludit
1722 1894 1820 1967 Deus
1848 1892 1950 1967 hodie

371 1986 434 2061 lli:
462 1994 559 2065 Deus
582 2017 652 2067 non
667 1991 882 2091 derelinquet
895 1993 1091 2076 misericor·
1142 1992 1314 2073 inimicum
1328 2013 1426 2070 tuum
1440 1995 1473 2069 in
1488 2013 1718 2068 manustuas·
1742 1992 1845 2065 Nune
1857 2012 1948 2162 ergo

383 2087 471 2163 diam
488 2090 577 2164 suam
603 2094 666 2165 a&
683 2116 753 2166 non
769 2114 966 2191 corrumpet
985 2124 995 2168 s
1027 2122 1092 2173 ne·
1140 2093 1339 2190 perfodiam
1361 2117 1438 2169 euru
1455 2093 1572 2168 lancea
1600 2091 1633 2164 in
1661 2111 1789 2164 terram
1813 2091 1907 2162 serue
1935 2114 1947 2158 s

208 2214 252 2287 15
285 2207 352 2277 que
366 2185 496 2261 delebit
527 2213 635 2283 opera
652 2190 735 2265 sua:
763 2215 872 2287 neque
888 2194 1014 2288 perdet
1044 2200 1091 2273 ab
1138 2195 1176 2266 dt
1191 2188 1340 2266 secundo
1355 2216 1442 2289 opus
1456 2216 1526 2268 non
1541 2189 1634 2264 erit.
1662 2190 1704 2265 Et
1726 2188 1816 2264 dixit
1829 2187 1946 2263 David

284 2283 386 2378 llirpe
403 2304 545 2381 nepotes
560 2284 660 2361 electi
672 2288 722 2361 sui
738 2292 796 2365 a&
812 2291 926 2364 semen
939 2298 1013 2381 eius
1029 2297 1086 2390 qui
1139 2291 1183 2366 ad
1198 2290 1338 2366 Abisai.
1365 2292 1422 2365 Ne
1437 2291 1622 2366 interficias
1637 2311 1738 2361 eurus
1759 2283 1836 2383 quis
1854 2286 1945 2361 enlm
1969 2308 2005 2384 po

284 2377 399 2478 diligit
413 2383 606 2464 Dominum
620 2410 689 2461 non
699 2407 941 2485 corrumpetur
955 2441 967 2463 .
980 2394 1091 2472 Dedit
1140 2391 1300 2463 extendit
1317 2414 1453 2464 manum
1470 2394 1559 2465 suam
1588 2389 1621 2460 in
1638 2387 1809 2461 Chrislum
1824 2384 1944 2461 Domi·

285 2499 400 2553 autem
427 2479 593 2577 reliquum
621 2487 728 2562 Jacob
752 2489 788 2562 &
813 2486 930 2564 David
958 2495 1003 2568 de
1018 2492 1091 2590 ipsa
1140 2490 1175 2563 ni
1192 2492 1226 2564 dt
1245 2489 1412 2563 innocens
1425 2490 1527 2565 emt
1554 2489 1596 2559 Et
1613 2484 1706 2558 dixit
1721 2485 1863 2560 Davids
1894 2483 1950 2557 ui·

286 2578 415 2672 slirpes
444 2581 480 2652 δι
508 2581 681 2678 requievit
695 2584 857 2665 Salomon
886 2608 961 2666 curn
986 2593 1092 2689 patri·
1140 2588 1195 2661 vit
1210 2587 1475 2684 Dominusquia
1491 2586 1551 2660 nili
1568 2583 1736 2658 Dominus
1751 2578 1950 2680 percurrerit

207 2707 256 2760 20
285 2676 345 2748 bus
362 2675 449 2786 suis.
473 2678 515 2753 Et
531 2680 671 2773 reliquit
686 2688 761 2779 poli
778 2685 811 2759 se
825 2687 869 2758 de
883 2681 1012 2764 semine
1028 2690 1095 2768 suo
1140 2709 1242 2762 eume
1269 2705 1328 2763 aut
1356 2686 1432 2760 dies
1449 2691 1522 2772 eius
1539 2682 1674 2759 venerit
1700 2702 1737 2756 ut
1760 2681 1949 2757 moriatur:
2003 2742 2005 2747 .

286 2795 405 2871 gentis
421 2774 596 2854 stulticiam
608 2782 663 2854 z&
680 2781 892 2860 imminutum
905 2814 925 2863 a
939 2791 1094 2885 pruden-
1141 2804 1200 2859 aut
1229 2785 1261 2857 in
1283 2786 1450 2860 infernum
1467 2784 1651 2858 descedens
1667 2780 1814 2875 perierit
1833 2808 1844 2851 s
1871 2802 1952 2877 pro·
1969 2800 2006 2880 75

286 2872 337 2945 tia
364 2873 523 2948 Roboam
554 2877 611 2972 qui
641 2883 771 2957 avertit
786 2902 932 2981 gentem
945 2885 1096 2963 consilio
1145 2882 1253 2981 picius
1268 2886 1309 2957 sit
1325 2885 1406 2958 mihi
1421 2883 1609 2958 Dominusr
1625 2903 1667 2950 ne
1681 2879 1870 2953 estendam
1883 2898 1953 2952 ma·

285 2969 374 3041 suo.
402 2973 440 3045 Et
456 2974 665 3077 Hieroboam
681 2977 789 3055 lilium
802 2983 940 3058 Nabata
966 2989 1023 3080 qui
1043 2987 1094 3060 fe·
1145 3007 1223 3057 num
1256 3007 1363 3058 meam
1397 2985 1428 3053 in
1455 2981 1626 3054 Christum
1646 2977 1815 3050 Domini.
1848 2977 1949 3049 Nunc

286 3068 335 3141 cit
363 3094 504 3184 peccare
519 3073 618 3149 lsrael
639 3104 650 3146 t
671 3080 706 3152 de
729 3080 826 3152 dedit
851 3082 976 3158 Effrem
1001 3084 1097 3161 viam
1144 3101 1259 3156 autem
1285 3078 1371 3155 tolle
1388 3080 1513 3155 hastam
1536 3100 1603 3170 que
1627 3077 1674 3147 eli
1701 3074 1742 3147 ad
1755 3092 1863 3244 caput
1875 3077 1949 3159 eius

205 3202 253 3279 ,5
286 3172 478 3264 peccand13
498 3171 534 3243 δι
559 3171 701 3270 plurima
715 3179 994 3258 redundaverunt
1008 3205 1097 3280 pec·
1142 3185 1176 3255 m
1195 3179 1358 3273 scyphum
1376 3199 1500 3268 ratque
1530 3176 1714 3248 abeamus.
1743 3176 1797 3247 Tu
1814 3172 1842 3245 it
1862 3194 1949 3270 ergo

287 3283 362 3341 cata
377 3268 526 3364 ipsorum
540 3270 671 3346 valde.
696 3277 794 3355 Tunc
808 3298 900 3353 mota
917 3281 994 3355 sum
1008 3304 1092 3357 cor·
1142 3280 1266 3352 hastam
1278 3277 1312 3347 &
1329 3276 1493 3371 scyphum
1509 3297 1593 3366 a‘Nl
1609 3301 1618 3340 ²
1628 3271 1685 3366 (1υἱ
1701 3290 1777 3346 “a
1790 3272 1832 3344 ²d
1846 3288 1948 3367 ‘²9¹¹‘
1968 3268 2006 3343 ⁸⁰

287 3365 368 3437 da:
410 3369 591 3444 &manus
621 3371 773 3468 ipsorum
802 3404 812 3448 t
839 3380 874 3451 dt
905 3377 1093 3456 doluerunt
1142 3373 1247 3454 Saule
1278 3373 1661 3449 &abierunt.Etnon
1678 3388 1752 3442 erat
1774 3368 1949 3464 quisquam

286 3463 380 3556 quali
397 3465 626 3559 parturientes
643 3470 825 3547 mulieres.
846 3474 890 3550 Iit
902 3475 1096 3555 invocave·
1142 3474 1200 3568 qui
1217 3473 1379 3547 videret:
1409 3467 1678 3568 &intelligeret
1703 3467 1738 3538 δι
1757 3465 1946 3567 vigilaret:

290 3581 371 3635 runt
385 3563 577 3642 Dominum
588 3567 843 3646 misericordior
873 3574 911 3648 ἃ·
933 3595 1092 3671 patentes
1143 3573 1201 3645 sed
1217 3595 1335 3647 omnes
1353 3570 1573 3647 dormiebant
1588 3596 1597 3635 ε
1611 3571 1689 3663 quia
1702 3566 1808 3663 sopor
1823 3567 1948 3642 Domi·

204 3688 254 3769 30
289 3682 410 3736 manus
425 3661 627 3741 extulerunt
642 3671 683 3741 ad
699 3667 1093 3748 celuneuunmmno-
1143 3674 1177 3745 ni
1202 3670 1351 3744 irruerat
1372 3671 1472 3766 snper
1488 3692 1574 3741 eos.
1603 3670 1764 3759 Cumque
1782 3663 1948 3761 transisset
2006 3748 2012 3757 ¹

288 3759 401 3835 minus
415 3760 510 3834 Deus
524 3763 655 3838 audivit
674 3792 797 3844 vocem
813 3770 990 3865 ipsorum.
1007 3773 1093 3848 Nou
1141 3769 1257 3843 David
1274 3794 1318 3845 ex
1344 3770 1513 3842 adverso:
1535 3769 1570 3839 de
1593 3767 1730 3840 lietitset
1748 3765 1783 3838 in
1810 3763 1946 3840 vertice
1971 3764 2009 3857 85

285 3858 334 3930 eli
360 3885 649 3940 commemoratus
679 3888 894 3962 peccatorum
930 3868 1091 3949 illorum:
1142 3868 1270 3943 montis
1285 3868 1328 3940 de
1344 3864 1517 3966 longer&
1534 3867 1616 3939 esset
1634 3866 1764 3964 grande
1781 3859 1946 3939 interval·

284 3981 397 4052 neque
413 3962 508 4033 dedit
526 3960 604 4039 illos
619 3963 760 4041 inimicis
779 3968 842 4039 suis
858 4014 868 4036 .
886 3967 997 4064 Usque
1011 3972 1091 4049 dum
1143 3967 1212 4043 lum
1229 3968 1320 4040 inter
1334 3963 1578 4040 eosrclamavit
1593 3965 1707 4037 David
1723 3964 1763 4034 ad
1781 3958 1949 4060 populum

287 4059 490 4148 perveniret
517 4063 557 4133 ad
587 4087 649 4136 eos
667 4066 819 4141 deienlio
836 4094 845 4135 τ
872 4067 908 4140 &
925 4071 966 4142 ab
981 4070 1093 4142 omni·
1143 4074 1179 4143 dt
1196 4069 1237 4142 ad
1251 4067 1366 4139 nbner
1383 4064 1488 4140 filium
1503 4064 1576 4134 Ner
1590 4063 1730 4135 dicens.
1746 4064 1876 4138 Nonne
1893 4082 1951 4131 re·

206 4182 250 4260 35
287 4153 348 4224 bus
376 4158 527 4250 peccatis
553 4184 674 4238 eorum
702 4162 864 4239 liberavit
879 4190 941 4242 eos
968 4166 1093 4242 Domi·
1142 4164 1327 4264 spondebis
1346 4166 1494 4237 Abner?
1522 4163 1565 4235 Et
1591 4160 1804 4259 respondens
1827 4159 1951 4233 Abner

284 4275 349 4322 ¹¹⁰⁸
365 4303 376 4323 ·
405 4270 451 4344 ut·
468 4261 576 4329 Amen
590 4305 601 4327 ·
1142 4270 1193 4341 ait
1206 4315 1216 4336 .
1231 4265 1318 4352 Qm
1337 4284 1424 4335 estu
1439 4261 1495 4359 qui
1512 4260 1634 4336 clamas
1648 4264 1683 4334 δι
1697 4261 1866 4357 inquietas
1880 4260 1951 4331 Re·
1970 4274 2013 4346 90

337 4356 449 4424 Leiiio
468 4353 565 4464 Libri
577 4355 743 4430 Samuelis
756 4356 834 4446 iret
850 4371 877 4434 Ι.
892 4372 1042 4458 Regum.
1142 4390 1220 4464 gem
1238 4368 1254 4432 i
1284 4364 1326 4438 Et
1342 4362 1390 4436 ait
1408 4361 1523 4434 David
1547 4360 1588 4432 ad
1606 4362 1753 4435 Abner.
1784 4354 1952 4453 Nunquld

288 4463 339 4543 ξι.
352 4451 434 4524 Deo
452 4472 602 4548 gratus.
918 4471 1091 4537 cowll.
1141 4489 1212 4537 non
1227 4462 1283 4536 vit
1299 4480 1335 4534 tu
1350 4485 1385 4532 es
1405 4466 1422 4530 ?
1444 4461 1478 4532 dt
1503 4457 1680 4553 quisalius
1703 4454 1816 4534 similis
1834 4457 1884 4530 tui
1915 4456 1950 4532 iu

351 4552 385 4621 N
416 4547 483 4622 illis
515 4553 666 4625 diebus.
693 4553 872 4634 Venerunt
899 4562 1018 4655 Ziphei
1047 4567 1090 4638 ad
1141 4559 1275 4638 lsrael?
1296 4564 1415 4653 Quare
1435 4582 1526 4654 ergo
1551 4583 1621 4631 non
1639 4552 1951 4631 cullodiliiDomi·

208 4679 257 4757 ῃ
362 4645 441 4722 Saul
472 4652 663 4725 inGabaas
697 4657 874 4733 dicentes.
903 4661 1090 4737 licceDa.
1140 4678 1329 4736 numtuum
1346 4656 1946 4754 Regem?ingreliusesteuimunus

213 4786 218 4793 ·
289 4749 349 4822 vid
367 4744 579 4823 absconditus
593 4752 640 4822 eli
657 4756 689 4824 in
708 4755 800 4831 colle
817 4756 953 4830 Achille
968 4762 1024 4855 qui
1042 4764 1089 4834 eli
1140 4762 1295 4833 deturba
1312 4784 1321 4826 r
1349 4774 1387 4828 ut
1412 4755 1625 4828 interficeret
1649 4755 1837 4829 Dominum
1854 4768 1948 4831 tuum
1967 4771 2008 4847 95

289 4869 334 4920 ex
349 4846 491 4919 adverso
509 4847 702 4922 solitudinis
719 4856 751 4925 in
772 4854 855 4928 via.
883 4857 921 4930 Et
943 4858 1089 4935 surrexit
1139 4861 1274 4956 Regem
1293 4903 1303 4924 ·
1319 4855 1401 4928 Non
1416 4852 1605 4926 elibonum
1624 4854 1794 4948 hocquod
1814 4850 1950 4925 fecisti.

289 4942 414 5024 Saul&
430 4943 601 5018 descendit
620 4949 651 5018 in
666 4950 835 5026 desertum
850 4957 997 5054 Ziphr&
1012 4982 1091 5032 cum
1139 4957 1240 5031 Vivit
1255 4954 1423 5031 Dominus
1436 4951 1514 5047 quia
1528 4949 1591 5024 lilii
1607 4953 1729 5026 mortis
1751 4950 1828 5024 estis
1855 4972 1919 5021 vos
1934 4977 1945 5021 s

290 5073 338 5122 eo
351 5043 418 5119 tria
431 5041 535 5119 millia
551 5044 705 5119 virorum
724 5052 766 5124 de
784 5051 901 5126 elesiis
917 5055 1031 5130 lsrael:
1046 5075 1087 5132 ut
1140 5054 1199 5150 qui
1211 5080 1279 5131 non
1290 5051 1671 5128 cullodillisDominum
1687 5046 1947 5123 vestrumChri-

209 5172 257 5251 ῃ
292 5165 452 5244 quereret
466 5143 581 5217 David
607 5146 640 5216 in
670 5148 811 5222 deserto
826 5152 938 5246 Ziph.
967 5155 1007 5227 Et
1033 5178 1090 5231 ca·
1140 5158 1224 5231 llum
1238 5146 1945 5247 Domini.Nuncergovideubisrthasta

292 5251 501 5323 lirametatus
519 5246 565 5316 eli
580 5242 655 5318 Saul
672 5244 704 5315 in
719 5247 836 5320 Gabaa
850 5249 983 5324 Achille
998 5255 1092 5346 quod
1140 5255 1249 5351 Regis
1264 5283 1272 5322 ε
1286 5253 1321 5324 dt
1336 5250 1391 5323 ubi
1407 5247 1553 5341 scyphus
1568 5273 1660 5343 aquae
1671 5246 1729 5342 qui
1743 5264 1821 5318 erat
1836 5245 1879 5318 ad
1892 5265 1946 5317 ca·
1972 5259 2024 5316 tot

292 5366 369 5423 erat
384 5368 428 5419 ex
442 5342 588 5416 adverso
605 5340 798 5418 solitudinis
817 5345 850 5417 in
867 5348 921 5418 via
939 5396 953 5417 .,
973 5349 1093 5423 David
1142 5370 1204 5446 put
1220 5357 1305 5436 eius.
1319 5347 1503 5446 Cognovit
1519 5363 1634 5419 autem
1647 5341 1723 5419 Saul
1740 5365 1868 5417 vocem
1879 5343 1947 5415 Dt-

291 5468 404 5524 autem
430 5441 607 5518 habitabat
626 5442 660 5512 in
675 5443 841 5518 deserto·
871 5445 1002 5517 Videns
1030 5471 1094 5518 au·
1142 5449 1203 5525 vid
1223 5451 1256 5522 ἃ
1276 5448 1387 5519 dixit.
1404 5444 1579 5537 Numquid
1592 5466 1667 5517 vox
1680 5462 1737 5518 tua
1753 5444 1802 5514 eli
1818 5443 1882 5515 hec
1896 5437 1945 5513 fili

292 5568 362 5623 tem
385 5546 477 5639 quod
505 5541 744 5616 venisse-estut
770 5543 844 5639 post
861 5544 893 5614 se
924 5545 956 5615 in
975 5542 1095 5619 deser·
1142 5547 1186 5622 mi
1200 5548 1314 5620 David
1327 5547 1393 5618 ist
1408 5543 1455 5615 ait
1469 5534 1693 5615 David.Vos
1709 5564 1783 5613 mea
1797 5537 1948 5611 Domine

212 5672 259 5749 ‚e
293 5668 366 5721 tum
380 5643 467 5719 mifit
481 5639 765 5737 exploratores&
780 5641 901 5718 didicit
918 5646 1093 5736 quodve·
1141 5646 1185 5719 mi
1203 5651 1298 5721 Rex.
1314 5646 1355 5717 Et
1369 5643 1427 5715 ait.
1443 5645 1553 5731 Qam
1569 5640 1616 5714 ob
1630 5641 1760 5717 eausam
1776 5637 1946 5711 Dominus

292 5746 388 5819 nitier
404 5743 607 5817 certissime.
633 5743 673 5814 Et
691 5740 838 5815 surrexit
856 5741 972 5816 David
989 5739 1089 5819 clame
1140 5769 1233 5820 meus
1250 5742 1463 5837 persequitur
1478 5741 1611 5812 servum
1627 5739 1751 5811 suum?
1790 5738 1847 5808 uid
1863 5737 1947 5809 fecit
1972 5747 2023 5823 105

292 5850 328 5921 ἃ
344 5844 436 5917 mir
454 5845 492 5916 sd
511 5840 622 5916 locum
640 5841 696 5914 ubi
711 5860 782 5912 erat
801 5841 877 5918 Saul
893 5890 902 5910 ·
932 5843 1090 5936 Cumque
1141 5864 1200 5917 aut
1227 5844 1321 5939 quod
1338 5843 1384 5915 eli
1400 5837 1520 5914 malum
1549 5841 1581 5911 in
1599 5860 1697 5909 manu
1712 5861 1788 5909 mea
1805 5840 1820 5904 i
1845 5835 1948 5907 Nunc

292 5944 425 6019 sisset
448 5942 559 6018 locum
588 5940 707 6035 inquo
731 5940 924 6014 dormiebat
947 5939 1023 6015 Saul
1054 5941 1091 6013 &
1142 5966 1233 6039 ergo
1249 5944 1324 6013 aridi
1341 5963 1408 6014 oro
1420 5938 1569 6011 Domine
1585 5937 1629 6011 mi
1643 5937 1720 6008 Rex
1738 5935 1844 6008 verba
1859 5930 1948 6005 servi

291 6048 415 6125 ΔΕΜ
439 6044 529 6121 filius
552 6038 628 6119 Ner
652 6042 811 6143 princeps
839 6039 965 6119 milicie
987 6045 1090 6131 eiust
1143 6042 1222 6116 tui.
1249 6043 1284 6116 Si
1297 6038 1468 6116 Dominus
1487 6038 1608 6115 incitat
1623 6057 1659 6113 te
1673 6032 1949 6206 adversumdmee

370 6166 384 6189 ·
1807 6161 1852 6217 ..o
1879 6150 1959 6207 ore·
