4450 7209
274 720 350 803 114
446 775 451 785 ‚
615 686 982 777 snsss'nro
1031 683 1226 765 POST
1276 679 1617 787 PAS'CHA.

272 826 351 886 tura
369 793 492 906 gaudis
506 798 752 894 consequamur
780 788 1031 888 proclamantes
1058 812 1079 863 e
1130 809 1240 860 meam
1257 813 1266 855 s
1284 787 1510 883 &aperuerit
1533 793 1692 876 januams
1719 780 1883 859 introibo
1901 786 1941 860 ad
1965 806 2003 881 55

274 904 378 985 terris
397 908 528 982 .Pater
541 900 653 973 noller
669 946 680 968 .
1130 883 1227 960 illum
1243 912 1253 955 a
1272 886 1456 963 &cenabo
1469 908 1546 964 cum
1559 882 1620 961 illo
1636 885 1671 957 bt
1687 884 1761 984 ipse
1777 907 1915 960 mecum
1932 934 1942 958 .

323 1007 426 1078 Dicat
440 997 622 1097 Presbyter
633 994 726 1071 Vicit
739 991 797 1069 leo
812 988 963 1068 ‚orabas
989 988 1079 1064 uici·
1128 987 1199 1078 Qu
1227 983 1355 1060 vicerit
1392 987 1487 1063 dabo
1517 984 1699 1058 &sedere
1738 1005 1879 1062 mecum
1907 985 1944 1058 in

275 1099 340 1177 bas
362 1133 372 1172 s
395 1104 490 1176 modo
519 1113 557 1170 at
585 1095 620 1167 in
635 1096 689 1170 die
706 1092 988 1192 Iqefirrresiionis.
1010 1087 1077 1179 fol.
1129 1088 1263 1160 throno
1285 1108 1364 1162 meo
1383 1114 1393 1157 s
1426 1087 1512 1161 sicut
1537 1084 1656 1181 &ego
1671 1082 1814 1157 vicis&
1832 1083 1943 1158 sedeo

88 1258 91 1263 -
225 1222 246 1296 5
277 1210 444 1277 CXCVIII.
1127 1208 1205 1259 cum
1221 1187 1326 1261 Patre
1355 1183 1485 1258 meoin
1513 1180 1644 1258 throno
1664 1187 1764 1268 ejus.
1792 1181 1864 1271 Qi
1881 1185 1944 1254 ha·

323 1294 439 1380 Postea
453 1295 544 1365 dicat
555 1287 765 1389 Presbyter.
799 1284 985 1362 Humiliate
1009 1309 1078 1360 vos
1128 1284 1188 1357 het
1204 1307 1319 1358 aurem
1336 1284 1454 1358 audiat
1476 1307 1487 1352 s
1510 1281 1595 1380 quid
1612 1280 1753 1377 spiritus
1767 1278 1862 1353 dicat
1879 1283 1944 1356 Ec·
1969 1279 2010 1354 so

275 1389 515 1468 benedidioni
548 1436 559 1460 .
586 1390 757 1466 Dominus
786 1388 830 1464 sit
853 1386 987 1483 semper
1012 1407 1083 1465 vo·
1130 1380 1266 1457 cleliis.

275 1492 404 1570 hiscum
420 1537 430 1561 ·
446 1503 495 1588 ᾖ.
509 1489 550 1565 It
566 1511 641 1561 cum
657 1534 668 1558 .
1184 1493 1234 1570 132·
1246 1484 1363 1557 Amen
1380 1528 1392 1553 .

573 1583 793 1659 Benedisiio·
1182 1584 1285 1653 Dicat
1298 1576 1422 1655 urob.
1434 1575 1606 1662 Dominus
1631 1573 1678 1653 fit
1706 1573 1843 1677 semper
1873 1584 1944 1658 tro·⁸

199 1707 250 1775 ,ιο
378 1680 592 1760 HristusDei
606 1682 697 1756 filius
726 1709 735 1748 s
757 1680 815 1775 qui
832 1677 967 1754 suavos
982 1679 1085 1753 rede·
1135 1673 1291 1752 hiscum.

392 1785 455 1857 mit
471 1802 586 1857 morte
613 1808 622 1849 s
652 1779 709 1852 sue
725 1801 792 1852 vos
808 1777 1085 1853 Resurreslionis
1184 1790 1235 1872 132.
1255 1775 1299 1850 lIt
1318 1798 1424 1854 cum·
1969 1768 2013 1861 65

277 1883 485 1957 celebritate
502 1875 713 1954 sanctificet.
729 1881 905 1966 Ita-Amen
920 1922 931 1944 .
947 1877 1084 1974 Qique

307 2007 348 2056 ro
363 1978 470 2055 salute
485 1977 603 2051 mundi
616 1999 733 2051 amaro
796 1993 889 2049 tatus
905 1975 952 2046 esl
976 1998 1088 2072 pocu·
1250 1977 1335 2049 Uam
1348 1972 1569 2073 magnificata
1580 1972 1660 2051 sunt
1673 1995 1783 2069 opera
1796 1968 1948 2047 tuaDo-

275 2006 340 2155 lis:
354 2078 516 2176 passionis
530 2099 569 2152 ac
582 2074 729 2151 Resurre
767 2072 853 2146 ionis
870 2072 1009 2150 suevos
1031 2073 1086 2149 in·
1285 2074 1400 2146 mine·
1424 2082 1468 2149 Ρ.
1482 2070 1609 2147 Omnia
1623 2071 1656 2143 in
1673 2069 1844 2165 sapientia
1864 2070 1950 2143 feci·

207 2194 252 2272 15
281 2196 393 2254 novet
409 2175 646 2252 sacramento.
672 2186 721 2270 132.
735 2177 874 2248 Arnen·
896 2173 944 2244 Ut
960 2168 1090 2248 Resur·
1287 2171 1349 2246 sti.
1376 2170 1426 2266 qi.
1439 2170 1592 2266 Repleta
1605 2169 1763 2246 entem
1783 2185 1947 2256 creatura

195 2293 198 2297 ’
281 2275 477 2355 restionem
492 2278 567 2362 ejus
582 2295 661 2347 cum
676 2271 787 2345 Maria
802 2265 860 2344 vel
886 2270 1014 2345 ceteris
1035 2273 1090 2346 di·
1141 2287 1198 2346 tua
1211 2270 1403 2342 Domine.
1435 2279 1482 2342 Φ.
1495 2267 1651 2344 Omnia.
1971 2276 2012 2356 7⁰

280 2371 421 2471 scipulis
435 2371 607 2447 veraciter
621 2370 868 2466 predicantess
892 2369 933 2441 ad
951 2368 1085 2447 beatam
1184 2372 1287 2443 Dicar
1313 2365 1438 2443 arceb.
1466 2365 1647 2441 Silentium
1670 2363 1797 2440 facite.¹

281 2473 394 2552 vitam
417 2470 630 2568 perveniatis
656 2468 857 2547 indemnes·
881 2479 932 2562 ss·
945 2472 1085 2542 Amen.
1222 2467 1334 2541 cetto
1351 2464 1433 2540 libri
1445 2467 1599 2539 aarum
1617 2460 1881 2563 Apostolorum.

282 2572 355 2649 Per
377 2567 646 2645 misericordiam
673 2565 776 2664 ipsius
788 2561 858 2638 Dei
885 2565 989 2639 nostri
1014 2570 1083 2642 dte.
1134 2576 1184 2660 Ita.
1199 2563 1281 2643 Deo
1296 2565 1457 2662 gratias.
1805 2566 1946 2634 ca.VII.

206 2682 258 2744 ao
284 2668 457 2745 Dominus
483 2669 526 2745 sit
553 2665 688 2762 semper
715 2662 932 2740 vobiscum.
959 2676 1010 2762 lja.
1036 2667 1083 2742 Et
1199 2660 1316 2736 Nillis
1342 2662 1462 2736 diebus
1483 2657 1668 2758 sAngelus
1685 2658 1830 2736 Domini
1848 2659 1944 2736 locu·

284 2790 389 2843 cum.
1209 2779 1263 2834 tus
1277 2762 1379 2838 estad
1399 2757 1594 2855 Philippum
1611 2760 1728 2834 dicens
1745 2805 1756 2829 .
1779 2760 1944 2857 Surge&
1970 2768 2010 2849 75

334 2866 398 2941 aa
412 2861 627 2939 accedentes.
651 2856 811 2937 Gaudete
840 2855 961 2963 populi
974 2906 986 2933 a
1133 2860 1225 2934 vade
1250 2876 1375 2935 contra
1389 2859 1612 2936 meridianum
1627 2856 1668 2932 ad
1683 2857 1775 2933 viam
1801 2879 1869 2951 que
1883 2859 1944 2930 de·

335 2958 716 3039 com.nefeoichristi
738 2982 917 3055 corpore.
1116 2956 1271 3031 'scendit
1292 2959 1335 3030 ab
1351 2953 1562 3033 Hierusalem
1591 2956 1624 3029 in
1637 2956 1767 3030 Gazam
1798 2982 1808 3025 s
1844 2960 1881 3030 δι
1897 2957 1943 3029 est

336 3064 483 3157 Itequire
527 3064 562 3132 is
598 3056 725 3157 uigilia
747 3056 1012 3152 Resurresiionis
1031 3054 1086 3147 fos
1139 3055 1275 3131 deserta
1307 3083 1317 3126 a
1344 3057 1380 3128 δι
1407 3055 1549 3153 surgens
1575 3054 1685 3129 abiis.
1707 3054 1750 3125 Et
1779 3075 1861 3126 ecce
1889 3054 1943 3128 vir

210 3172 256 3253 ²5
288 3155 335 3232 lio
359 3165 499 3230 CXCIII.
527 3160 648 3230 orario
673 3203 684 3227 .
726 3154 885 3250 Expletis
912 3154 1093 3230 Domine.
1142 3155 1474 3248 Ethiopseunuchus
1489 3147 1947 3251 potensCandacisRegine

287 3259 434 3353 Itaquire
450 3257 484 3332 in
501 3256 553 3327 die
567 3253 829 3349 Itesurressionis
845 3300 856 3322 .
862 3252 915 3343 fo.
926 3259 1095 3329 CXCVIII.
1143 3253 1335 3348 Ethiopum
1354 3252 1437 3346 aqui
1467 3268 1541 3324 erat
1571 3250 1672 3345 super
1698 3271 1819 3320 omnes
1849 3273 1948 3348 gazas
1972 3243 2012 3317 82

1143 3356 1220 3438 eius
1235 3369 1379 3424 venerat
1399 3352 1544 3424 adorare
1561 3349 1596 3420 in
1612 3342 1827 3420 Hierusalem
1844 3353 1880 3420 St
1895 3372 1947 3421 re.

337 3445 694 3532 SABBATO
742 3446 1044 3526 PASCHE
1144 3449 1352 3523 vertebatur
1379 3446 1500 3519 sedens
1533 3444 1635 3541 super
1662 3466 1802 3517 currum
1828 3444 1948 3523 suums

258 3630 262 3635 ‚
1143 3543 1329 3642 legensque
1344 3546 1553 3640 prophetam
1570 3544 1735 3637 Esayam·
1762 3541 1867 3618 Dixit
1889 3567 1951 3618 au·
1979 3568 1985 3577 ’

213 3664 262 3743 30
486 3644 550 3718 'add
576 3639 706 3741 Mrffam
728 3639 900 3736 officium}
1144 3663 1216 3717 tem
1229 3643 1364 3738 spiritus
1382 3642 1575 3737 Philippo.
1605 3642 1747 3717 Accede
1775 3644 1813 3714 &
1827 3643 1947 3728 adjun-

1147 3764 1193 3838 ge
1207 3761 1244 3813 te
1257 3743 1299 3813 ad
1314 3765 1448 3817 currum
1465 3742 1587 3815 istum·
1617 3742 1811 3812 Accurrens
1833 3759 1951 3814 autem
1976 3732 2015 3824 85

340 3835 461 3920 Dicite
479 3840 513 3914 in
534 3839 732 3916 nationibus
749 3887 759 3911 .
775 3839 923 3937 Require
938 3861 1030 3912 retro
1062 3841 1097 3912 in
1147 3836 1327 3935 Philippus
1356 3839 1485 3915 audivit
1503 3833 1598 3913 Illum
1615 3834 1794 3935 legentem
1810 3836 1870 3912 Esa
1900 3862 1953 3917 am

292 3946 341 4012 II.
360 3941 455 4032 feria
479 3939 601 4038 pasche
616 3988 627 4010 .
651 3941 770 4014 oratio
783 3939 834 4009 Te
849 3934 981 4012 excelsa
999 3936 1071 4010 laus
1085 3985 1097 4008 .
1147 3939 1356 4033 prophetam
1372 3985 1382 4005 ·
1403 3939 1445 4011 Et
1461 3934 1578 4009 dixit.
1607 3939 1709 4013 Putas
1724 3959 1766 4007 ne
1781 3864 1951 4036 intelligis

290 4042 438 4136 quuirr
463 4042 498 4113 in
511 4042 563 4113 dit
581 4036 845 4130 Itesurresiimis
859 4038 993 4111 Domini
1009 4085 1020 4109 .
1037 4034 1097 4127 fo·
1147 4060 1214 4130 que
1229 4035 1317 4133 legis
1333 4041 1349 4106 ἓ
1365 4036 1435 4117 Qui
1452 4037 1500 4109 ait
1515 4081 1526 4103 ·
1541 4032 1583 4107 Et
1598 4036 1777 4132 quomodo
1796 4033 1953 4130 polluros

216 4158 262 4238 35
295 4135 341 4211 lio
359 4144 516 4208 CXCIIII.
541 4146 545 4152 '
1010 4172 1012 4176 ·
1147 4135 1260 4207 finon
1276 4131 1397 4230 aliquis
1425 4133 1610 4208 ostenderit
1627 4134 1707 4207 mihi
1733 4134 1793 4205 has
1811 4134 1955 4231 scriptu·

343 4228 552 4329 apocalipsis
567 4229 734 4321 pirannis
746 4228 921 4331 Apostoli.
1150 4235 1223 4306 ras?
1238 4234 1396 4329 Rogavit
1408 4256 1475 4327 que
1490 4229 1688 4327 Philippum
1700 4247 1738 4304 ut
1754 4229 1955 4308 ascenderet
1979 4243 2022 4317 90

294 4344 348 4428 132.
361 4333 444 4404 Deo
462 4327 586 4428 gratias
980 4337 1099 4404 Ca.III.
1147 4329 1285 4404 secum·
1315 4332 1429 4404 Locus
1442 4350 1556 4403 autem
1583 4328 1748 4424 scripture
1775 4355 1877 4425 quem
1904 4328 1956 4403 le·

402 4424 522 4523 Ngelo
534 4422 682 4499 Laodite
698 4421 845 4497 Ecclelie
863 4422 994 4499 scribe.
1023 4431 1098 4503 Hec
1148 4430 1252 4525 gebat
1270 4451 1328 4501 era
1343 4429 1424 4499 hic.
1450 4430 1625 4521 Tanquam
1641 4427 1720 4502 ovis
1742 4431 1785 4501 ad
1805 4428 1956 4503 occisso·

414 4524 499 4600 dicit
517 4522 609 4597 tellis
636 4520 747 4596 fidelis
774 4528 809 4597 δι
827 4547 950 4597 verus:
967 4529 1024 4621 qui
1053 4528 1101 4601 eu
1149 4548 1227 4599 nem
1241 4523 1361 4601 dusius
1378 4527 1853 4624 ests&s1cutagnuscoram
1870 4549 1957 4601 ton·

219 4651 270 4728 40
299 4621 506 4722 principium
522 4638 678 4695 creature
691 4619 783 4692 Dei.
800 4619 879 4698 Scio
894 4649 1001 4718 opera
1018 4646 1098 4703 tuas
1150 4625 1256 4697 dente
1283 4624 1318 4695 se
1344 4624 1415 4697 sine
1437 4646 1528 4696 voce
1554 4651 1565 4693 s
1591 4624 1636 4696 fic
1650 4648 1718 4697 non
1747 4625 1882 4720 aperuit
1914 4649 1955 4700 os

297 4726 376 4819 quia
390 4744 500 4817 neque
516 4719 661 4816 frigidus
678 4743 725 4792 ess
743 4743 854 4814 neque
869 4720 996 4795 calidus
1009 4773 1020 4794 .
1033 4724 1101 4796 Sed
1150 4722 1243 4795 suurn
1259 4750 1268 4788 ε
1285 4723 1318 4795 in
1334 4719 1525 4798 humilitate
1553 4721 1715 4797 iudicium
1742 4730 1817 4811 ejus
1845 4724 1959 4797 subla·
1981 4726 2021 4807 95

299 4822 379 4916 quia
394 4821 531 4916 tepidus
547 4839 583 4887 es
603 4838 736 4912 :neque
750 4819 898 4915 frigidus
912 4845 948 4894 es
963 4845 974 4894 t
992 4845 1100 4916 neque
1151 4835 1223 4895 tum
1240 4822 1287 4893 est
1303 4866 1314 4890 ·
1340 4819 1616 4896 Generationem
1633 4841 1746 4895 autem
1772 4819 1864 4895 illius
1878 4822 1954 4917 quis

298 4916 427 4994 calidus
454 4941 517 4988 es.
542 4913 720 5027 'lucipiam
750 4937 786 4991 te
815 4917 942 5004 ejicere
964 4944 1008 4994 ex
1035 4944 1099 4995 ore
1148 4917 1355 4992 enarrabit?
1384 4920 1558 5012 Quoniam
1572 4916 1866 4995 tolleturaterra
1878 4921 1957 4997 vita

301 5040 405 5092 meos
422 5014 499 5110 quia
515 5013 599 5087 dicis
613 5013 690 5109 quia
704 5013 801 5088 dives
816 5014 884 5088 sum
900 5019 934 5089 &
946 5014 1099 5113 locuple.
1149 5019 1220 5100 ejus
1236 5064 1246 5084 .
1270 5015 1497 5111 Respondens
1511 5035 1624 5094 sutem
1636 5017 1814 5092 eunuchus
1839 5018 1957 5093 dixit.

208 5140 271 5221 ,45
302 5134 393 5190 tatus
409 5140 419 5181 ε
437 5106 612 5185 &nullius
640 5134 757 5208 egeoa
781 5114 816 5184 dt
831 5112 937 5186 nescis
953 5116 1031 5209 quia
1061 5135 1100 5189 tu
1149 5111 1312 5189 Obsecro
1334 5134 1371 5186 te
1389 5119 1437 5209 de,
1461 5139 1536 5210 quo
1552 5116 1726 5216 propheta
1754 5118 1820 5194 hec
1835 5119 1955 5193 dicit?

301 5236 339 5286 es
354 5210 504 5286 miser&
520 5205 717 5282 miserabilis
731 5235 740 5276 r
754 5211 791 5280 δι
808 5217 986 5307 pauper&
1001 5235 1099 5286 cecus
1149 5210 1255 5286 Dese
1270 5236 1310 5284 an
1325 5215 1369 5285 de
1384 5213 1454 5291 alio
1470 5219 1486 5285 ἓ
1507 5215 1680 5311 Aperiens
1693 5232 1808 5292 antem
1825 5216 1961 5317 Philip·
1988 5218 2033 5284 10<

301 5311 488 5388 &nudus.
510 5309 647 5381 Suadeo
675 5304 739 5377 tibi
766 5312 835 5391 jam
858 5331 975 5384 emere
999 5338 1019 5385 a
1047 5334 1101 5387 me
1151 5334 1215 5404 pus
1241 5310 1400 5390 ossuum
1433 5341 1443 5385 a
1471 5314 1507 5387 δι
1524 5313 1692 5409 incipiens
1718 5315 1761 5386 ab
1790 5311 1959 5414 scriptura

303 5432 421 5487 aurum
453 5404 601 5504 ignitum
625 5402 841 5500 probatum:
866 5424 906 5479 ut
939 5403 1102 5504 locuplex
1152 5408 1212 5478 illa
1229 5431 1238 5473 s
1255 5408 1516 5508 evangelizavit
1540 5410 1592 5486 illi
1614 5410 1753 5491 lesum.
1778 5413 1871 5491 Cum
1900 5440 1960 5490 au.

303 5511 364 5585 fias
379 5534 389 5577 s
403 5510 439 5580 bc
452 5501 666 5579 'vestimentis
682 5498 765 5574 albis
782 5500 929 5579 induaris
946 5556 957 5578 .
976 5507 1019 5580 Et
1034 5531 1102 5579 non
1154 5524 1227 5581 tem
1256 5505 1325 5582 iter
1350 5510 1502 5585 facerent
1518 5538 1528 5581 a
1542 5529 1719 5589 venerunt
1731 5512 1774 5586 ad
1787 5514 1962 5607 quoddam

230 5636 276 5717 50
304 5622 468 5705 appareat
484 5603 642 5677 confusio
655 5601 819 5678 nuditatis
836 5625 922 5679 tue.
946 5605 989 5678 Et
1003 5602 1103 5680 colli·
1153 5605 1335 5701 stagnum·
1358 5608 1402 5684 Et
1418 5609 1467 5685 ait
1488 5611 1662 5686 eunuchus
1680 5608 1866 5707 Philippo.
1897 5614 1962 5688 Ee·

304 5707 360 5786 tio
378 5705 502 5802 inunge
519 5699 640 5778 oculos
669 5717 748 5775 tuos
776 5722 837 5781 sut
864 5705 1006 5778 videas.
1030 5706 1108 5805 Ego
1155 5725 1196 5775 ce
1210 5705 1395 5800 aquarlquid
1406 5710 1475 5783 ella
1492 5712 1586 5806 quod
1600 5707 1764 5805 prohibet
1777 5733 1834 5783 me
1848 5709 1961 5810 bapti·
1990 5712 2033 5788 1⁰!

305 5827 393 5907 quos
410 5826 490 5879 amo
505 5827 514 5867 s
531 5821 642 5897 arguo
656 5803 691 5875 δι
705 5804 856 5904 castigo.
880 5803 1039 5879 Emulare
1052 5830 1108 5879 er·
1158 5806 1266 5877 aare?
1293 5805 1398 5883 Dixit
1427 5826 1541 5883 autern
1559 5806 1734 5905 Philippus
1758 5853 1768 5876 ·
1792 5808 1828 5883 Si
1847 5807 1961 5885 credis

309 5932 360 6009 go
393 5904 429 5977 dt
459 5899 684 6001 penitentiam
710 5925 776 6000 age
808 5952 819 5977 .
856 5903 943 5979 Ecce
978 5907 1029 5979 llo
1064 5907 1107 5980 ad
1158 5901 1303 5977 tatutis
1329 5907 1518 6003 precordiis
1543 5907 1613 5982 tuis
1640 5904 1964 6005 licets&respon·

305 6004 460 6087 ostiumr
488 6002 523 6078 dt
537 5996 666 6101 pulso.
694 6000 806 6101 Siquis
826 6003 972 6085 audierit
983 6028 1107 6095 vocem
1156 6002 1381 6088 densdiait.
1408 6008 1532 6091 credo
1559 6002 1667 6087 filiun
1681 6002 1751 6085 Dei
1766 6006 1959 6183 essclglfm

1937 6126 1964 6182 t·
