4450 7209
479 907 480 910 Ν
570 798 603 885 Ρ
661 794 704 884 R
763 792 822 888 Ε
877 799 914 885 F
971 794 1013 887 A
1071 798 1118 889 T
1173 799 1198 888 1
1258 797 1330 890 θ’.
1685 808 1773 898 'xxxi

129 906 272 1033 piatur
307 912 378 1004 ad!
394 939 459 1005 eas
500 916 675 1003 rubricas
709 940 958 1026 revocatur,
1002 946 1116 1030 qua,
1143 917 1357 1006 recentiori
1381 913 1450 1007 usu
1468 985 1482 1029 ,
1502 919 1629 1010 ritum
1654 929 1769 1015 anti·

130 1060 297 1147 quum,
329 1038 451 1123 semel
492 1058 656 1123 tantum
697 1036 739 1121 in
770 1035 889 1123 Missa
929 1038 1064 1152 peragi
1106 1035 1304 1140 solitum,
1336 1039 1516 1149 iterum,
1551 1073 1667 1133 extra
1706 1049 1767 1132 lo·

132 1179 228 1239 cum
257 1156 503 1270 antiquum,
534 1154 620 1241 lieri
650 1152 870 1240 mandant.
900 1158 1015 1246 Olim
1046 1156 1155 1240 enim
1187 1157 1228 1241 in
1259 1157 1379 1243 Missa
1409 1162 1763 1278 GothoHispana,

132 1276 172 1359 dc
196 1277 452 1362 Mozarabica
468 1281 623 1392 Corpus
644 1275 791 1361 Christi
809 1272 929 1360 semel
953 1274 1237 1379 attollebatur,
1269 1302 1373 1360 nunc
1401 1306 1519 1385 vero,
1551 1285 1589 1367 8(
1615 1283 1667 1367 ab
1691 1285 1763 1371 ali·

133 1417 237 1506 quot
264 1395 443 1506 seculis,
475 1396 533 1480 bis
564 1395 778 1502 elevatur,
810 1414 897 1477 tam
931 1391 1101 1478 inMilsa
1124 1393 1407 1503 Mozarabica,
1437 1423 1561 1506 quam
1602 1400 1642 1484 in
1674 1406 1758 1489 Ro·

132 1540 287 1599 mana.
315 1513 441 1627 Cujus
480 1513 537 1600 tei
575 1509 724 1620 causa,
764 1533 810 1596 ut
848 1537 989 1595 omnes
1030 1533 1209 1620 norunt,
1245 1513 1297 1594 ab
1339 1513 1488 1599 Harest
1528 1520 1766 1632 Berengatii'

132 1630 307 1750 petenda
337 1631 427 1745 est,
456 1632 506 1721 ad
537 1659 661 1745 quam
694 1651 833 1745 aperte
858 1625 1127 1715 damnandam
1157 1629 1200 1712 in
1229 1630 1358 1715 Gallia
1391 1633 1569 1746 primum
1601 1636 1758 1722 institu-

132 1773 225 1835 tum
258 1751 370 1863 suit,
395 1777 442 1839 ut
474 1752 637 1870 prolatis
657 1747 980 1837 ⁴consecrationis
1012 1748 1144 1832 verbis
1174 1748 1279 1833 illico
1297 1756 1487 1863 Corpus,
1518 1756 1557 1838 8<
1591 1756 1763 1870 Sanguis·

131 1870 339 1979 Domini,
369 1899 394 1957 a
432 1872 581 1989 populo
617 1864 815 1955 adoranda
844 1869 1126 1978 attollerentur
1164 1892 1189 1951 a
1219 1868 1461 1978 Sacerdote,
1493 1898 1668 1983 eumque
1708 1873 1761 1958 ri·

131 2007 226 2095 tum
257 1990 345 2074 aliae
375 1990 557 2078 Ecclesia
588 1985 868 2104 susceperunt.
902 1983 1073 2100 Hispani
1103 2013 1210 2070 anno
1243 2013 1351 2100 1255
1394 1986 1434 2071 in
1467 1991 1646 2075 Concilio
1674 1997 1758 2079 Va·

131 2106 293 2194 sentino
318 2100 414 2223 (a),
443 2113 484 2198 be
514 2135 620 2195 anno
641 2137 658 2196 1
670 2135 722 2220 32
730 2134 751 2218 3
786 2105 828 2190 in
858 2103 1039 2191 Concilio
1070 2107 1273 2190 Toletano
1304 2133 1549 2223 praecepere,
1576 2131 1623 2194 ut
1654 2115 1755 2196 Cor·

130 2249 230 2341 pus,
258 2230 298 2312 &
313 2229 480 2344 Sanguis
493 2226 664 2340 christi,
695 2224 828 2311 statim
855 2222 940 2340 post
956 2220 1314 2333 consecrationem,
1344 2225 1617 2313 elevarentur.
1646 2227 1765 2348 Qui·

132 2344 206 2429 bus
238 2348 423 2432 Decretis
438 2346 692 2459 ‘Mozataber
721 2345 1091 2459 obtemperarunt,
1123 2346 1163 2430 8<
1203 2338 1319 2428 stm'ul
1347 2343 1516 2458 priscam
1548 2344 1765 2431 consuetu·'

131 2460 271 2548 dinem
304 2465 486 2555 elevandi
511 2474 664 2581 Corpus
690 2452 899 2570 Domini,
922 2458 973 2546 ad
1003 2489 1051 2546 ea
1082 2462 1203 2547 verba
1222 2451 1356 2577 fidem
1378 2492 1500 2578 quam
1524 2461 1643 2552 corde
1671 2493 1756 2553 cre·

132 2578 270 2669 dimus
294 2611 366 2671 ore
389 2609 524 2674 autem
550 2582 733 2671 dicamur
762 2575 849 2697 (d),
876 2608 964 2691 quae
991 2581 1174 2693 Symboli
1199 2579 1479 2667 recitationem
1506 2581 1758 2698 praecedunt,
1794 2594 1883 2698 109'

132 2700 361 2814 conslanter
391 2707 669 2791 retinuerunt.
704 2701 829 2820 Quod
860 2727 956 2784 vero
987 2701 1180 2806 calicem,
1211 2697 1355 2807 liliola,
1386 2697 1540 2786 tedium
1571 2703 1760 2816 elevent,
1879 2696 1882 2703 Δ

131 2846 214 2906 non
239 2818 299 2905 est
322 2822 422 2907 ritus
447 2843 611 2931 recens,
644 2844 689 2904 ut
718 2825 761 2906 P.
787 2821 824 2904 le
852 2826 960 2907 Brun
985 2819 1173 2934 opinatur
1203 2817 1292 2927 est,
1323 2817 1387 2902 sed
1414 2821 1529 2934 plane
1557 2818 1763 2932 venans,-

131 2965 213 3024 uon
249 2938 415 3050 quidem
450 2938 840 3053 Gotho-HispaouS,
870 2936 933 3022 sed
973 2942 1223 3046 Romanus,
1265 2959 1312 3020 ut
1350 2938 1445 3022 alibi
1480 2935 1639 3024 ostendo
1670 2933 1764 3054 (ele
1885 2962 1895 2971 ·

130 3057 229 3144 Non
255 3058 391 3143 abnuo
419 3062 710 3145 oratiunculam
729 3052 864 3172 adesso
880 3045 1021 3171 'adesto
1029 3061 1063 3168 J
1068 3052 1137 3166 esu
1156 3048 1256 3140 done
1272 3063 1362 3142 (π.
1378 3084 1403 3139 a
1422 3057 1665 3166 Mozaabis,
1694 3057 1761 3143 in·.¹
1789 3084 1878 3150 110

131 3197 197 3261 ter
226 3177 458 3263 orationem
487 3170 575 3292 poll
595 3172 781 3283 canelus,
811 3177 851 3260 &
870 3173 993 3256 verba
1022 3171 1307 3257 consecratoria
1337 3169 1537 3282 adjeclam
1571 3174 1677 3284 esse,
1710 3196 1762 3262 uc
1798 3249 1801 3255 .

131 3291 236 3380 bene
270 3318 408 3380 monet
439 3303 483 3382 P.
500 3300 728 3402 LeBrun,
767 3294 839 3403 qui
870 3293 994 3376 etiam
1033 3290 1321 3376 animadvertit
1352 3320 1470 3378 voces
1504 3284 1597 3413 poss
1616 3287 1768 3408 pridie

133 3411 172 3496 in
209 3413 360 3498 Missali
392 3407 577 3500 Ximenii
617 3410 825 3496 desiderari
841 3438 855 3520 ;
895 3434 937 3493 at
958 3397 1112 3494 'harum
1157 3438 1302 3495 vocum
1340 3407 1575 3522 defectum,
1616 3411 1762 3500 ritulur'

132 3530 216 3647 ipse
245 3531 470 3640 orationis,
510 3558 599 3642 qua
638 3528 971 3616 consecrationem
1010 3528 1297 3640 consequitur,
1338 3533 1497 3641 &qua
1533 3522 1775 3642 constanter¹
1818 3599 1822 3605 -

129 3640 221 3765 'poss
242 3646 385 3764 pridie
410 3649 667 3756 inscribitur,
698 3671 835 3762 aperte
863 3646 1041 3737 indicat.
1073 3655 1170 3734 lmo
1195 3647 1321 3733 etiam
1348 3646 1497 3735 indicat
1528 3650 1799 3757 oratiuncust

131 3767 217 3852 lam
248 3761 413 3886 addin,
446 3792 588 3884 prater
618 3790 773 3867 morem
789 3766 1054 3877 antiquum,
1091 3794 1173 3875 quo
1204 3766 1324 3850 verba
1359 3765 1642 3854 consecratoria
1683 3795 1752 3852 ex·

130 3884 274 3971 tremis
317 3886 479 3971 vocibus
516 3887 706 3970 orationis
744 3879 834 4001 post
862 3880 1031 3969 sancius
1070 3881 1439 3994 conneslebantur,
1468 3909 1505 3970 a
1527 3887 1759 3975 Mozarabis

130 4001 331 4110 adjectam
363 4005 503 4090 luisse.
536 4004 728 4116 Adeoque
760 3997 934 4087 deseclus
965 4002 1057 4108 hic,
1088 4003 1402 4117 &interpolatio
1432 4001 1482 4087 ad
1508 4005 1664 4090 classem
1691 4034 1757 4091 eo·

130 4150 222 4207 rum
255 4123 433 4208 revocari
463 4123 644 4231 debent,
683 4120 825 4234 quibus
867 4120 1063 4204 orationes
1095 4121 1260 4206 Missalis
1297 4119 1594 4208 contradicunt.
1627 4120 1756 4211 Resie
1789 4153 1868 4218 ιιι

131 4243 261 4326 etiam
292 4241 580 4326 animadvertit
614 4247 654 4327 Ρ.
675 4247 732 4327 Le
751 4250 883 4347 Brun,
915 4239 955 4323 in
975 4238 1120 4323 Missali
1152 4237 1282 4324 nostro
1312 4266 1393 4324 non
1422 4241 1500 4356 legi
1532 4238 1756 4331 illudLant

133 4352 216 4446 tibi
248 4353 362 4468 (rc,
400 4387 489 4472 qua
528 4360 793 4468 dicebantur,
832 4355 991 4470 quando
1021 4357 1527 4473 Diaconus'Evangelium
1562 4358 1611 4445 de
1636 4362 1757 4450 altari
1816 4391 1855 4445 .·

132 4478 333 4563 tollebat.
365 4477 466 4590 Sed,
497 4508 590 4564 cum
621 4479 687 4562 hic
720 4481 819 4563 ritus
851 4477 898 4561 stt
926 4473 1135 4560 Missarum
1165 4475 1426 4585 solemnium,
1457 4506 1537 4563 non
1557 4476 1654 4566 etat
1684 4508 1757 4569 cur

133 4594 287 4683 Missali
319 4597 453 4683 mixto
483 4597 716 4682 inferretur.
748 4596 891 4702 Nam,
921 4617 966 4677 ut
996 4591 1113 4703 dixi,
1145 4594 1339 4704 ejusmodi
1357 4595 1527 4683 Missalia
1557 4597 1755 4715 praecipue

131 4716 404 4841 excogitata,
437 4718 476 4802 &
507 4712 716 4830 compacla
754 4713 904 4798 suerint
945 4714 986 4796 in
1018 4713 1131 4796 usum
1166 4716 1529 4831 vPresbyterorum,
1570 4718 1642 4831 qui
1674 4718 1754 4833 pri·

131 4858 254 4919 ratas
289 4833 424 4920 Misbs
453 4835 737 4940 celebrabant,
769 4833 983 4942 inquibus
1014 4831 1283 4945 Evangelium
1314 4861 1394 4918 non
1427 4836 1583 4921 tollitur
1610 4834 1753 4925 dear-

133 4953 252 5061 tari,
294 4978 366 5038 nec
396 4981 421 5039 a
450 4953 661 5062 Diacono,
698 4949 762 5035 sed
792 4979 815 5035 a
845 4951 1082 5061 Presbytero
1117 4949 1375 5060 celebrante,
1406 4953 1449 5038 in
1481 4954 1564 5069 ipso
1587 4955 1755 5071 Altari,

133 5067 497 5186 legitur.“Unde,
527 5101 619 5156 cum
653 5073 692 5154 in
716 5069 832 5154 Missa
864 5070 1020 5183 privata
1040 5067 1243 5153 Diaconos
1273 5069 1341 5156 suo
1359 5100 1525 5158 munere
1555 5102 1634 5160 non
1666 5076 1754 5162 sun·

163 5211 287 5295 atur,
317 5216 389 5275 nec
420 5186 518 5275 illud
538 5194 648 5275 Laus
674 5180 757 5289 tibi
775 5181 861 5274 &a
892 5189 1077 5294 dicatur,
1109 5213 1189 5271 non
1221 5213 1306 5274 erat
1335 5217 1408 5275 cut
1436 5190 1479 5277 in
1511 5193 1659 5279 Missali
1684 5222 1754 5281 no·

245 5306 342 5392 huic
371 5308 535 5393 rubrica
566 5308 672 5391 locus
704 5299 843 5389 lieret.
874 5310 986 5393 P.Le
1012 5313 1119 5393 Brun
1150 5305 1276 5392 etiam
1307 5308 1514 5394 contendit
1540 5314 1739 5400 rubricam
1778 5342 1862 5406 112

132 5424 240 5512 banc
280 5420 451 5514 interim
481 5422 576 5512 dum
604 5419 766 5513 Chorus
793 5419 930 5533 dicit,
970 5450 1110 5538 pacem
1143 5453 1313 5534 meam,
1343 5423 1524 5542 accipiat
1556 5430 1751 5521 Sacerdos

129 5561 275 5665 pacem
305 5537 357 5631 de
382 5561 571 5658 patena,
602 5537 688 5651 (5,
713 5537 897 5634 ¹dicendo
913 5535 978 5655 sic
1010 5543 1174 5629 Habeto
1204 5545 1380 5631 osculum
1411 5543 1630 5632 dileciionis
1647 5611 1666 5658 ,Α
1699 5574 1750 5637 ut

130 5688 251 5783 aptus
282 5662 330 5749 sie
359 5659 606 5750 sacrosanciis
637 5660 834 5779 mysteriis
863 5660 968 5774 Dei,
986 5652 1139 5780 statim
1169 5658 1244 5750 dat
1268 5677 1411 5782 paceni
1439 5660 1645 5776 Diacono,
1673 5661 1751 5757 vel

318 5822 323 5831 ·
838 5881 840 5884 ,
996 5799 999 5804 ’
1089 5777 1117 5865 d
1190 5785 1192 5788 ’
1650 5805 1750 5907 pue·

171 5960 239 6050 (a)
264 5954 364 6043 Apud
378 5955 455 6020 Em.
467 5954 509 6018 de
524 5951 661 6043 Aguitre
673 5945 911 6052 Contilgslispt
1013 5954 1074 6043 (b)
1101 5952 1131 6012 M
1137 5945 1194 6018 ist.
1208 5949 1377 6046 Mozarab.
1393 5960 1502 6040 pag.6.
1518 5952 1613 6024 liud.

132 6042 584 6138 'semar-membru·
761 6126 765 6134 Ι
1014 6043 1070 6137 (e)
1095 6038 1291 6110 Videuotat
1309 6042 1586 6138 papnrtcolq,
1662 6146 1670 6160 .
