4450 7209
485 767 555 827 avt
754 731 1665 823 ’PRAEFATtoe

368 889 447 977 203
484 860 630 945 tustam
662 851 771 942 fuisse
803 851 919 937 docet
947 847 1040 965 (a).
1072 851 1296 937 Concilium
1331 848 1508 963 primum
1531 840 1821 954 Braccaranse,
1855 869 1960 930 anno
1993 848 2108 958 5613

483 979 670 1093 Capitulo
704 975 823 1060 tertio
855 973 1043 1089 sormam·
1063 970 1259 1079 tradidit,
1291 996 1370 1080 qua
1408 966 1591 1056 Sacerdos
1623 966 1819 1083 populum
1851 962 2034 1074 salutat,
2065 967 2106 1050 &

480 1113 563 1209 qua
596 1095 762 1210 populus
794 1091 1025 1205 respondere
1055 1091 1173 1176 debet
1203 1083 1295 1203 (st),
1337 1088 1640 1203 praecepitque,
1673 1110 1718 1171 ut
1746 1083 1886 1172 eadem
1934 1084 2108 1169 salutan-

486 1214 732 1326 disormula
759 1211 976 1326 Episcopi,
1009 1214 1048 1297 &
1081 1209 1292 1298 Presbiteri
1327 1233 1519 1294 utantur.
1545 1205 1669 1293 Idem
1690 1205 1919 1291 Concilium
1952 1203 2111 1318 capitu·

485 1335 526 1427 lo
553 1360 652 1438 xvt,
682 1335 983 1441 xv11,&xxr',
1015 1329 1063 1412 de
1092 1330 1478 1414 commemoratione
1506 1321 1812 1431 defunetorum,
1843 1351 1933 1434 qua
1963 1325 2003 1408 in
2022 1347 2110 1405 ora·

487 1452 598 1534 tione
635 1441 725 1565 post
755 1444 950 1557 nomina,
990 1452 1029 1532 8(
1058 1445 1156 1531 dum
1197 1446 1390 1559 diptycha'
1431 1447 1683 1552 recitantur,
1716 1442 1792 1553 fit,
1824 1446 1863 1528 &
1906 1441 1955 1526 de
1981 1462 2110 1527 cantu

371 1600 456 1682 204
486 1568 753 1685 pblmorum,
780 1567 821 1651 in
840 1566 1043 1652 funeribus
1060 1563 1309 1674 adhibendo,
1329 1566 1538 1651 meminit.
1564 1562 1791 1652 Concilium
1809 1561 2106 1669 Valentinum,

489 1715 593 1774 anno
615 1691 702 1797 646
713 1749 725 1796 ,
757 1687 908 1800 capita.
935 1684 1163 1796 constituit,
1195 1707 1241 1769 ut
1268 1686 1308 1769 in
1329 1683 1468 1770 ordine
1485 1681 1729 1793 leetiomm,
1756 1684 1954 1795 legeretur
1971 1687 2109 1768 Evan-

487 1805 638 1922 gelium
665 1803 749 1918 post
775 1803 1035 1919 Apostolum,
1067 1807 1107 1889 8<
1134 1827 1180 1888 ut
1207 1804 1503 1912 catechumenis
1527 1804 1789 1918 permittatur
1815 1800 1995 1886 interelse
2013 1827 2107 1884 con·

486 1924 592 2009 cioni
623 1922 868 2034 Sacerdotis,
899 1924 970 2037 qui
1001 1951 1088 2006 mos
1119 1922 1250 2037 postea
1282 1923 1489 2033 invaluit,
1522 1953 1616 2007 cum
1647 1945 1766 2008 antea
1796 1917 1950 2005 diversa
1982 1917 2107 2006 suerit

367 2072 449 2161 205
469 2043 699 2156 'disciplina
731 2045 861 2128 ratio.
898 2042 1126 2128 Concilium
1161 2042 1443 2139 Barcinonense
1474 2071 1580 2128 anno
1609 2070 1716 2156 540,
1747 2035 2030 2152 constituit(c)
2058 2059 2105 2126 ut

486 2162 660 2279 psalmus
690 2163 1043 2279 quinquagesimus
1073 2185 1168 2249 ante
1199 2163 1415 2249 Canticum
1446 2160 1631 2270 dicatur,
1665 2164 1777 2248 &ut
1800 2154 2031 2246 Benedictio
2061 2158 2104 2243 in

486 2281 697 2368 matutinis
728 2285 908 2396 precibus
944 2287 1144 2369 tribuatur
1183 2280 1359 2370 fidelibus
1389 2274 1484 2395 (d),
1526 2309 1613 2394 qua
1646 2280 1675 2364 ii
1707 2306 1808 2393 agre
1838 2277 2103 2392 intelligent,

486 2401 630 2513 quibus
657 2404 905 2514 Breviarium
938 2404 1205 2491 Mozarabum
1232 2396 1450 2513 ximeno,
1483 2400 1652 2487 &ratio
1683 2395 1929 2513 persolvendi
1949 2397 2106 2482 Divina

484 2521 633 2608 Officia
664 2520 767 2634 apud
786 2524 1138 2639 Gotho-Hispanos
1168 2524 1306 2638 ignota
1337 2522 1458 2607 sunt.
1490 2520 1647 2608 Eodem
1677 2541 1836 2629 quoque
1862 2511 2011 2629 speslat
2039 2544 2102 2602 ca·

484 2666 566 2724 non
596 2638 818 2753 trigefimus
846 2642 1017 2726 Concilii
1043 2642 1308 2756 Agathensrs,
1339 2669 1436 2726 nam
1466 2639 1689 2752 antiquitus
1716 2634 1846 2721 cursus
1872 2633 2104 2721 Gallicanus

433 2858 436 2862 ⁴
486 2755 596 2841 idem
625 2756 752 2841 ferme
781 2782 867 2844 erat
894 2761 965 2870 qui
983 2760 1364 2875 Gotho-Hispanus,
1390 2758 1441 2844 ad
1460 2786 1583 2870 quem
1615 2757 1739 2843 etiam
1768 2752 1944 2868 pertinet
1970 2783 2102 2842 canon

487 2873 666 2960 decimus
692 2878 862 2962 Concilii
889 2877 1186 2986 Gerundensrs,
1216 2907 1322 2963 anno
1354 2906 1435 2990 517
1468 2877 1689 2985 celebrati,
1734 2901 1814 2987 quo
1839 2872 2102 2987 praecipitur,

488 3016 534 3077 ut
566 2993 695 3076 oratio
722 2995 968 3104 Dominica,
1000 2996 1040 3081 in
1075 2986 1310 3106 matutinis,
1342 2999 1381 3081 8<
1415 2995 1645 3110 vespertinis
1672 2993 1883 3108 precibus,
1915 2991 2101 3107 quotidie

371 3118 456 3203 206
487 3111 672 3201 dicatur.
704 3114 930 3198 Concilium
960 3114 1288 3223 Tarraconense,
1319 3142 1425 3199 anno
1447 3123 1565 3227 516,
1592 3141 1736 3228 capnv.
1768 3110 1994 3226 Liturgiam
2025 3114 2101 3202 Hi·

486 3233 646 3347 spanam
662 3221 828 3346 statuta
848 3239 932 3319 Deo
952 3227 1154 3343 solemnia
1176 3234 1426 3348 appellavit,
1459 3256 1600 3347 utpote
1625 3261 1713 3345 qua
1741 3230 1888 3316 llatuto
1914 3258 2099 3344 numero,

488 3357 528 3437 8(
555 3371 665 3432 certo
690 3346 827 3433 ordine
860 3347 1133 3465 dispositarum
1161 3349 1376 3458 lesiionum
1402 3352 1643 3466 Scriptura,
1670 3350 1938 3456 Orationum,
1965 3355 2102 3464 Hym-

486 3496 657 3574 norum,
689 3464 887 3579 Precum,
920 3473 959 3575 δε
986 3472 1314 3585 Antiphonarum
1341 3468 1569 3556 constabat.
1602 3471 1826 3556 Concilium
1847 3470 2097 3557 Toletanum

485 3587 692 3702 primum,
717 3614 821 3670 anno
837 3615 924 3696 400
942 3615 1094 3673 canone
1113 3588 1268 3703 primo,
1296 3592 1336 3674 8<
1364 3611 1532 3701 quarto,
1560 3587 1707 3675 indicat
1725 3586 1921 3702 Hispanos
1938 3587 1980 3672 in
2002 3589 2100 3679 Mis·

487 3705 527 3790 sa
554 3727 657 3811 tres,
684 3727 755 3785 aut
783 3706 911 3818 plures
929 3703 1138 3791 Ledliones
1164 3706 1361 3814 recitasse,
1389 3711 1428 3794 8<
1455 3735 1602 3792 canone
1619 3709 1783 3819 quinto,
1811 3707 1972 3798 Missam
2000 3735 2099 3818 quo·

490 3821 587 3907 tidie
612 3820 800 3906 celebrari
831 3820 990 3909 solitum
1018 3824 1162 3934 suisle,
1194 3829 1233 3911 δ(
1260 3852 1411 3936 canone
1437 3855 1544 3911 nono
1569 3828 1761 3914 Officium
1782 3825 2097 3915 Ecclesiasticum

487 3941 709 4050 celebrare,
738 3936 1002 4056 Antiphontis
1023 3939 1167 4058 facere
1193 3943 1321 4052 dixit,
1351 3945 1469 4054 quia,
1502 3945 1564 4028 uti
1594 3945 1715 4029 modo
1743 3945 2010 4053 Mozarabum
2039 3948 2098 4032 os·

487 4061 647 4169 ficium,
675 4060 731 4143 ita
758 4084 853 4144 tunc
875 4060 1148 4175 Hispanorum
1172 4062 1301 4146 cursus
1319 4062 1608 4149 Ecclesiasticus
1634 4091 1685 4148 ex
1713 4064 1980 4177 Antiphonis,
2001 4093 2097 4152 cum

371 4211 451 4295 207
485 4180 560 4264 suis
587 4177 861 4284 orationibus,
889 4181 1082 4293 praecipue
1108 4178 1340 4264 constabat.
1372 4182 1598 4267 Concilium
1616 4182 2001 4295 (Iaesarauguslanum
2020 4186 2096 4297 pri·

484 4324 625 4403 mum,
656 4322 762 4379 anno
785 4300 891 4404 380,
919 4325 1068 4381 canone
1095 4320 1263 4408 quarto,
1288 4296 1337 4380 de
1355 4298 1546 4385 Adventu
1575 4301 1743 4385 Domini
1770 4302 1877 4413 agit,
1905 4328 2025 4412 quem
2054 4305 2097 4388 iu

485 4414 680 4529 Hispania
710 4411 847 4498 sestive
877 4415 1131 4522 celebrabant
1155 4409 1234 4532 (e).
1267 4415 1495 4504 Concilium
1515 4418 1831 4530 Illiberitanum,
1858 4447 1963 4504 anno
1985 4450 2095 4534 305,

457 4573 459 4577 ’
796 4634 801 4641 ,
1962 4542 2099 4656 prohi-

525 4673 585 4762 (α)
608 4668 1255 4762 Cont.Bratc.II.can.1.Episcopidrbmr
1314 4691 1420 4748 vero,
1444 4679 1489 4763 &0
1512 4697 1580 4742 cura
1593 4680 1715 4763 Spiritu
1730 4690 1812 4742 mo.
1838 4684 1890 4748 De
1918 4681 1978 4746 hac
2001 4681 2095 4746 nulla

480 4767 534 4829 boc
552 4767 647 4828 vitodis
662 4764 802 4828 reatibus
815 4766 1005 4851 precipere,
1019 4780 1057 4828 ut
1070 4806 1082 4836 ,
1098 4765 1180 4849 ficut
1193 4784 1254 4827 an·
1314 4761 1359 4824 est
1375 4760 1552 4828 difficultas
1565 4811 1577 4841 ‚
1601 4779 1636 4828 at
1651 4788 1723 4830 cum
1737 4767 1863 4833 Missale
1874 4771 2090 4836 Mozarabom

481 4857 569 4939 tiqui
588 4870 715 4917 canones
729 4851 845 4936 jubeat
860 4896 871 4926 ,
896 4867 971 4916 ante
982 4854 1044 4917 diet
1057 4852 1178 4940 viginti
1193 4853 1253 4915 ba·
1312 4852 1495 4916 constanter
1510 4857 1627 4918 habeat
1637 4896 1647 4926 ,
1673 4858 1824 4923 Dominus
1843 4862 1882 4945 fit
1907 4873 1991 4922 sam
2003 4872 2022 4920 Ρ
2036 4876 2092 4928 aa

472 4942 607 5029 ptijini,
632 4942 904 5022 repurgationem
928 4942 1115 5027 exorcismi,
1142 4943 1252 5004 corbe·
1313 4939 1484 5027 vobiscttm,
1518 4940 1759 5008 &Galliolim
1782 4950 1894 5013 eadem
1917 4947 2022 5029 sqma
2045 4952 2092 5014 usi

478 5031 623 5097 chutaeni
632 5039 770 5092 corrant
783 5069 794 5098 ,
818 5028 852 5090 in
865 5029 979 5114 quibus
998 5033 1119 5117 viginti
1131 5032 1250 5101 diebus,
1309 5024 1394 5103 fint,
1418 5031 1698 5114 quemadmodum
1710 5053 1751 5096 ex
1763 5036 1793 5093 S.
1807 5035 1973 5111 Germano
1985 5041 2089 5103 habe.

429 5117 2090 5206 ·mfflmmmmm&mmffimmffi‚mMstmfflmmmfflmssmMffim

477 5206 586 5273 Credo
610 5203 754 5266 inunum
765 5202 874 5265 Deum
889 5205 1019 5267 Patrem
1038 5206 1250 5292 omnipoten-
1311 5213 1406 5270 textu
1419 5208 1561 5273 Concilii
1576 5210 1780 5280 deficere,aut
1793 5209 1824 5272 in
1840 5211 1984 5278 formula
1999 5211 2095 5280 salu.

477 5308 545 5357 tem
553 5294 741 5380 specialiter·
754 5292 975 5375 doccantur-dn
988 5295 1164 5358 orationali
1177 5297 1250 5358 Go·
1311 5295 1424 5371 tandi,
1448 5297 1595 5378 aliquam
1614 5297 1809 5363 varietatem
1826 5299 1909 5364 olim
1920 5305 2090 5378 extitisse·

478 5385 591 5456 thiro,
606 5382 676 5446 dies
687 5377 826 5462 viginti,
842 5379 898 5460 qui
914 5381 1125 5470 Dominitam
1140 5381 1252 5466 pasta·
1355 5386 1410 5471 (c)
1434 5387 1513 5450 Can.
1527 5408 1556 5448 r.

475 5471 542 5536 lem
556 5468 761 5556 precedunt,
781 5470 816 5531 de
832 5467 1018 5535 Traditione
1031 5467 1251 5556 appellantur,
1354 5476 1412 5562 (d)
1435 5474 1520 5539 lbid.
1533 5495 1639 5539 cana.
2024 5539 2026 5541 ,

477 5561 555 5644 quia
574 5560 617 5622 iis
634 5556 770 5630 diebus,
794 5556 988 5660 Symbolum
1014 5559 1168 5644 privatim
1181 5574 1252 5625 tra·
1357 5565 1416 5650 (d)
1439 5563 1627 5638 Concilium
1644 5563 1825 5655 caesaraug.
1841 5586 1956 5638 tan-w
1969 5577 2093 5663 viginti

477 5648 615 5712 debatur
634 5649 872 5711 catechumenis
884 5649 1149 5748 competentibus
1163 5691 1172 5710 .
1311 5652 1357 5736 ὠ·
1368 5675 1428 5719 reno
1443 5655 1493 5714 die
1508 5698 1515 5723 ,
1532 5657 1631 5718 oxvt
1646 5656 1717 5723 Kal.
1733 5660 1895 5743 &aunarii
1904 5705 1916 5735 ,
1932 5667 2030 5752 usque
2050 5671 2090 5730 aa

522 5739 580 5823 (b)
604 5737 719 5799 Forma
733 5734 920 5806 salutandi,
944 5748 993 5796 uti
1006 5738 1106 5799 modo
1118 5738 1150 5800 in
1161 5737 1250 5802 Con·
1311 5743 1390 5806 diem
1403 5743 1602 5828 Epiphania,
1628 5765 1699 5828 quae
1715 5747 1753 5830 est
1773 5763 1842 5813 v111
1865 5752 1935 5816 Idus
1949 5759 2090 5839 Ἱππασ-

477 5825 556 5892 tilio
570 5827 767 5890 Braccareufi
785 5822 915 5912 primo,
936 5842 1040 5887 rann.
1059 5823 1198 5909 legitur,
1212 5845 1249 5889 ea
1311 5833 1383 5903 rii,
1399 5834 1555 5897 continuis
1572 5833 1700 5906 dieburs
1717 5838 1801 5899 nulii
1811 5838 1907 5900 liceat
1926 5846 1961 5906 de
1975 5847 2088 5911 Eccle.

477 5913 550 5989 est,
573 5919 724 5983 Domitius
745 5918 785 6002 fit
814 5914 970 6002 uobiscum
991 5959 1004 5991 ,
1031 5911 1263 6002 respondendi
1303 5920 1392 6011 first
1408 5922 1601 6011 absentare,
1625 5927 1842 5994 nectareum
1857 5932 2018 6004 domibus,
2035 5951 2090 5997 ure

1997 6025 2089 6101 aad&
