4450 7209
85 4388 89 4521 l

590 763 1337 853 PRAEEATIO·
1651 785 1769 852 'xsvrr

128 882 193 1003 gia
230 886 419 969 Romana
447 939 462 987 ,
500 878 743 992 consequens
779 878 835 965 est
873 903 920 965 ut
955 878 1132 968 dicamus
1161 944 1174 990 ,
1201 882 1429 996 Liturgiam
1457 880 1761 999 Gotho-Hispa·

129 1028 263 1112 nam,
294 1002 376 1087 five
409 999 713 1085 Mozarabicam
740 1063 753 1107 ,
784 998 855 1085 diu
886 1023 980 1087 ante
1013 1025 1177 1088 atatem
1209 1001 1413 1114 Leandri,
1447 1009 1486 1089 8<
1520 1002 1660 1090 Isidori
1692 1004 1767 1090 usr-

134 1144 268 1211 tatanr
298 1119 440 1207 soille.
471 1116 549 1209 Sed
582 1119 676 1231 quia
707 1147 787 1205 non
818 1118 1056 1231 defuerunt,
1088 1149 1160 1206 nec
1191 1120 1332 1207 desunt
1364 1123 1440 1208 viri
1472 1122 1641 1231 eruditi,
1673 1123 1765 1235 qui·

133 1242 205 1329 bus
236 1237 463 1357 persuasum
495 1236 553 1323 est
581 1238 809 1355 Liturgiam
832 1242 1166 1349 Mozarabicam,
1198 1241 1267 1327 seu
1283 1241 1665 1358 GothoHispanam
1697 1269 1767 1327 au·

135 1356 265 1446 dores
295 1356 475 1444 habuisse
505 1363 545 1448 S.
564 1357 827 1469 Leandrum,
858 1382 929 1445 aut
961 1366 999 1448 S.
1019 1359 1248 1469 Indorum,
1280 1385 1351 1445 aut
1372 1361 1589 1473 utrosque,
1622 1387 1766 1445 eorum

131 1501 396 1594 argumenta,
415 1478 492 1562 hoc
516 1479 603 1562 loco
620 1476 885 1565 examinanda
905 1479 1010 1585 sunt,
1030 1502 1101 1589 ut,
1133 1480 1178 1563 iis
1196 1480 1365 1588 amotis,
1392 1480 1612 1591 antiquitas
1631 1481 1769 1568 Litur·

134 1599 207 1717 gia
234 1596 404 1689 Missalis
431 1595 551 1681 noslri
577 1598 718 1695 elanus
746 1622 965 1713 appareat.
997 1597 1066 1684 Est
1091 1622 1229 1683 autem
1257 1596 1662 1684 animadvertendum
1697 1596 1767 1684 ali·
1803 1619 1883 1708 173

131 1744 230 1831 quos
257 1715 591 1831 compositionem
620 1716 822 1825 Missalis,
863 1722 901 1805 &
935 1717 1162 1824 Breviarii,
1194 1746 1218 1802 a
1243 1719 1436 1832 Liturgiae
1477 1717 1765 1832 compositione

129 1836 302 1929 minime
332 1834 605 1949 distinguere,
636 1840 676 1922 δι
707 1835 764 1921 ita
784 1833 833 1920 de
851 1834 1092 1924 Austoribus
1111 1836 1305 1947 Missalis,
1336 1843 1386 1949 ἃ..
1404 1836 1598 1927 Breviarii
1629 1837 1766 1947 loqui,
1859 1830 1861 1835 ’

131 1984 174 2043 ac
201 1954 233 2041 ss
265 1951 388 2039 iidem
420 1952 570 2040 suerint
598 1954 790 2068 Liturgiae
809 1957 1074 2042 Mozarabum
1103 1955 1359 2067 conditores,
1386 1985 1479 2041 cum
1508 1976 1647 2041 tamen
1675 1954 1767 2041 satis

134 2072 387 2193 perspicuum
419 2073 492 2180 stt,
521 2072 629 2159 aliud
655 2073 734 2159 esse
760 2074 921 2160 Missale
952 2073 1138 2187 aliquod,
1168 2098 1239 2160 aut
1267 2076 1519 2164 Breviarium
1551 2102 1768 2190 compone·

131 2220 207 2301 re,
239 2196 281 2279 dc
312 2189 420 2279 aliud
448 2191 675 2307 Liturgiam
714 2190 912 2279 condere.
943 2202 1083 2312 Quare
1126 2195 1209 2280 haec
1250 2192 1330 2279 duo
1359 2196 1419 2280 ita
1449 2192 1679 2309 distinguo,
1722 2212 1769 2278 ut

130 2310 254 2399 modo
283 2308 334 2396 de
352 2305 594 2399 Austoribus
622 2311 813 2428 Liturgiae
843 2313 1226 2428 Gotho-Hispana,
1258 2312 1324 2400 seu
1353 2311 1645 2420 Mozarabica,
1676 2338 1767 2427 aga·

133 2454 224 2540 tur,
256 2428 391 2547 postea
408 2456 506 2513 vero
537 2451 584 2513 ut
602 2430 732 2516 sermo
750 2431 819 2518 liat
850 2430 1150 2521 deAusloribus
1168 2432 1392 2544 Breviarii,
1424 2437 1463 2520 8<
1484 2430 1653 2519 Missalis
1671 2437 1764 2517 Mo·
1831 2472 1841 2483 ’

133 2550 355 2637 carabum.
384 2548 568 2636 Primum
600 2551 739 2662 itaque
768 2551 911 2637 volunt
942 2558 983 2643 S.
1000 2551 1229 2640 Leandrum
1260 2552 1376 2638 suisse
1406 2548 1610 2637 audiorem
1629 2549 1763 2637 Litus·
1796 2573 1882 2660 174

132 2670 204 2785 gia
238 2666 389 2781 hujus,
419 2668 514 2780 quia
541 2667 658 2780 ajunt
681 2669 902 2785 aptissimus
932 2670 1012 2758 suit
1043 2669 1298 2781 SLeander,
1329 2671 1399 2783 qui
1417 2669 1645 2783 Liturgiam
1673 2696 1768 2784 gen·

134 2788 166 2873 ti
202 2787 512 2902 visigothorum
551 2787 738 2874 conderet
769 2782 864 2906 (a),
901 2789 1096 2902 siquidem
1129 2790 1213 2902 ejus
1242 2788 1431 2876 industria
1461 2787 1510 2874 ad
1544 2788 1665 2874 fidem
1691 2795 1767 2874 Ca·

136 2906 336 2993 cholicam
375 2908 556 2991 revocati
593 2906 795 3015 fuerant,
833 2912 874 2997 8(
915 2907 1067 2996 addunt
1119 2917 1159 3001 S.
1196 2907 1392 2997 Ifidorum
1441 2906 1626 3022 scripsisse
1663 2898 1768 3020 (b),

133 3022 364 3115 Leandrum
412 3018 459 3112 in
496 3017 790 3145 Ecclesiastico
832 3020 1000 3143 Officiis
1040 3056 1121 3116 non
1161 3046 1300 3144 parvo
1331 3019 1476 3143 fludio
1520 3024 1711 3110 laborasse
1746 3082 1762 3133 ,

133 3170 224 3257 quae
258 3143 381 3229 verba
410 3162 558 3258 purant
598 3143 649 3229 ad
680 3145 872 3262 Liturgiae
913 3146 1257 3262 Gotho-Hispana
1293 3145 1625 3259 compositionem
1665 3143 1768 3228 allu-

131 3260 257 3349 dere.
294 3260 373 3351 Sed
403 3259 508 3347 unde
538 3290 635 3347 nant
662 3263 922 3375 habuerunt,
962 3266 1160 3381 Hispanos
1187 3262 1399 3378 Episcopus
1430 3263 1604 3349 sormam
1633 3262 1767 3350 Litur·

133 3382 208 3497 gias
239 3408 419 3486 novam,
447 3379 501 3463 ob
526 3379 704 3467 reditum
724 3383 1031 3498 visigothorum
1059 3383 1109 3469 ad
1136 3383 1389 3470 catholicam
1407 3382 1764 3489 communionem,

135 3501 176 3586 in
207 3498 294 3587 suas
321 3499 513 3589 Ecclefias
546 3500 820 3587 intromittere
851 3497 1052 3587 voluisse?
1083 3503 1189 3617 Quis
1217 3529 1396 3615 unquam
1424 3501 1684 3613 antiquorum
1717 3497 1766 3583 de

134 3616 211 3705 hac
241 3618 504 3705 innovatione
545 3619 797 3705 mentionem
829 3615 960 3705 secit?
996 3628 1056 3709 At
1088 3622 1149 3731 st,
1181 3620 1261 3707 stne
1292 3620 1553 3733 antiquorum
1594 3614 1765 3706 austori-

136 3758 256 3849 tate‚
296 3738 484 3852 excogita
512 3735 594 3848 est,
626 3738 745 3850 hujus
776 3767 889 3826 novae
918 3740 1136 3854 Liturgiae,
1168 3739 1209 3824 in
1241 3738 1413 3852 gratiam
1444 3739 1575 3855 gentis
1610 3737 1769 3825 Gotho·

137 3886 252 3965 rum,
282 3855 546 3972 compositio,
574 3885 732 3968 nonne,
763 3883 960 3971 tanquam
985 3887 1146 3953 merum
1173 3857 1440 3971 figmentum,
1472 3857 1583 3968 rejici
1613 3848 1766 3941 debet?

137 3975 326 4063 Maxime
355 4003 449 4061 cunr
482 3976 595 4090 plura
627 3976 736 4087 sant,
767 4006 841 4062 nec
868 3976 972 4062 levia
1002 3999 1274 4091 argumenta,
1305 4004 1394 4088 qua
1427 3974 1662 4090 persuadent
1689 3982 1766 4061 Ga·

139 4095 335 4181 tholicam
363 4094 637 4211 Hispanorum
671 4096 891 4185 Eccleham
932 4095 1103 4182 eandem
1144 4093 1349 4180 retinuisse
1390 4094 1566 4180 sormam
1606 4093 1760 4207 liturgi-

137 4242 226 4301 catn
269 4211 354 4329 post
384 4213 687 4300 conversionem
718 4215 848 4329 gentis
875 4215 1141 4323 Gothorum,
1182 4240 1308 4325 quam
1340 4236 1460 4301 antea
1489 4214 1766 4327 frequentave·
1800 4239 1880 4328 175

138 4357 230 4419 rat.
262 4340 324 4423 At
354 4333 545 4447 inquiunt
573 4334 766 4449 Lirurgiae
796 4333 1082 4449 appellationes
1113 4332 1297 4447 supplent
1337 4329 1540 4420 defedlum
1580 4332 1768 4445 antiquo·

140 4480 231 4537 rum
257 4451 544 4567 Scriptorum,
576 4455 616 4538 &
647 4451 858 4539 ostendunt
890 4480 1015 4562 eam,
1056 4452 1096 4538 in
1130 4453 1302 4566 gratiam
1333 4452 1463 4568 gentis
1494 4451 1766 4564 Gothorum,

85 4674 87 4681 Ι
139 4567 344 4657 conditam
375 4570 525 4682 fuisse,
557 4599 653 4657 nam
686 4566 928 4662 &Gothico
958 4571 1148 4686 appellari
1181 4570 1311 4682 solet,
1344 4576 1384 4657 δι
1410 4565 1769 4683 Gotho-Hispana.

85 4690 87 4711 '
139 4686 245 4778 redde
269 4750 281 4776 .
309 4688 385 4781 Sed
417 4691 480 4776 ha
511 4690 796 4806 appellationes
826 4688 931 4806 apud
962 4690 1199 4776 recentiores
1232 4685 1516 4775 tantummodo
1557 4689 1768 4775 inveniun-

140 4832 229 4919 tur,
257 4809 362 4927 apud
381 4809 601 4925 Scriptores
620 4809 833 4923 antiquos,
863 4808 934 4921 qui
962 4833 1057 4896 ante
1083 4837 1234 4894 annum
1262 4807 1659 4923 septingentesrmum
1678 4806 1768 4893 scri·

139 4927 276 5047 psere,
302 4930 473 5017 minime
506 4950 741 5015 recurrunt.
780 4926 965 5039 Deinde,
994 4929 1065 5040 qui
1096 4956 1169 5042 pro
1198 4938 1439 5041 argumento
1463 4928 1654 5043 Liturgiae
1685 4927 1769 5039 ejus
1803 4933 1888 5045 176

141 5048 307 5135 nomina
337 5047 587 5165 producunt,
619 5048 760 5162 utique
778 5070 926 5133 norunt
943 5076 1034 5133 eam
1044 5039 1355 5161 Mogarabicam
1382 5042 1532 5133 didam
1564 5045 1666 5157 esse,
1686 5076 1767 5140 non

146 5167 336 5279 quidem,
365 5169 463 5282 quia
494 5168 536 5255 in
554 5168 728 5284 gratiam
749 5169 1017 5255 Mozarabum
1046 5166 1265 5281 composita
1291 5167 1440 5277 suerat,
1471 5165 1533 5253 sed
1556 5168 1652 5277 quia
1676 5173 1771 5254 Mo·

146 5287 307 5373 carabes
337 5315 384 5374 ea
412 5288 452 5374 in
472 5289 585 5374 saeris
615 5287 755 5374 officiis
785 5289 1030 5374 utebantur.
1062 5284 1219 5375 Eadem
1250 5288 1404 5373 ratione
1431 5279 1769 5399 Gotho-Hispana

146 5402 348 5518 dillaesl,
376 5401 618 5519 &Gothiae
649 5408 842 5520 nunquia
871 5407 975 5525 apud
993 5407 1150 5496 Gothos
1175 5430 1285 5517 orta,
1315 5432 1386 5494 aut
1406 5404 1510 5522 apud
1537 5434 1626 5509 eos,
1655 5402 1774 5517 prius·
1819 5428 1821 5432 ·

149 5552 270 5643 quarn
299 5529 344 5615 in
371 5527 613 5649 Hispaniam
647 5527 872 5642 venissent,
898 5530 943 5617 in
970 5526 1039 5616 usu
1068 5527 1199 5616 suerat
1226 5522 1319 5643 (c),
1349 5526 1415 5614 sed
1445 5528 1540 5642 quia
1571 5523 1773 5731 Hispani,

1702 5643 1773 5731 vi·

191 5798 250 5885 (a)
274 5792 481 5861 Guilielmus
505 5795 593 5861 Cave
620 5791 761 5879 sestaria
786 5792 931 5884 Scripto-
1034 5790 1094 5880 (b)
1118 5786 1265 5857 Deviris
1280 5786 1461 5855 illustribus
1477 5805 1605 5872 capas.
1739 5867 1748 5885 ο

159 5900 224 5955 nra
248 5886 522 5975 Eccsrfiollscvrutn
552 5885 760 5965 litteraria,
794 5883 851 5951 ubi
887 5883 929 5951 de
1034 5885 1087 5970 (c)
1108 5881 1267 5954 Gothos,
1293 5869 1772 5963 temporeGallieniAuguslr,

160 5970 338 6048 &banuo
350 5972 449 6069 agit,
834 6006 837 6011 ·
990 5971 1112 6039 Christi
1127 5968 1286 6063 religione
1297 5965 1403 6033 imbui
1416 5964 1546 6063 eoepiffe
1560 5969 1772 6123 Sozompippp·
