4450 7209
544 709 966 801 ADVENTUS
1010 711 1339 800 D‘ou'l'ur.

94 843 197 899 carne
209 833 397 894 venturum
412 841 422 886 ι
447 819 542 891 aede
554 818 699 916 Virgine
714 819 917 895 nasciturum

95 917 312 1018 propheticis
330 916 474 990 vocibus
498 916 704 1012 promisistis
736 923 772 991 δι
801 920 836 990 in
851 940 917 994 no·

95 1017 241 1092 viffimis
255 1015 470 1110 temporibus
487 1037 553 1109 que
578 1015 781 1108 promiseras
809 1017 919 1089 adim·

98 1114 218 1210 plestir
248 1113 355 1204 prelia
386 1109 585 1204 quesumuar
612 1130 651 1185 ut
673 1114 832 1208 quirun
848 1121 923 1201 jam

57 1211 227 1296 svenilse
253 1210 479 1300 mundumque
524 1209 700 1282 redemisse
728 1211 923 1284 credimuse

52 1350 58 1362 .
98 1311 269 1383 fatemura
295 1309 329 1378 δι
363 1305 591 1399 predicamusa
623 1304 817 1404 rursumque
831 1331 920 1380 ven·

100 1425 211 1478 turum
227 1403 270 1474 ad
282 1400 444 1489 iudicium
457 1403 628 1496 speramur
644 1427 655 1470 ι
681 1408 756 1486 eius
772 1403 925 1500 prasen-

99 1501 180 1575 tiam
207 1523 285 1573 cum
316 1499 454 1574 venerit
477 1497 547 1573 line
573 1499 773 1575 confusione
798 1525 921 1577 cerna·

101 1619 196 1672 mus.

41 1709 75 1758 10
149 1697 353 1790 1310Amen.

389 1788 632 1874 uninomina.
720 1873 724 1876 .

170 1890 362 1963 unctormr
381 1899 528 1961 'tuorum
552 1886 704 1964 Domine
735 1889 927 1964 communi·

181 2005 298 2061 cantes
316 1985 480 2059 memorie
502 1985 804 2070 Patriarcbarum,
829 1989 924 2060 Pro·

100 2087 349 2177 poetarumque
363 2101 498 2154 tuorum
514 2107 584 2155 non
603 2085 718 2156 lumua
740 2083 919 2156 immemo-

44 2191 72 2262 15
101 2203 177 2253 resa
203 2183 214 2252 i
241 2179 281 2252 lis
307 2178 399 2250 enim
417 2180 723 2253 renunciantibusr
750 2180 922 2252 adventur·

99 2297 178 2350 tuus
201 2209 322 2350 claruit
351 2278 485 2350 mundo
513 2324 524 2346 .
552 2278 784 2350 Memoramua
811 2274 918 2349 etirm

1740 743 1796 819 13·

1308 821 1429 898 inlatio
1444 821 1456 896 ι’

1073 921 1197 1020 ignum
1226 923 1262 995 dt
1286 924 1408 1006 iustum
1432 923 1505 995 ests
1530 945 1613 998 vere
1637 927 1673 999 δι
1688 925 1788 998 nobis

1090 1019 1280 1116 peremnia
1295 1020 1491 1116 expedibile
1506 1047 1514 1088 =
1530 1041 1622 1093 tuam
1638 1047 1702 1097 nos
1717 1022 1788 1094 cle·

968 1118 1134 1192 mentium
1149 1118 1377 1214 Omnipotens
1405 1119 1530 1190 l’aterr
1559 1117 1679 1212 quibus
1711 1120 1788 1216 pos·

968 1214 1082 1289 sumus
1094 1214 1227 1308 semper
1241 1212 1396 1288 laudibus
1407 1215 1605 1309 predicaret
1635 1217 1694 1311 qui
1723 1219 1787 1292 bo·

968 1313 1079 1386 nitate
1107 1333 1174 1383 nos
1198 1311 1477 1406 ingenuitateque
1509 1313 1716 1386 condididit
1746 1337 1786 1386 ac
1816 1305 1865 1375 60

968 1409 1136 1503 serpentia
1152 1407 1285 1504 antiqui
1305 1409 1425 1482 fraude
1440 1409 1600 1504 deceptis
1633 1411 1788 1507 gratuita

969 1505 1193 1578 mil‘eratione
1221 1529 1240 1576 a
1268 1523 1382 1579 morte
1411 1502 1499 1578 uelis
1528 1503 1662 1601 eripere
1689 1536 1699 1576 ι
1727 1508 1802 1600 qui'

1819 847 1986 962 55·

872 1681 876 1688 ,
969 1601 1083 1680 lilium
1097 1619 1193 1678 tuum
1210 1623 1312 1694 quem
1321 1623 1385 1696 pro
1399 1599 1500 1676 nobis
1516 1601 1551 1672 in
1566 1625 1666 1677 carne
1680 1602 1790 1678 milsu-

971 1723 1119 1773 mseras
1136 1723 1145 1767 r
1174 1698 1215 1770 ad
1231 1717 1345 1772 terras
1367 1716 1552 1771 venturum
1570 1699 1788 1774 nasciturum·
1865 1715 1870 1724 ’

970 1820 1037 1890 que
1064 1797 1108 1867 de
1136 1795 1280 1892 Virgine
1310 1792 1417 1892 longe
1448 1814 1552 1867 antea
1585 1797 1784 1892 predixistia
1816 1783 1862 1872 ⁶5

969 1899 1048 1980 eius·
1071 1891 1266 1966 natiuitatis
1295 1894 1484 1967 adventum,
1564 1893 1784 1968 etonantibus

967 1991 1096 2065 Sanetir
1115 1986 1356 2084 prenunciasti:
1388 2005 1426 2059 ut
1445 2009 1533 2081 expe
1571 2008 1643 2063 atur
1657 1992 1715 2063 diu
1728 1992 1786 2084 qui

968 2090 1080 2162 fuerat
1095 2088 1337 2180 repromiss'usr
1361 2105 1524 2196 magnum·
1537 2089 1663 2161 mundo
1691 2087 1785 2160 face·

966 2205 1024 2260 ret
1043 2184 1201 2284 gaudium
1216 2183 1249 2254 in
1267 2179 1480 2279 plenitudine
1495 2199 1694 2279 temporum:
1706 2205 1784 2278 pre·
1861 2195 1872 2242 ῖ

966 2282 1116 2355 sentatua
1130 2328 1147 2350 ι
1165 2281 1262 2352 Unde
1291 2279 1441 2374 petimur¹
1461 2281 1496 2352 δι
1529 2303 1686 2377 rogamus
1705 2307 1720 2348 a
1747 2299 1784 2354 ut
1798 2325 1801 2331 Α
1816 2279 1866 2354 70.

98 2371 920 2469 Apostolostuoaaquiaduentumtuumal'ro-
963 2379 1021 2474 qui
1042 2376 1169 2474 plasma
1198 2397 1318 2452 tuumr
1339 2377 1643 2472 sicutverepursr
1673 2377 1802 2450 &mi··
1885 2409 1890 2420 ·

32 2494 33 2545 1
98 2473 239 2565 phetlS,
264 2469 537 2564 Patrlarchllque
550 2470 788 2565 predicatum-⁹
805 2467 914 2543 oculis
966 2477 1114 2550 sericors
1140 2475 1254 2568 pen're
1270 2499 1339 2549 non
1355 2476 1511 2568 pqffuses
1527 2499 1543 2548 r
1562 2473 1623 2547 sed
1647 2475 1803 2572 perhu.·

32 2588 33 2637 ι
98 2568 162 2640 suis
176 2587 322 2640 cernere
336 2587 565 2642 mernerunt.
599 2566 750 2640 Facimus
779 2588 916 2660 quoque

41 2673 75 2722 ²⁰
99 2667 289 2740 &tuorum
304 2661 502 2754 Martyrum
528 2664 762 2742 mentionem:
794 2665 851 2757 qui
880 2681 921 2734 te

60 2776 65 2784 ’
96 2763 285 2836 Dominum
310 2759 584 2856 redemptionem
609 2766 679 2846 iam
693 2758 820 2831 venisse
833 2783 916 2834 con·

966 2572 1083 2650 milem
1099 2573 1286 2647 adventum
1314 2570 1379 2646 filii
1407 2572 1457 2644 tui
1482 2570 1627 2645 Domini
1654 2573 1785 2646 nolitis

966 2673 1059 2768 quod
1084 2667 1241 2764 perierat
1254 2669 1444 2744 revocallia
1470 2670 1647 2762 quodiam
1663 2671 1787 2744 inuen-
1864 2675 1873 2688 “

966 2791 1040 2843 tum
1062 2769 1335 2861 &reparaturus
1360 2787 1399 2839 ac
1426 2785 1627 2843 revocatum
1641 2766 1711 2840 esta
1740 2766 1786 2838 src
1816 2758 1862 2834 75

98 2862 196 2934 seffia
226 2859 270 2932 ad
294 2875 445 2928 mortem
469 2857 572 2952 usque
589 2856 665 2932 sunt
692 2855 820 2930 certati
848 2880 920 2952 pro·
965 2886 1151 2962 protegam
1177 2863 1398 2939 ficcullodi'as
1416 2887 1426 2928 ι
1447 2865 1492 2939 stc
1511 2864 1634 2936 sanese
1662 2864 1786 2938 stede·

98 2955 273 3030 veritate.
297 2952 465 3026 Fidelinm
478 2976 635 3046 preterea
650 2972 784 3028 tuorum
801 2954 835 3026 in
852 2955 916 3028 hac
967 2965 1083 3036 fendas
1097 2987 1108 3028 ι
1124 2961 1170 3032 src
1183 2959 1332 3033 liberes.
1358 2962 1402 3030 Ut
1419 2958 1456 3028 in.
1471 2957 1536 3032 illo
1550 2962 1700 3032 adventu
1713 2965 1792 3029 ter·¹

98 3055 204 3126 adhuc
236 3049 517 3148 peregrinatione
547 3049 749 3146 degentium
773 3051 913 3125 nomina
965 3057 1057 3144 tibiis
1072 3079 1140 3150 quo
1163 3057 1294 3129 iterato
1316 3052 1394 3128 illos
1411 3074 1580 3127 venturus
1595 3057 1641 3126 est
1657 3055 1788 3138 judica-

32 3155 73 3228 '25
97 3147 336 3223 recensemus.-
363 3148 617 3242 protestantesa
638 3167 676 3217 ut
704 3169 824 3220 eorum
839 3147 919 3220 uite·
965 3181 1021 3230 rer
1050 3185 1071 3231 ε
1093 3151 1213 3245 quibus
1240 3157 1275 3226 &
1292 3176 1363 3248 pro.
1382 3149 1503 3240 quibus
1520 3152 1567 3222 est
1586 3150 1790 3234 judicatura

96 3246 283 3321 cursum&
307 3241 557 3338 perfectionem
575 3241 921 3340 consummesaquoa·
964 3250 1054 3327 tales
1077 3249 1336 3342 invenietquos
1361 3247 1534 3320 redemite
1561 3263 1599 3317 ut
1626 3245 1663 3316 in
1693 3265 1787 3319 etet.
1860 3296 1865 3306 .

1816 3215 1868 3286 80

96 3342 240 3418 διιᾶσι
265 3361 347 3414 tuos
362 3341 452 3434 apud
466 3361 502 3412 te
530 3343 564 3412 in
594 3338 917 3413 celestihabitaculo
961 3372 1042 3423 num
1054 3345 1220 3443 poffideat
1234 3367 1320 3440 quos
1342 3342 1462 3438 precio
1475 3343 1521 3415 sui
1544 3341 1714 3438 sanguinis
1730 3367 1787 3417 ac.

97 3458 215 3512 cautos
234 3435 470 3534 perfectosque
482 3445 553 3522 iam
567 3437 706 3510 retiner.
720 3437 804 3508 Non
820 3435 913 3511 obli·
961 3443 1128 3541 quiunt.
1150 3462 1188 3516 ur
1203 3463 1279 3516 cnm
1297 3433 1445 3538 ignifluis
1463 3435 1639 3514 affinibus
1654 3441 1793 3513 renen*v

96 3535 255 3609 riscimur
278 3557 418 3628 quoque
436 3532 621 3608 defundor
650 3551 770 3605 nature
802 3534 918 3605 nostre
962 3562 1126 3638 prorum:
1152 3559 1268 3614 tecum⁴
1284 3542 1318 3612 δι
1334 3533 1459 3610 saneto
1481 3536 1609 3634 Spiritu
1630 3537 1701 3610 une
1715 3539 1785 3610 fine

41 3637 76 3708 30
97 3656 135 3706 ac
148 3633 230 3706 lidei
247 3630 384 3705 socios·
403 3633 470 3706 Sed
482 3649 664 3726 precamur
678 3647 714 3700 te
726 3630 916 3706 Dominum
961 3640 1118 3715 laudetur
1132 3633 1229 3731 parili
1258 3650 1430 3710 concentu
1448 3661 1458 3701 r
1481 3655 1560 3704 cunr·
1579 3628 1725 3730 Angelis
1750 3635 1786 3705 δι

95 3728 295 3824 ampliffime
321 3728 485 3820 pietatisa
511 3748 551 3800 ut
567 3726 615 3800 eir
632 3726 817 3826 refrigeria
845 3727 914 3800 tri·
962 3733 1192 3830 Archangelis
1222 3728 1433 3806 laudantibus
1461 3748 1567 3822 atque
1598 3729 1644 3801 ita
1669 3730 1786 3802 dicen-

96 3826 177 3900 buaa
190 3824 398 3920 sempiterne
413 3824 560 3918 quietis.

146 3937 197 4016 32·
212 3927 357 3997 Amen.

144 4021 248 4092 Dicar
277 4015 404 4093 Presb.
434 4020 530 4114 Qia
564 4035 605 4093 tu
640 4041 680 4092 ea
711 4019 788 4097 uita
817 4018 925 4094 vivo·

38 4115 75 4190 35
99 4139 171 4193 rum
194 4118 268 4190 &o

56 4218 61 4226 “
399 4219 466 4289 oid
477 4215 626 4312 pacerrr‘.

101 4415 182 4592 C
197 4407 309 4482 Hrille
324 4409 474 4485 Domine
486 4411 520 4482 in
536 4415 631 4496 cujus
646 4411 830 4484 adrentum
848 4431 920 4507 pat

207 4509 256 4578 eu
268 4509 398 4583 reddita
425 4509 552 4581 terris:
579 4529 648 4601 pax
666 4505 791 4580 collata
805 4509 920 4582 homi·

38 4629 76 4700 qn
101 4609 195 4677 nibus
212 4607 303 4675 bone
327 4603 545 4682 voluntatis:
566 4607 718 4676 concede
735 4606 913 4697 quesumus

100 4723 137 4775 ut
149 4726 216 4798 per
226 4700 372 4794 primum
390 4705 576 4776 adventum
600 4703 641 4774 ad
660 4726 723 4776 nos
737 4703 774 4772 in
798 4704 914 4776 buma-
964 4729 1020 4779 rus
1035 4706 1083 4776 est
1095 4721 1132 4775 ut
1148 4704 1277 4786 iudicet
1299 4701 1481 4776 mundane
1512 4698 1586 4784 Qui
1607 4702 1674 4780 iam
1687 4695 1785 4766 venit
1815 4715 1867 4785 95

101 4801 211 4871 nitate
225 4799 392 4872 veniente
409 4797 445 4870 δι
462 4801 623 4871 mundum
638 4800 702 4872 tibi
714 4799 749 4870 in
764 4805 845 4893 pace
858 4822 914 4869 re·
963 4821 1003 4875 ut
1023 4799 1240 4872 redimereta
1256 4813 1368 4870 morte
1386 4822 1399 4863 a
1425 4815 1510 4884 quos
1525 4796 1567 4865 ad
1585 4795 1692 4866 vitam
1707 4813 1789 4885 pre-

102 4894 286 4969 conciliare
311 4897 469 4995 dignatur
494 4917 558 4964 ear
581 4893 825 4968 reconciliatos
854 4917 916 4989 pet

105 5011 139 5064 te
154 4994 190 5064 in
205 5009 266 5064 tua
292 5017 374 5088 pace
400 4991 669 5090 presteriugiter
698 5014 916 5089 permanere:

39 5107 75 5177 45
103 5106 271 5182 quatenus
283 5090 317 5160 in
342 5089 492 5161 secundo
518 5089 757 5162 adventutuo
775 5090 852 5160 dum
882 5090 918 5159 in

102 5187 274 5270 majestate
303 5189 338 5258 &
356 5183 470 5281 gloria
493 5187 629 5257 veneria
658 5185 756 5257 facias
773 5186 917 5257 heredes

104 5282 194 5374 pacis
209 5300 352 5354 eternea
378 5286 411 5351 dt
426 5304 512 5372 quos
528 5281 583 5350 iric
594 5302 654 5355 tue
671 5281 760 5375 pacis
785 5283 920 5375 depoli-

1818 3694 1865 3784 85

959 3831 1072 3908 tibus.
1096 3828 1346 3902 orcarcborus.
1372 3823 1789 3904 Sanctusstnuusuan·

971 3928 1126 4000 dursac.

1018 4021 1096 4107 Post
1112 4025 1249 4097 sanlius
1264 4024 1355 4095 dicat
1371 4016 1584 4118 'Presbyteri

1134 4141 1136 4144 ’
1234 4125 1238 4134 ’
1309 4121 1449 4192 Οιιιιῖο.
1872 4167 1878 4176 .

1077 4219 1141 4294 Ere
1156 4217 1285 4294 sanctus
1301 4245 1310 4288 ι
1337 4239 1422 4290 vere
1436 4215 1631 4290 benedictus
1647 4213 1704 4308 qui
1721 4235 1784 4287 ve·
1815 4213 1869 4314 9o

1089 4317 1139 4390 nit
1154 4318 1187 4391 in
1212 4317 1348 4388 nomine
1366 4313 1508 4386 Domini
1522 4340 1531 4382 ι
1559 4317 1638 4392 Rea
1654 4309 1781 4384 lsrael.

969 4416 1025 4510 qui
1039 4421 1106 4500 iam
1124 4412 1221 4489 uenit
1245 4409 1396 4486 humilis:
1423 4414 1461 4482 dc
1480 4412 1588 4486 adbuc
1615 4417 1796 4482 uenturus*

966 4513 1061 4583 elliu
1088 4513 1260 4597 maiestate
1285 4505 1474 4594 terribilis.
1501 4507 1567 4596 Qi
1591 4513 1660 4590 iam
1685 4506 1784 4576 venit

966 4630 1004 4682 ut
1019 4609 1229 4693 iudicaretur
1244 4607 1276 4677 in
1306 4603 1459 4680 mundor
1491 4607 1530 4675 δι
1553 4605 1639 4674 aduc
1660 4605 1787 4692 ventu-'
1859 4613 1866 4630 ·

966 4895 1170 4971 destinavit:
1191 4897 1225 4966 &
1250 4893 1361 4964 adbuc
1389 4911 1555 4961 venturus
1581 4889 1650 4960 ella
1674 4907 1711 4959 ut
1731 4909 1787 4960 re·

968 5011 1124 5068 muneret
1150 5013 1239 5084 quos
1265 4988 1435 5062 redemitr
1460 4987 1531 5084 ipse
1553 4987 1727 5062 Dominus
1748 5007 1796 5057 ac

969 5091 1189 5180 Redemptor
1203 5105 1366 5157 eternus.
1522 5161 1526 5171 ,
1843 5095 1879 5159 i·-

1018 5187 1142 5259 Der'nde
1166 5187 1257 5254 dicat
1282 5180 1464 5276 Presbyter
1479 5182 1512 5252 in
1524 5177 1678 5270 filentr‘o.
1706 5191 1804 5250 Ora··
1822 5203 1893 5252 roo

971 5288 1042 5364 rr'o,
1065 5284 1192 5354 Adello
1210 5281 1321 5353 adello
1336 5268 1413 5353 lesu
1437 5283 1529 5353 bone
1546 5277 1732 5372 pontifex.
1749 5291 1793 5344 ur

106 5397 175 5449 rum
190 5378 312 5452 feceris
328 5405 341 5444 .-
355 5375 602 5453 inuiolabiliter
616 5378 717 5453 facias
728 5379 896 5452 custodire
909 5427 926 5450 .
965 5381 1070 5475 supra
1086 5379 1154 5468 fol.
1169 5385 1207 5450 V.
1219 5374 1340 5460 Pasira
1359 5381 1449 5450 dicat
1462 5379 1665 5448 orationem.

152 5488 200 5569 lut.
218 5480 351 5548 Amen.

45 5589 81 5658 50
152 5574 254 5641 nicar
275 5569 396 5644 ansb.
424 5573 515 5662 Qia
546 5592 585 5646 tu
604 5597 641 5644 es
661 5597 743 5648 vera
766 5597 834 5671 pax
857 5598 923 5647 no·

105 5667 167 5740 llra
192 5685 310 5743 totum
331 5691 406 5742 cum
429 5669 539 5764 gratia
552 5669 620 5742 Dei
639 5671 775 5746 Patris.
802 5685 841 5741 ιιι
856 5671 922 5758 fir·

102 5779 165 5855 pra
193 5767 231 5834 irr
253 5771 367 5859 prima
397 5762 519 5856 Missa.
549 5774 664 5838 Totum
691 5791 765 5838 cunr
794 5767 920 5841 Introi-

107 5857 151 5930 bo
173 5861 211 5929 ad
228 5861 353 5937 Altare
371 5863 438 5940 Dei
455 5861 521 5936 mei
534 5908 549 5932 0
574 5863 723 5963 utsupra
735 5865 860 5938 diuum
874 5860 921 5949 est

102 5953 261 6057 saliua,

1273 5567 1352 5654 ‘Posi
1364 5569 1498 5664 pridie.
1868 5631 1872 5638 ,

1039 5657 1789 5742 ueinnsnomrneuuiiturnomininourue-
1822 5679 1892 5752 ¹05

1057 5767 1224 5837 suClrristi
1241 5759 1716 5852 commemorationemrquod
1730 5783 1801 5828 ve··
1833 5767 1838 5788 ¹

965 5867 1061 5934 niens
1073 5863 1112 5932 ad
1129 5864 1348 5934 norhumand
1363 5859 1499 5936 sormam
1513 5855 1804 5958 allump'srtrquod''

964 5958 1251 6054 pronominibus.
1279 5979 1365 6050 quos
1384 5973 1566 6032 creaverat
1585 5951 1791 6029 redimendis

1718 6045 1795 6144 paf-
