4450 7209
359 871 563 966 dissentiat
591 894 616 955 a
643 861 796 953 Missali
823 858 1169 966 GalloGothico,
1200 861 1241 943 δε
1272 855 1575 945 aLedlionario
1593 857 1866 971 Luxoviensr,
1897 888 1980 962 non

358 995 453 1087 inde
480 987 734 1098 consequitur
764 982 837 1066 hot
867 979 986 1065 libros
1016 977 1066 1063 ad
1092 975 1264 1089 diversas
1282 975 1483 1093 Liturgias
1515 979 1772 1094 pertinuisse,
1801 1005 1871 1064 aut
1889 983 1984 1069 Gal·

359 1117 573 1217 licanam,
611 1097 991 1214 Gotho-Hispanam
1020 1160 1035 1207 ,
1066 1099 1107 1182 &
1129 1095 1447 1182 *Mozarabicam
1478 1125 1601 1183 unam
1634 1101 1882 1210 eandemque
1913 1101 1983 1188 Li'·

362 1231 541 1346 turgiam
582 1252 662 1308 non
692 1218 803 1307 fuisse
830 1275 843 1302 .
874 1217 986 1304 Nam
1014 1277 1029 1325 ‚
1057 1243 1152 1300 cum
1183 1216 1226 1301 in
1257 1213 1751 1309 Missalisseallocothico
1782 1217 1889 1309 idem
1922 1243 1986 1332 ty·

359 1377 435 1468 pus
473 1345 685 1457 liturgicur
715 1335 985 1443 inveniatur,
1016 1334 1088 1445 qui
1128 1334 1170 1417 in
1200 1332 1356 1419 Missali
1387 1336 1651 1420 Mozarabum
1688 1331 1913 1447 Ximenii,
1945 1342 1985 1426 8<

362 1471 407 1559 io
446 1489 618 1574 utroque
649 1455 805 1545 Missali
841 1449 1163 1569 deprehendatur
1202 1450 1313 1537 idem
1352 1480 1572 1563 numerus,
1620 1453 1727 1537 idem
1758 1454 1886 1564 ordo,
1918 1483 1984 1543 ea·

361 1587 539 1695 demque
562 1576 763 1693 dispositio
792 1575 1056 1680 orationum,
1087 1567 1340 1679 ledlionum,
1369 1567 1656 1684 allionumque
1687 1574 1985 1689 liturgicarum,

361 1706 484 1795 ambo
515 1700 559 1784 hi
590 1698 682 1784 libri
712 1691 894 1780 censendi
924 1691 1014 1776 sunt
1044 1687 1095 1775 ad
1127 1718 1248 1776 unam
1279 1689 1527 1802 eandemque
1554 1693 1783 1804 Liturgiam
1812 1694 1987 1809 pertine·

363 1854 440 1932 re,
472 1846 559 1930 qua
591 1818 633 1902 in
649 1814 781 1903 Gallia
799 1812 921 1916 olim,
952 1833 1074 1922 atque
1107 1808 1148 1894 in
1167 1808 1359 1922 Hispania
1392 1806 1484 1917 usu,
1514 1813 1556 1895 &
1587 1812 1702 1924 praxi
1719 1812 1988 1900 Ecclesiarum

363 1964 525 2055 recepta
555 1937 662 2021 suit.
692 1940 730 2021 E
760 1930 989 2016 diversitate
1018 1951 1157 2013 autem
1182 1928 1407 2013 Missalium
1446 1924 1488 2012 id
1529 1957 1654 2014 unum
1686 1931 1865 2044 legitime
1903 1932 1985 2017 col·

369 2061 439 2174 ligi
473 2054 600 2173 potest
631 2081 695 2139 eas
719 2077 744 2136 a
771 2049 930 2134 diversis
949 2046 1189 2136 Auctoribus
1206 2046 1321 2132 suisse
1337 2045 1605 2161 compositas.
1636 2051 1846 2160 Denique,
1879 2047 1988 2160 quod

273 2214 333 2296 90
366 2178 477 2268 addit
506 2171 601 2287 (a),
642 2170 870 2283 Liturgiam
901 2170 1155 2255 Gallicanam
1191 2168 1234 2251 in
1273 2194 1423 2252 canone
1463 2170 1686 2252 multarum
1717 2166 1930 2254 Missarum
1959 2197 1985 2255 a

366 2294 627 2388 Mozarabico
667 2289 958 2394 discriminari,
998 2292 1116 2401 plane
1147 2286 1332 2394 fallitur,
1363 2315 1457 2371 nam
1500 2286 1629 2372 Missa
1659 2288 1905 2391 Gallicana,
1947 2292 1988 2377 dc

256 2439 261 2446 ·
370 2411 634 2508 Mozarabicae
666 2417 870 2496 Canonem
903 2410 1069 2492 omnino
1101 2434 1181 2490 non
1213 2406 1362 2490 habent
1389 2468 1404 2515 ,
1434 2406 1476 2489 in
1508 2435 1553 2490 ea
1584 2405 1692 2489 vocis
1721 2405 1985 2521 acceptione,

373 2564 455 2650 qua
482 2533 666 2636 utimur,
698 2558 791 2614 curn
816 2527 864 2610 de
886 2529 1008 2611 Missa
1034 2533 1219 2612 Romana
1245 2524 1373 2610 sermo
1400 2523 1485 2608 est.
1514 2525 1776 2614 Oratiuncula
1802 2525 1867 2608 illa
1897 2522 1991 2613 ade·

365 2650 470 2773 sto,
500 2647 633 2761 adello
650 2642 757 2760 Jesu
791 2638 890 2732 bone
924 2641 1011 2733 (uc.
1047 2645 1301 2729 manifestum
1333 2643 1388 2727 est
1417 2645 1683 2727 recentiorum
1716 2642 1987 2731 Mozarabum

378 2772 738 2873 additamentum,
770 2793 841 2848 nec
861 2792 1007 2848 nomen
1025 2762 1190 2850 canonis
1216 2786 1421 2847 meretur.
1454 2769 1667 2877 Perperam
1699 2763 1827 2847 etiam
1861 2762 1990 2872 aliqui

372 2892 537 2981 nomine
569 2881 733 2973 canonis
764 2882 961 2970 donarunt
991 2884 1217 2968 orationem
1242 2875 1335 3000 post
1361 2876 1563 2993 Sansius,
1594 2909 1683 2994 qua
1712 2879 1918 3002 appendix
1935 2882 1992 2969 ll·

372 3009 531 3100 lationis
561 3004 642 3093 dici
672 3003 826 3091 debet.
914 3105 917 3110 ¹

1127 3248 1250 3332 v11.

374 3403 379 3413 ⁸
486 3529 489 3534 ,
599 3419 884 3546 Respondetur
922 3413 1019 3530 iis,
1053 3416 1127 3540 qui
1161 3425 1284 3532 aiunt
1324 3415 1562 3540 Licurgiam
1597 3413 1783 3538 Mtffltlie
1939 3394 1987 3409 Α

908 3536 1090 3628 Ximem'i
1127 3536 1329 3627 vitiatam
1364 3536 1474 3657 effe.

280 3755 334 3840 91
375 3799 378 3804 .
536 3720 671 3834 Ajoria
710 3717 766 3806 est
797 3718 998 3805 momenti
1032 3720 1110 3805 alia
1148 3718 1385 3825 accusatio,
1417 3722 1648 3835 Liturgiam
1679 3717 1991 3808 Mozarabicam

549 3840 714 3928 Millalis
744 3833 928 3926 Ximem'i
957 3834 1055 3922 adeo
1087 3837 1277 3924 vitiatam
1308 3838 1415 3948 else,
1447 3864 1493 3923 ut
1524 3839 1666 3925 eadem
1700 3840 1780 3924 dici
1813 3863 1991 3952 nequeat

306 4071 309 4076 ¹
366 3989 491 4076 atque
524 3958 894 4074 GothoHispana.
933 3963 1053 4045 Hanc
1082 3957 1374 4043 accusationem
1416 3987 1494 4073 pra
1523 3960 1673 4043 cacteris
1716 3985 1864 4075 magna
1907 3987 1995 4044 eru·

368 4082 529 4169 ditionis
570 4078 696 4193 specie
736 4099 949 4192 promovet
980 4082 1023 4160 P.
1058 4083 1195 4161 Petrus
1237 4077 1272 4160 le
1305 4085 1410 4164 Brun
1443 4070 1534 4190 (b).
1575 4084 1679 4195 Qua
1717 4079 1788 4164 alii
1824 4075 1992 4189 sparsim

368 4201 636 4314 scripserant,
666 4196 708 4280 in
739 4223 867 4280 unum
897 4193 1107 4306 congerit,
1137 4192 1289 4305 suisque
1305 4194 1642 4282 observationibus
1659 4220 1806 4310 auget,
1834 4199 1875 4281 δι
1909 4197 1996 4281 illu·

282 4354 336 4432 92
372 4319 508 4405 llrat.
543 4323 608 4403 ’At
646 4310 744 4424 quid
774 4310 939 4398 tandem
969 4306 1177 4425 opponit?
1216 4311 1364 4398 scilicet
1395 4316 1635 4400 Presbiteros
1669 4313 1989 4422 Mazarabic'os,

372 4436 607 4556 priusquam
646 4431 770 4517 sacras
810 4430 934 4518 vestes
971 4430 1182 4538 induant,
1210 4430 1341 4516 dicere
1375 4441 1474 4520 Ave
1510 4429 1652 4520 Maria
1680 4494 1691 4519 .
1723 4429 1899 4551 Quando
1944 4429 1992 4516 ad

97 4580 101 4584 ·
261 4629 264 4634 .
370 4567 499 4650 Aram
530 4548 746 4661 accedunt,
777 4551 957 4667 primum
986 4547 1116 4634 dicere
1132 4554 1233 4638 Ave
1258 4547 1432 4661 Maria,
1464 4582 1510 4638 ac
1541 4551 1681 4637 deinde
1713 4551 1992 4638 consessionem

294 4747 296 4752 .
368 4679 528 4766 facere.
560 4673 629 4761 Ab
657 4678 774 4780 Ara,
803 4669 982 4756 absoluta
1011 4667 1161 4777 Missa,
1192 4669 1432 4778 recessuros,
1465 4671 1595 4757 dicere
1628 4658 1760 4758 Salve
1798 4665 1993 4786 Regina.

371 4793 548 4914 Quando
575 4789 770 4879 amidium
802 4788 997 4896 induunt,
1035 4787 1166 4872 dicere
1196 4794 1358 4901 Impone
1385 4787 1557 4879 Domine
1583 4785 1671 4878 &c
1701 4786 1905 4898 amilius,
1937 4791 1995 4875 in·

369 4918 495 5029 quit,
524 4934 707 5026 tempore
723 4907 926 5019 Leandri,
957 4904 997 4995 sc
1017 4906 1156 4993 Isidori
1175 4907 1215 4990 in
1235 4906 1303 4991 usu
1322 4936 1400 4992 non
1418 4935 1524 4995 erat.
1555 4905 1675 4998 Fadia
1693 4911 1989 4995 elementorum

375 5031 694 5133 consecratione,
727 5027 942 5136 Hostiam,
972 5031 1013 5113 δι
1032 5027 1208 5113 Calicem
1230 5022 1384 5111 tellum
1401 5019 1547 5144 filiola
1580 5030 1759 5114 elevare.
1789 5036 1997 5144 Tempore

375 5151 590 5244 Adventus
620 5148 760 5231 omitti
788 5170 954 5232 cantum
985 5146 1148 5257 Hymni
1179 5138 1323 5231 Gloria
1361 5142 1406 5233 in
1440 5142 1603 5258 excelfis
1631 5208 1644 5232 .
1676 5149 1831 5235 Missale
1863 5173 1998 5233 muta·

375 5273 531 5357 tionem
562 5265 782 5377 quamdam
822 5263 973 5381 pallum
1004 5264 1078 5349 esse
1117 5264 1160 5348 in
1198 5265 1448 5354 oratiuncula
1479 5260 1671 5382 Adesto,
1710 5261 1862 5384 Adesto
1887 5263 2001 5380 Μαι

372 5385 505 5492 bona,
536 5411 623 5499 quae
656 5384 843 5501 pracedit
874 5380 1161 5469 consecratoria
1179 5382 1324 5469 Christi
1352 5387 1495 5471 verba.
1526 5393 1680 5475 Omnes
1711 5388 1838 5475 ferme
1869 5387 1996 5472 rubri·

374 5539 441 5596 cas
471 5505 694 5595 Dominicae
723 5504 988 5608 Palmarum,
1020 5501 1127 5586 seria
1158 5503 1341 5614 quintae,
1372 5509 1412 5590 8<
1430 5505 1548 5590 sexta
1579 5505 1741 5616 majoris
1776 5505 1994 5593 hebdoma-

375 5627 434 5713 dae
464 5656 486 5713 e
518 5625 667 5715 Miliali
697 5623 1104 5715 Romano-Toletano
1133 5618 1392 5741 depromptas
1421 5625 1526 5712 esse.
1556 5630 1608 5713 In
1634 5628 1782 5719 Missali
1813 5623 1995 5830 xqmsepil

1513 5817 1516 5820 .
1879 5774 1930 5830 er
1960 5771 2000 5830 e·

419 5925 478 6012 (a)
503 5927 585 5992 ibid·
1221 5921 1358 5989 roma.
1384 5922 1491 6006 diss-5.
1515 5937 1615 5991 arta.
1642 5927 1709 6012 §.1.
1733 5945 1889 6014 paggot.
1916 5921 2002 5991 adit»

427 6016 488 6109 (b)
512 6017 681 6089 Mutua
703 6015 734 6096 le
756 6016 848 6093 Bruta
864 6009 1049 6111 explicatio
1059 6010 1161 6087 uiue
1221 6012 1360 6084 Gallice
1383 6014 1546 6088 Puluis.
