4450 7209
501 806 552 864 vt
932 765 964 860 P
1024 778 1066 861 R
1117 779 1172 865 AE
1233 779 1267 863 F
1327 774 1368 860 A
1427 776 1472 862 T
1530 775 1553 861 1
1614 777 1683 864 Ο.

369 937 373 943 ’
502 892 668 982 Missam
699 891 926 1009 propriam,
957 893 1000 978 in
1030 892 1140 997 libris
1171 892 1270 1002 suis,
1302 893 1518 1000 haberent,
1548 895 1726 979 officium
1757 888 2037 1001 benedicendi,
2067 886 2110 979 δὲ

372 1082 373 1086 a
500 1014 754 1100 distribuendi
784 1012 965 1121 cineres,
994 1034 1132 1099 totum
1163 1012 1292 1098 ferme
1321 1041 1346 1097 a
1377 1011 1527 1096 Missali
1557 1018 1773 1122 Romano,
1804 1019 1886 1124 quo
1905 1015 2111 1098 Toletana

498 1135 674 1226 Ecclesra
706 1132 923 1240 utebatur,
955 1132 1131 1216 mutuati
1161 1130 1280 1215 sunt.
1311 1129 1479 1218 Missam
1513 1158 1638 1239 vero,
1670 1161 1757 1244 quae
1787 1155 1904 1216 antea
1922 1130 2110 1217 Domini·

498 1281 546 1339 ca
575 1254 704 1367 prima
721 1248 1044 1366 Quadragesrma
1062 1250 1309 1359 canebatur,
1340 1250 1403 1335 die
1431 1250 1572 1335 cineris
1603 1253 1798 1336 celebrare
1823 1251 2111 1334 instituerunt.

499 1371 733 1481 Eademque
764 1371 849 1480 lege
881 1367 1045 1454 Missam
1082 1365 1303 1455 Dominica
1331 1367 1506 1452 secunda
1536 1366 1586 1453 ad
1617 1369 1877 1455 Dominicam
1908 1368 2110 1481 primam,

498 1489 626 1574 tertiae
658 1487 880 1572 Dominica
919 1485 969 1569 ad
1006 1487 1261 1595 secundam,
1301 1490 1341 1573 &
1373 1488 1522 1599 quinta
1562 1485 1613 1570 ad
1655 1488 1815 1572 tertiam
1848 1485 2111 1588 Dominicam

496 1628 811 1724 protraxerunt.
841 1603 982 1689 Missas
1014 1606 1245 1691 Dominica
1269 1630 1418 1717 quarta
1436 1601 1670 1713 mediante,
1703 1611 1742 1692 8<
1776 1605 1997 1692 Dominica
2026 1603 2112 1688 sex·

498 1750 551 1810 ra
579 1720 627 1813 in
651 1718 878 1811 traditione
901 1716 1101 1837 symboli,
1132 1727 1323 1809 immotas
1342 1725 1612 1835 reliquerunt,
1643 1730 1683 1811 8<
1710 1754 1781 1840 pro
1808 1724 1950 1834 quinte
1969 1711 2113 1807 Domi·

412 1871 466 1957 33
499 1844 622 1951 nica,
652 1842 717 1927 cui
736 1839 857 1925 Missa
887 1839 1054 1948 deerat,
1084 1871 1232 1928 novam
1262 1841 1601 1959 composuerunt,
1632 1867 1755 1954 atque
1786 1843 1894 1927 hune
1925 1838 2111 1927 ordinem

496 1961 628 2050 Missae
660 1959 930 2045 Dominicales
960 1959 1311 2081 Quadragesrmae,
1343 1965 1383 2047 in
1415 1961 1567 2046 Missali
1585 1961 1788 2067 Ximenii,
1820 1983 1981 2045 tenent.
2011 1959 2113 2046 offi-

497 2080 609 2186 cium
638 2078 828 2165 Cinctum
858 2078 1009 2163 constat
1040 2079 1347 2187 benedislione,
1375 2085 1417 2167 δ(
1449 2079 1721 2165 distributione
1749 2080 1939 2165 Cinerum
1971 2136 1986 2183 ,
2019 2083 2113 2160 Pro·

494 2199 694 2304 cessione,
721 2197 956 2306 eoncione,
984 2203 1026 2284 8<
1058 2200 1212 2285 Missa.
1243 2203 1431 2287 Formula
1462 2199 1717 2284 benedicendi
1746 2198 1908 2283 Cineres
1941 2219 2136 2281 utuntur·

495 2316 680 2403 nonnihil
708 2315 860 2400 diversa
890 2318 941 2399 ab
971 2345 1059 2424 ea,
1089 2347 1177 2430 quat
1211 2321 1250 2402 in
1284 2318 1433 2403 Missali
1465 2323 1504 2406 S.
1535 2320 1595 2403 Pii
1627 2325 1678 2402 V.
1710 2318 1918 2402 habetur.
1949 2316 2112 2402 Cineres

369 2511 377 2521 .
496 2434 682 2522 omnibus
712 2433 1055 2521 indiscriminatim
1086 2436 1402 2544 distribuuntur,
1432 2438 1538 2521 nulla
1565 2434 1719 2525 mentio
1746 2431 1950 2547 ejectionis
1983 2431 2113 2547 poenl·

499 2575 685 2660 tentum,
715 2581 761 2637 ac
779 2553 921 2663 cilicii,
952 2557 1241 2668 poenitentibus
1260 2556 1519 2671 imponendi.
1549 2557 1770 2669 Proceffio,
1801 2555 2012 2638 &concio
2044 2582 2113 2638 no·

495 2673 607 2787 mine
637 2695 753 2755 tenus
792 2671 1043 2757 indicantur.
1073 2681 1125 2759 In
1158 2675 1304 2782 Missa,
1336 2676 1549 2789 Prophetia
1581 2675 1727 2787 legitur
1756 2700 1780 2754 e
1810 2672 1945 2785 capite
1978 2672 2112 2785 primo

497 2789 803 2879 Proverbiorum
828 2854 842 2898 ,
871 2818 959 2902 quae
990 2793 1088 2894 olim
1122 2793 1327 2905 lege-batur
1357 2793 1454 2876 feria
1485 2815 1627 2905 quarta
1659 2791 1743 2904 post
1774 2790 1946 2904 primam
1971 2791 2115 2876 Domi·

495 2913 633 2996 nicam
663 2908 1001 3022 quadragesrmae,
1031 2909 1241 3025 Apostolus
1273 2910 1378 2993 idem
1412 2913 1588 3023 legitur,
1618 2911 1690 3021 qui
1714 2909 1853 2995 eadem
1882 2933 2025 3019 quarta
2056 2909 2115 2994 fe·

311 3106 315 3113 .
499 3028 560 3114 rie
589 3025 722 3111 adhuc
751 3027 831 3140 legi
862 3028 994 3113 solet.
1025 3032 1291 3141 Evangelium
1322 3058 1344 3113 e
1373 3030 1504 3143 capite
1536 3054 1679 3140 quarto
1710 3034 1748 3115 S.
1766 3027 1981 3134 Matthaei,
2014 3023 2114 3112 illud

353 3176 357 3179 ·
496 3144 606 3232 idem
634 3143 716 3253 est,
745 3143 853 3254 quod
885 3143 1007 3228 modo
1038 3145 1138 3229 seria
1169 3172 1332 3257 quarta,
1366 3147 1450 3261 poll
1480 3172 1665 3259 quartam
1684 3140 1984 3250 Dominam,
2016 3144 2116 3258 legi-

497 3287 606 3373 tur,
636 3261 701 3348 sed
729 3260 834 3374 quod
863 3263 964 3346 olim
995 3263 1076 3374 ipsa
1108 3265 1323 3350 Dominica
1355 3269 1480 3379 prima
1514 3266 1835 3381 Quadrageltmae
1866 3264 2114 3378 legebatur}

496 3381 636 3472 Habet
668 3377 863 3491 jejunium
892 3379 1074 3490 Christi,
1102 3381 1263 3495 ejusque
1295 3387 1578 3499 temptationes
1610 3386 1651 3470 in
1680 3383 1873 3482 deserto.
1902 3389 2002 3502 Quo
2032 3380 2116 3495 spo-

497 3498 612 3591 &ant
639 3498 894 3607 Orationes,
924 3526 1012 3611 quae
1041 3497 1083 3583 in
1117 3503 1238 3586 Missa
1271 3505 1525 3614 recitantur,
1564 3502 1614 3588 ad
1654 3504 1818 3589 eandem
1855 3500 2140 3586 Dominicam.

497 3619 774 3753 pertinenps3
804 3645 904 3728 quas
923 3619 1158 3702 Mozarabes
1187 3623 1425 3706 recentiores
1456 3621 1505 3709 ad
1537 3623 1679 3708 seriam
1711 3623 2113 3733 quartamvcinerum

498 3735 819 3842 transtulerunt,
852 3736 922 3819 etsr
955 3738 1154 3850 pleraque.
1174 3740 1438 3857 contineant,
1468 3750 1557 3851 quar¹
1587 3739 1767 3825 nec‘diei
1799 3739 1982 3823 solemnis
2014 3735 2116 3846 jeju·

411 3886 471 3975 34
501 3858 588 3968 nii,
618 3883 749 3968 neque
777 3879 932 3968 quarta
960 3854 1066 3941 seria
1090 3862 1363 3946 conveniant.
1396 3859 1611 3946 Dominica
1641 3860 1770 3974 prima
1789 3856 2114 3974 Quadragefimae

499 3978 765 4091 Evangelium
798 3977 943 4089 legitur
973 4003 1025 4060 ex
1043 3979 1266 4092 Evangelio
1297 3985 1335 4066 S.
1353 3981 1545 4096 Johannis
1561 3997 1694 4092 capas.
1712 3979 1830 4062 habet
1862 3975 2115 4083 colloquium

497 4094 652 4199 Christi
672 4123 766 4179 cum
800 4095 1076 4205 Samaritana,
1108 4097 1328 4209 eodemque
1359 4098 1572 4186 Orationes
1604 4099 1721 4206 hujus
1748 4094 1878 4181 Missa
1911 4089 2127 4208 speslant„

498 4243 588 4327 qua
625 4214 725 4299 olim
765 4213 979 4302 Dominica
1016 4213 1183 4300 secunda
1215 4214 1538 4332 Quadrage'fimae
1577 4218 1855 4301 recitabatur.
1897 4211 2116 4297 Dominica

410 4362 414 4367 ’
498 4330 666 4421 secunda
698 4332 967 4445 Evangelium
999 4335 1121 4417 habet
1162 4364 1214 4418 ex
1244 4335 1493 4453 S.J0hannis
1525 4354 1661 4447 capp.
1701 4341 1750 4417 de
1781 4361 1883 4418 caco
1911 4360 1934 4414 a
1967 4329 2118 4414 nativi·

355 4565 357 4567 ι
414 4481 466 4571 35
500 4475 618 4559 tate,
647 4449 698 4534 de
730 4478 811 4561 quo
841 4475 965 4563 agunt
993 4454 1241 4563 Orationes,
1271 4481 1361 4564 quae
1394 4454 1434 4538 in
1464 4451 1603 4538 eadem
1632 4453 1752 4538 Missa
1783 4454 1997 4535 dicuntur.
2030 4453 2116 4533 Do·

500 4571 647 4662 minica
678 4570 799 4654 tertia
832 4572 1098 4685 Evangelium
1132 4573 1253 4656 habet
1292 4577 1346 4656 ex'
1376 4572 1621 4691 S.Johannis
1654 4594 1808 4686 caput.
1836 4636 1849 4679 ,
1881 4570 1921 4653 in
1953 4596 2035 4678 quo
2064 4564 2115 4652 de
2151 4587 2153 4591 ’

498 4699 651 4781 Lazaro
680 4718 704 4774 a
736 4691 903 4774 mortuis
931 4691 1110 4776 excitato
1140 4689 1268 4776 sermo
1297 4690 1385 4797 ell,
1416 4692 1637 4799 eodemque
1669 4688 1843 4805 speslant
1872 4689 2112 4796 Orationes,

498 4830 595 4921 quas
627 4812 668 4893 in
702 4810 823 4893 Missa
850 4835 1000 4893 canunt
1035 4869 1047 4893 .
1095 4815 1156 4896 At
1196 4810 1294 4894 olim
1338 4810 1662 4923 Gotho-Hispani
1707 4809 1922 4893 Dominica
1970 4805 2145 4917 quinta·

499 4925 822 5047 Quadragesrmae
854 4926 894 5010 in
927 4926 1089 5036 Missa,
1131 4931 1171 5014 ἃ
1214 4928 1253 5011 in
1289 4930 1436 5018 Officio
1463 4957 1782 5013 commemorare
1813 4928 1989 5011 solebant
2023 4922 2117 5008 insi--

499 5075 576 5161 gne
615 5044 712 5131 illud
743 5044 1022 5152 miraculum,
1063 5075 1145 5157 quo
1180 5047 1357 5131 Christus
1398 5047 1705 5157 quatriduanum
1739 5056 1936 5134 Lazarum
1968 5041 2018 5126 ad
2045 5039 2116 5127 ui·-

304 5216 309 5226 ·
417 5175 474 5283 36
505 5190 590 5252 tam
622 5166 859 5269 revocavit,
889 5167 951 5250 uti
981 5191 1032 5250 ex
1063 5165 1289 5259 Orationali
1313 5168 1490 5254 Gothico
1522 5191 1717 5283 apparet.
1748 5161 2115 5273 ConsequiturDo·

499 5286 648 5373 minica
678 5275 923 5391 mediante,
951 5307 1093 5396 quarta
1121 5282 1445 5403 Quadragesrmae
1475 5349 1490 5394 ,
1521 5288 1632 5397 cujus
1664 5285 1787 5372 Missa
1832 5284 1962 5368 locum
1995 5279 2123 5365 suum.

391 5408 393 5413 ’
496 5406 711 5517 antiquum
743 5401 909 5486 retinuit
937 5463 950 5487 .
982 5406 1250 5516 Evangelium
1283 5432 1335 5488 ex
1363 5407 1556 5523 Johannis
1585 5427 1797 5521 cap.v11.,
1827 5405 1867 5488 8<
1897 5398 2123 5488 Orationes.

499 5526 589 5612 sunt
627 5521 678 5606 de
717 5519 896 5607 sermone
927 5521 1071 5607 christi
1116 5522 1160 5606 iu
1189 5523 1369 5638 Templo
1396 5519 1466 5609 die
1488 5518 1597 5637 fello
1635 5519 1866 5610 mediante.
1897 5517 2116 5604 Dominica

499 5644 641 5756 quinta
672 5640 994 5759 Quadragesrmae
1024 5639 1191 5728 Missam
1223 5642 1347 5726 habet
1386 5669 1411 5728 a
1443 5642 1668 5727 Mozarabis
1700 5638 1980 5728 recentioribus
2020 5663 2116 5721 con·

502 5761 765 5872 sarcinatam,
796 5759 1062 5875 Evangelium
1091 5762 1241 5876 legitur
1269 5789 1321 5846 ex
1350 5761 1796 5881 S.Johanniscap.1o.,
1827 5762 1867 5845 in
1898 5785 1980 5868 quo
1997 5753 2116 5850 Chri&

497 5879 611 5994 llus,
640 5906 760 6000 agens
787 5878 839 5968 de
869 5879 1079 6001 legittimis
1116 5879 1177 5966 sui
1214 5880 1344 5997 gregis
1381 5880 1630 6000 pastoribus,
1660 5883 1700 5972 se
1728 5875 1938 6002 Pastorem
1965 5867 2115 5965 bonnm

2001 6019 2116 6119 aper·
