4450 7209
281 749 357 829 :134
653 704 1601 819 *furtatum-en<

267 868 287 876 ·⁴
329 821 476 926 Requirc
502 834 594 898 retro
622 819 659 896 in
675 818 846 893 Dominicu
874 829 996 912 quartu
1020 821 1091 889 XL.
1140 829 1255 987 wilm
1273 809 1390 907 sperat
1404 808 1442 884 in·
1451 803 1611 887 Domino
1635 800 1856 886 ditabitur:
1980 828 2017 908 η

329 937 452 1003 crvx.
1046 928 1054 942 ⁴
1180 961 1189 981 ·
1238 933 1339 986 men.
1405 983 1409 991 .
1590 946 1592 949 ·

273 929 327 1059 fo·
426 1025 490 1098 Ad
503 1020 695 1098 mationem
710 1012 941 1086 Dominicarm
1139 923 1302 1085 82lessio
1316 1003 1401 1083 libri
1414 1007 1579 1083 samuelis
1604 1001 1684 1097 ideis
1696 1016 1827 1108 Regm
1843 1053 1857 1080 .

284 1151 286 1156 ·
391 1121 516 1198 Omine
538 1115 613 1204 lesu
629 1111 787 1190 Christer
804 1117 901 1198 cuius
934 1112 968 1185 in
996 1110 1087 1184 farne
1140 1123 1190 1204 ¹3²·
1203 1111 1285 1184 Deo
1301 1106 1458 1218 gratias.
1777 1115 1807 1178 Ι.
1825 1113 1976 1186 ειη..

426 1210 1090 1298 ascimurverborcujusinsitirecrea·
1201 1210 1235 1281 N
1263 1205 1332 1281 illrs
1357 1210 1509 1283 diebus:
1537 1205 1627 1280 dixit
1640 1204 1760 1284 David
1787 1208 1833 1280 ad
1844 1211 1980 1297 lona·.;

242 1371 244 1375 v
278 1343 358 1396 mur
384 1246 536 1414 alloquio
564 1335 626 1390 tuo
653 1343 663 1385 s
688 1315 723 1385 &
738 1310 906 1400 jejunium
936 1309 1088 1385 nostrum
1213 1307 1332 1384 tham·
1361 1311 1427 1385 Fac
1453 1305 1719 1381 misericordiam
1748 1305 1783 1377 in
1808 1303 1949 1381 servum
1972 1310 2009 1382 da

278 1416 450 1492 sanctifica
462 1437 521 1490 tue
534 1413 647 1514 gratie
660 1410 897 1488 incremento:
911 1413 947 1485 δι
963 1431 1088 1485 vocem
1137 1407 1326 1503 tuumsquia
1339 1407 1436 1482 sedus
1452 1406 1595 1482 Domini
1612 1428 1666 1478 me
1679 1399 1842 1480 famulum
1855 1423 1951 1481 tuum

277 1516 424 1591 nostram
451 1514 608 1590 exaudie
624 1508 754 1586 summo
769 1508 849 1586 celo
865 1539 874 1584 a
890 1535 956 1608 qua
982 1527 1019 1581 te
1031 1513 1089 1596 ju·
1138 1505 1224 1581 inire
1239 1506 1372 1584 fecisti.
1395 1509 1431 1582 Si
1444 1528 1562 1582 autem
1574 1504 1611 1579 in
1623 1529 1678 1579 me
1691 1505 1740 1576 eli
1752 1498 1865 1596 aliqua
1884 1502 1951 1574 ini·

278 1615 386 1688 b'ente
401 1614 545 1690 dicimus
561 1607 723 1685 eterris.
750 1611 858 1683 Pater
874 1609 1012 1701 noster,
1135 1607 1271 1703 quitasa
1285 1622 1389 1682 turne
1403 1606 1626 1683 interficet&
1640 1605 1683 1678 ad
1699 1623 1836 1698 patrem
1851 1621 1949 1677 tuum

200 1744 247 1806 10
327 1715 429 1786 Dicat
443 1708 565 1784 ansb.
579 1704 763 1785 Humiliate
777 1732 843 1784 vos
868 1701 1087 1783 ueneritne·
1136 1707 1396 1783 neiutroducas
1417 1729 1503 1779 me.
1525 1704 1572 1777 Et
1586 1700 1847 1785 aiclonathas.
1876 1700 1951 1770 Ab·

277 1811 339 1886 ui.
359 1809 531 1888 Dominus
556 1810 599 1884 fit
615 1805 749 1904 semper
760 1808 938 1887 vobiscum
952 1851 964 1877 ·
980 1818 1030 1895 132.
1042 1803 1087 1875 Et
1135 1804 1179 1881 fit
1193 1806 1261 1882 hoc
1274 1833 1293 1882 a
1306 1829 1384 1881 me.
1407 1807 1532 1899 Neque
1548 1802 1639 1875 enim
1653 1799 1731 1875 fieri
1748 1797 1864 1893 potest
1882 1824 1893 1865 a
1913 1815 1949 1870 ut
1972 1803 2008 1897 65

275 1931 354 1988 cum
369 1947 384 1981 ··
1134 1906 1276 1984 ueerto
1299 1927 1504 2005 cognovero
1517 1897 1729 1997 completam
1756 1896 1866 1991 patris
1883 1895 1952 1969 mei

581 2003 791 2080 menedinna
1133 2006 1203 2080 else
1231 1999 1399 2079 maliciam
1410 2022 1538 2079 contra
1564 2019 1716 2073 cernon
1745 1997 1952 2072 adducerem

389 2104 605 2203 Mnipoteuti
633 2102 790 2181 Domino
818 2097 994 2191 sociemini
1021 2123 1085 2198 per
1134 2103 1225 2177 tibi·
1259 2101 1524 2200 Responditque
1541 2097 1659 2173 David
1686 2098 1730 2171 ad
1754 2093 1951 2177 jonathan.

196 2231 243 2316 ³5
399 2205 521 2295 ieiunii
536 2201 784 2301 puritatems&
799 2200 1004 2301 copulemini
1021 2224 1085 2298 per
1133 2202 1223 2294 Qis
1236 2200 1457 2277 annunciabit
1476 2197 1559 2275 mihi
1585 2198 1613 2272 fi
1639 2199 1722 2292 quid
1752 2194 1851 2268 sorte
1880 2189 1952 2264 res·

274 2301 403 2378 mentis
416 2302 657 2380 afflictionem.
672 2314 721 2398 βε.
734 2305 875 2378 Amen.
901 2302 984 2378 Eum
999 2323 1086 2396 quo·
1133 2299 1301 2399 ponderit
1314 2299 1379 2376 tibi
1407 2315 1511 2395 pater
1527 2316 1607 2372 tuus
1619 2297 1706 2368 dure
1733 2296 1779 2365 de
1794 2294 1883 2364 me?
1909 2291 1951 2365 Et
1972 2321 2010 2397 70

270 2421 341 2497 que
356 2401 511 2478 habeatis
526 2401 561 2477 iu
586 2424 725 2478 munere
740 2431 750 2474 a
764 2426 868 2499 quem
883 2398 1085 2477 consortem
1133 2402 1183 2476 ait
1193 2399 1361 2479 Jonathas
1374 2402 1418 2475 ad
1432 2395 1573 2472 David.
1589 2395 1679 2468 Veni
1696 2421 1707 2465 a
1722 2391 1949 2492 egrediamur

271 2499 442 2576 videmini
456 2500 585 2577 habere
598 2500 634 2574 in
649 2495 767 2578 labore
784 2548 796 2573 .
812 2513 864 2598 ξι.
878 2501 1019 2575 Amen.
1036 2500 1085 2573 Ut
1131 2498 1169 2576 in
1196 2519 1361 2598 agrum.
1399 2499 1564 2592 Cumque
1595 2494 1740 2568 exissent
1778 2493 1885 2564 ambo
1916 2489 1952 2560 in

273 2597 380 2676 abeo
407 2616 649 2675 remuneretur
670 2599 841 2688 ieiunium
869 2599 1083 2673 vestrumea
1133 2617 1276 2698 agrums
1294 2594 1344 2672 ait
1368 2594 1537 2680 Ionathar
1562 2595 1606 2668 ad
1621 2592 1766 2666 David.
1793 2587 1950 2665 Domine

193 2721 244 2787 ιο
272 2697 392 2793 quoin
406 2698 510 2776 vobis
527 2692 704 2776 conlatum
720 2700 767 2772 est
781 2697 864 2772 fidei
888 2696 1083 2770 incremen·
1131 2693 1376 2772 DeusIsraels
1404 2697 1429 2769 fi
1458 2691 1719 2791 investigavero
1746 2687 1953 2762 sententiam
1994 2746 1998 2754 .

196 2885 199 2890 ¹
271 2811 346 2872 tum
361 2841 374 2866 .
389 2807 440 2892 lja·
451 2799 564 2874 Amen
579 2843 590 2866 ·
604 2799 673 2872 Per
685 2795 954 2872 misericordiam
979 2791 1083 2887 ipsius
1135 2796 1242 2889 patris
1256 2792 1324 2867 mel
1337 2793 1486 2870 crastino
1498 2789 1555 2865 vel
1571 2790 1736 2886 perendie
1747 2791 1803 2860 s&
1818 2786 1949 2883 aliquid
1970 2811 2007 2894 ῃ

270 2893 344 2990 Dei
359 2895 465 2971 nostri
478 2897 547 2968 &o
560 2892 738 2969 Dominus
756 2894 801 2970 fit
814 2894 950 2991 semper
964 2888 1086 2969 vobis·
1133 2893 1216 2967 boni
1243 2889 1351 2967 fuerit
1378 2890 1480 2988 super
1505 2890 1647 2964 Davids
1674 2891 1712 2963 dt
1737 2911 1808 2964 non
1841 2885 1952 2960 statim

268 2993 606 3086 tum·13tEtcum·
733 3038 735 3042 -
1133 2992 1264 3068 misero
1292 2989 1336 3062 ad
1367 2992 1592 3064 te&notum
1622 2987 1687 3062 tibi
1718 2985 1948 3062 seceroalrec

320 3091 385 3165 Ad
410 3091 628 3164 accedendum
654 3091 668 3162 '-
693 3086 767 3183 Qri
796 3091 895 3169 venit
924 3085 967 3163 ad
995 3091 1086 3162 mej
1134 3091 1237 3166 saciat
1253 3083 1426 3162 Dominus
1453 3088 1487 3159 in
1509 3088 1718 3165 sonathama
1743 3088 1779 3159 dr
1795 3087 1862 3157 hec
1891 3107 1953 3156 au·

190 3221 238 3300 ³5
272 3210 344 3263 uon
372 3186 526 3261 esuriet.
551 3196 666 3291 Qerc
695 3191 732 3263 in
759 3195 789 3260 Ι.
812 3187 986 3265 Dominico
1013 3192 1084 3260 XL·
1134 3206 1240 3289 gear·
1258 3187 1294 3261 Si
1309 3205 1430 3262 autem
1444 3183 1727 3282 perseveraverit
1745 3183 1852 3279 partis
1882 3179 1949 3257 mci

264 3287 479 3380 summisi.
494 3289 581 3358 Com.
598 3283 814 3382 Repletum.
1132 3286 1272 3363 malicia
1309 3284 1493 3359 adversum
1519 3304 1556 3357 te
1584 3311 1594 3355 r
1626 3278 1794 3358 revelabo
1828 3304 1946 3355 aurem
1969 3285 2006 3366 80

321 3378 897 3490 orati00RepleDomine.Qtre
911 3380 1084 3480 utfitpra·
1112 3404 1228 3460 tuam
1245 3389 1281 3457 δι
1303 3380 1478 3459 dimittam
1505 3401 1566 3455 tes
1583 3399 1622 3455 ut
1652 3381 1758 3456 vadas
1775 3381 1811 3453 in
1838 3403 1951 3476 pace.

441 3527 639 3609 unu
680 3532 912 3607 sm
1130 3481 1554 3660 {tressera
1568 3503 1579 3646 :
1593 3480 1954 3653 elsinas:

189 3711 239 3793 30
321 3672 432 3749 'remu
448 3672 533 3749 libri
541 3671 805 3772 proverbiorum
822 3676 1032 3752 Salomonis.
1123 3671 1289 3757 cordiam
1304 3677 1474 3754 Domini.
1504 3678 1541 3754 Si
1555 3696 1636 3750 ante
1649 3698 1807 3756 mortuus
1822 3677 1949 3751 suetos
1987 3710 1991 3717 ·

271 3787 326 3861 ει.
336 3774 419 3849 Deo
432 3774 588 3872 gratias.
841 3826 848 3839 .
964 3781 1085 3852 XXVI.
1133 3804 1206 3854 nou
1230 3779 1365 3854 auferas
1381 3774 1650 3852 misericordiam
1676 3795 1771 3852 tuam
1799 3803 1819 3852 a
1843 3776 1950 3850 domo
1972 3782 2009 3876 85

361 3869 523 3947 llirlicut
536 3867 663 3945 noxius
676 3869 725 3945 est
751 3869 811 3968 qui
824 3870 934 3950 mittit
949 3869 1084 3952 lanceas
1134 3904 1209 3957 mea
1232 3877 1335 3973 usque
1366 3877 1402 3948 in
1430 3874 1703 3971 sempiternums
1734 3878 1809 3948 Aut
1838 3875 1863 3947 si
1878 3897 1950 3949 non

304 3997 306 4001 ⁴
370 3994 410 4046 ac
437 3970 577 4071 sagittas
601 3969 637 4043 in
664 3989 843 4046 mortems
868 3973 915 4045 tic
940 3971 999 4047 vir
1022 3973 1082 4071 qui
1134 3978 1295 4054 fecero'a
1322 3976 1502 4063 quomodo
1527 3973 1761 4048 eradicaverit
1777 3973 1950 4050 Dominus

270 4067 510 4147 fraudulenter
545 4086 648 4142 nocet
675 4069 787 4147 amico
817 4068 903 4146 suo·
936 4069 1082 4149 Etcum
1113 4073 1293 4152 inimicos
1308 4073 1427 4151 David
1461 4096 1737 4169 unumquenque
1763 4075 1808 4145 de
1827 4091 1951 4147 terras

187 4205 233 4283 35
271 4168 379 4245 fucrit
409 4163 667 4263 deprehensus:
690 4166 808 4240 dicets
837 4166 957 4242 ludens
986 4170 1080 4243 feci.
1132 4177 1264 4251 auferat
1273 4173 1462 4252 Jonatham
1479 4174 1523 4244 de
1547 4177 1656 4246 domo
1683 4175 1740 4247 sua
1756 4198 1767 4240 r
1782 4173 1818 4244 δι
1835 4173 1952 4268 requi·

271 4268 364 4340 Cum
377 4266 568 4339 defecerint
583 4262 677 4362 ligna
695 4265 939 4366 :extinguitur
962 4266 1052 4368 ignis
1067 4294 1079 4340 a
1130 4293 1187 4349 rat
1204 4273 1378 4347 Dominus
1390 4275 1435 4345 de
1449 4295 1551 4345 manu
1569 4272 1785 4347 inimicorum
1802 4272 1918 4344 David
1938 4317 1949 4340 ·
1968 4294 2010 4368 90

271 4371 309 4442 ἃ
339 4364 521 4477 susurrone
548 4360 729 4439 subtrasio
752 4369 869 4462 iurgia
898 4366 1081 4462 conquies-
1129 4370 1274 4468 Pepigit
1290 4394 1381 4470 ergo
1404 4373 1504 4444 sedus
1514 4372 1681 4449 jonathas
1709 4393 1789 4445 cum
1804 4370 1948 4446 Davids

271 4481 381 4539 cunt·
407 4465 504 4537 snut
527 4460 701 4574 carbones.
718 4463 762 4536 ad
791 4487 915 4558 prunas
932 4464 1079 4566 &ligna
1129 4471 1165 4542 dr
1200 4467 1334 4546 addidit
1357 4473 1525 4548 Jonathas
1570 4473 1728 4559 dejerare
1755 4469 1873 4543 David
1900 4496 1950 4546 eo

275 4565 319 4638 ad
333 4566 451 4661 ignem
464 4586 475 4629 a
488 4560 533 4633 src
555 4561 664 4637 homo
690 4564 872 4638 iracundus
903 4585 1078 4657 provocat
1127 4570 1224 4664 q'uod
1241 4566 1301 4643 dili
1331 4588 1408 4642 eret
1428 4567 1525 4645 illum
1543 4572 1651 4644 alicua
1670 4573 1814 4644 animam
1830 4568 1944 4645 suama

185 4697 236 4776 40
271 4663 387 4737 rixas.
413 4658 529 4734 Verba
553 4656 742 4775 susurronis
767 4663 858 4758 quast
884 4662 1079 4759 fimpliciaa
1126 4668 1177 4742 ita
1203 4596 1372 4766 diligeffiat
1398 4663 1518 4746 illum.
1554 4669 1725 4764 Dixitque
1746 4669 1945 4751 jonathas.

263 4762 393 4873 &ipsa
422 4776 631 4857 perveniunt
660 4759 766 4856 usque
794 4762 836 4834 ad
852 4762 1078 4839 intimaver-
1127 4768 1217 4842 Cras
1233 4767 1390 4841 Kalende
1404 4767 1483 4841 sunt
1510 4795 1520 4838 a
1548 4774 1584 4844 δι
1602 4769 1787 4863 requireris
1806 4795 1816 4835 s
1832 4770 1947 4863 requi·
1965 4786 2003 4865 95

270 4879 362 4937 tras.
388 4858 581 4953 Quomodo
609 4860 804 4955 siargento
820 4860 963 4946 sordido
975 4886 1081 4940 orna·
1128 4886 1229 4941 retur
1264 4868 1356 4945 enim
1383 4865 1496 4940 sessro'
1514 4883 1575 4942 tua
1619 4869 1722 4961 usque
1750 4869 1944 4961 perendie.

268 4981 309 5034 rc
325 4955 415 5031 velis
430 4982 491 5030 vas
508 4952 641 5029 fictilez
656 4960 701 5031 fic
716 4955 802 5033 labia
820 4962 987 5037 tumentia
1001 4988 1079 5040 cum
1128 4963 1352 5041 Descendens
1365 4990 1456 5063 ergo
1471 4966 1607 5042 festinus
1620 4971 1657 5042 δι
1672 4968 1819 5039 veniens
1836 4965 1872 5038 in
1890 4963 1945 5040 lo·

173 5077 180 5089 ·
269 5057 538 5173 peffimofqrde
564 5055 716 5170 sociata·
738 5059 853 5131 'labiis
866 5060 932 5134 suis
947 5061 1078 5138 intelli·
1129 5066 1281 5139 cumubi
1309 5063 1470 5143 celandus
1498 5091 1559 5138 esa
1577 5069 1680 5141 indie
1706 5088 1780 5159 quo
1791 5063 1943 5162 *operari

182 5188 232 5269 45
270 5166 368 5255 gitur
380 5157 536 5231 immicus
553 5179 564 5228 a
586 5178 664 5227 tum
680 5179 714 5227 rn
738 5158 844 5229 corde
874 5163 1080 5240 tractaverit
1130 5164 1213 5239 iacet
1226 5192 1236 5233 a
1249 5166 1284 5237 ἃ
1299 5164 1432 5240 sedebis
1448 5171 1550 5252 iuxta·
1564 5164 1713 5262 lapidem
1738 5165 1801 5237 'cui
1815 5186 1943 5237 nomeu

269 5252 390 5332 dolum
407 5303 421 5370 ⁶.
447 5255 598 5368 Qando
612 5251 804 5367 submiserit
820 5279 945 5331 vocem
964 5262 1079 5338 suamc
1130 5265 1178 5336 est
1192 5261 1272 5351 Ezel
1288 5292 1298 5333 a
1314 5269 1351 5340 dr
1368 5289 1440 5364 ego
1454 5286 1526 5338 tres
1542 5266 1682 5364 sagittas
1695 5260 1830 5338 mittam
1845 5267 1941 5349 juxta
1968 5271 2017 5332 10⁰

268 5378 315 5429 ne
329 5353 516 5434 credrdens
531 5378 563 5426 er
578 5379 589 5422 s
604 5375 762 5447 quomam
776 5351 907 5449 septem
920 5362 1079 5455 nequicie
1130 5385 1232 5437 tuma
1250 5365 1420 5450 &jaciam
1451 5365 1542 5460 quasr
1571 5371 1746 5440 exercens'·
1764 5364 1807 5438 ad
1821 5367 1886 5436 me'
1900 5361 1942 5433 fi·

194 5566 196 5568 q
267 5456 348 5530 sunt
376 5456 410 5529 in
437 5453 545 5530 corde
574 5450 785 5565 illiuerui
813 5454 933 5567 operit
954 5458 1080 5534 odrum
1130 5486 1259 5558 gnum·
1286 5463 1705 5561 Mittamque&puerum
1734 5461 1855 5538 dicens
1879 5460 1939 5533 ei.

142 5563 151 5581 ‘
178 5572 184 5584 ·
267 5552 534 5628 fraudulenter's
551 5551 766 5629 revelabitur
788 5551 920 5632 mallcla
943 5559 1017 5641 eius
1043 5557 1079 5630 in
1129 5560 1227 5635 Vade
1240 5563 1326 5635 affer
1340 5562 1426 5637 mihi
1457 5563 1625 5661 sagittas}
1653 5568 1688 5639 Si
1707 5563 1833 5638 dixero
1858 5584 1941 5658 pue·

184 5686 234 5764 50
267 5649 448 5730 concilio·
478 5649 555 5768 ,oui
584 5654 676 5730 sodit
701 5652 864 5767 lorcam:
896 5652 1017 5730 incidit
1040 5657 1077 5731 ln
1128 5683 1172 5734 ro
1197 5691 1206 5732 s
1230 5685 1309 5737 ecce
1325 5662 1453 5763 sagitte
1479 5665 1569 5735 intra
1595 5664 1729 5737 tesunt
1753 5659 1938 5733 tollerare

192 5787 194 5793 ·
266 5777 341 5830 eam
355 5778 365 5821 a
379 5754 415 5826 ἃ
430 5775 488 5848 qur
504 5752 659 5830 revolvit
688 5750 836 5850 lapidem
853 5773 1078 5830 trevertetur
1126 5775 1166 5832 tu
1182 5760 1264 5833 veni
1293 5764 1404 5844 adme
1431 5784 1450 5831 τ’
1468 5761 1547 5858 quia
1562 5787 1631 5860 par
1644 5763 1707 5836 tibi
1723 5760 1770 5830 est
1795 5763 1831 5831 δι
1853 5753 1936 5831 nihil
1968 5760 2016 5838 105

264 5855 309 5927 ad
322 5876 429 5928 eum·
454 5850 588 5950 Lingua
613 5850 717 5928 fallax
731 5878 798 5926 non
827 5873 916 5928 amat
943 5854 1076 5930 verita·
1123 5857 1205 5933 mali
1234 5888 1245 5931 a
1273 5860 1371 5938 vivit
1389 5862 1584 5938 Dominus.
1616 5863 1651 5935 Si
1681 5877 1796 5935 autem
1823 5860 1870 5935 fic
1886 5854 1940 5931 lo·

171 5966 225 6035 ca.
263 5947 659 6027 temelicoulubricum
672 5977 839 6050 operatur
853 5955 1073 6049 ruinas·Qi
1122 5980 1219 6032 cutus
1246 5959 1351 6037 fuero
1372 5986 1480 6058 puero
1508 5991 1517 6030 ε
1545 5984 1627 6035 ecce
1655 5962 1782 6058 sagitte
1809 5957 1942 6031 ultra..s¹

135 6048 299 6124 xxrrrrse
325 6050 433 6142 jaslat
456 6051 493 6125 ἃ
509 6047 636 6152 dilatat
651 6080 661 6156 s
677 6052 793 6153 iurgia
815 6054 971 6133 concitat
986 6081 997 6128 a
1013 6053 1073 6159 qui
1119 6075 1160 6134 tc
1184 6058 1286 6160 sunta
1314 6067 1405 6142 vade
1427 6063 1508 6165 quia
1539 6060 1666 6139 dimist
1694 6056 1946 6228 teDominuB·

1935 6173 1956 6227 r
