4450 7209
369 725 619 876 lriiururane‘r
635 694 926 872 ηοῐῐῑὲτῖῗεξῖτέε
940 689 1894 894 ffipgqolpljnmpstptltpaqpaqopqqqqqe.turbinibus
1910 788 2040 890 exagi-

277 935 283 942 ·
372 899 539 974 minis&
563 896 694 972 servire
710 897 866 971 Domino
892 896 928 971 in
958 896 1053 971 omni
1070 896 1177 971 corde
1224 893 1444 986 ratesquibus
1458 885 1573 986 caligo
1588 888 1806 964 tenebrarum
1822 890 2038 966 reservatur.
2072 912 2110 990 55
2181 903 2182 938 ³

373 992 691 1073 veslroa.&·nolite
705 993 876 1067 declinare
893 995 966 1090 poll
983 1015 1181 1087 vanasque
1226 991 1393 1086 Superbia
1411 1005 1525 1062 antem
1556 987 1718 1062 vanitatis
1740 985 1928 1084 loquentes
1953 988 2034 1064 inli-

374 1120 444 1168 non
457 1095 649 1193 proderunt
663 1090 890 1186 vobiszneque
901 1111 1024 1164 eruent
1038 1115 1101 1167 vos
1113 1114 1182 1185 que
1223 1093 1322 1164 ciunt
1339 1089 1375 1161 in
1400 1085 1577 1159 renueris
1607 1085 1717 1159 carnis
1745 1085 1881 1161 luxurie
1904 1089 2040 1183 eosqui

325 1211 347 1286 5
374 1219 463 1270 vana
490 1192 569 1266 sunt
585 1218 595 1260 s
610 1191 647 1264 dl
670 1212 742 1266 non
769 1190 985 1284 derelinquet
1012 1190 1181 1278 Dominus
1224 1185 1397 1285 paululum
1410 1185 1612 1283 effugerunt
1631 1210 1648 1252 s
1674 1183 1731 1278 qui
1750 1185 1784 1257 in
1798 1209 1921 1261 errore
1944 1209 2034 1260 con-

376 1288 545 1390 populum
561 1288 655 1363 suum
669 1309 816 1387 propter
846 1311 975 1362 nomen
990 1287 1086 1362 snum
1110 1309 1182 1362 ma·
1226 1285 1402 1360 versantur
1417 1330 1427 1352 ·
1442 1283 1649 1359 Libertatem
1664 1279 1737 1355 aliis
1751 1286 2004 1380 promittentes
2027 1317 2038 1358 ι
2067 1293 2113 1366 60

379 1411 509 1488 gnnms
533 1386 612 1480 qnia
635 1389 764 1471 iuravit
782 1389 952 1460 Dominus
977 1384 1091 1462 facere
1114 1409 1182 1460 vos
1223 1407 1303 1458 cum
1315 1383 1378 1481 ipsi
1394 1382 1461 1456 sint
1485 1380 1577 1456 servi
1606 1381 1764 1476 peccari.
1790 1389 1824 1458 A
1839 1405 1913 1479 quo
1938 1384 2033 1458 enim

374 1486 436 1561 sibi
453 1483 621 1600 populum
638 1534 650 1554 .
673 1486 770 1559 Abfit
791 1508 937 1562 autema
953 1507 1006 1558 me
1024 1487 1091 1558 boc
1104 1505 1185 1579 pec·
1223 1484 1300 1578 quis
1317 1484 1493 1578 superatus
1507 1479 1579 1551 ests
1596 1480 1698 1564 huius
1710 1483 1746 1554 dt
1762 1481 1883 1556 servus
1898 1485 1972 1558 est·
1996 1486 2034 1561 Si

226 1578 231 1586 ’
375 1603 490 1658 catum
507 1609 541 1656 tn
558 1582 747 1657 Domino:
778 1603 815 1657 ut
839 1586 959 1656 cessem
985 1607 1087 1658 orare
1115 1605 1184 1678 pro
1222 1582 1316 1658 enim
1348 1579 1562 1678 refugientes
1585 1579 1885 1670 coinquinationes
1914 1583 2033 1658 mundi

306 1701 353 1757 xo
376 1675 790 1756 vobisasrdoeebo'vos
818 1681 910 1754 viam
926 1682 1050 1755 bonam
1074 1682 1110 1753 dc
1127 1701 1184 1752 re·
1227 1683 1261 1754 in
1277 1681 1485 1779 agnitionem
1502 1676 1641 1752 Domini
1663 1679 1768 1754 nostri
1793 1677 2035 1755 &Salvatoris

376 1784 488 1855 siam.
510 1780 624 1878 lgitur
639 1779 760 1852 timete
776 1781 987 1853 Dominumt
1004 1782 1039 1852 δι
1056 1776 1183 1856 servite
1222 1780 1300 1862 Jesu
1313 1777 1440 1886 §brissi
1460 1804 1471 1844 a
1500 1774 1665 1850 &rursus
1690 1775 1848 1876 impliciti
1876 1778 2036 1875 superan·
2067 1785 2110 1880 65

375 1879 409 1952 ei
424 1879 458 1951 iu
473 1879 623 1954 veritate
636 1907 647 1948 r
662 1881 697 1952 bt
714 1901 759 1951 ex
776 1896 856 1952 toto
871 1879 978 1951 corde
994 1878 1133 1954 veslro·
1226 1900 1284 1954 tur
1307 1903 1317 1946 ε
1349 1876 1439 1950 saria
1464 1873 1539 1946 sunt
1564 1873 1614 1946 eir
1644 1877 1830 1970 posteriora
1856 1877 2035 1955 deteriora

375 1978 580 2072 mammen.
1226 1969 1565 2074 prioribus.Melius
1582 1971 1674 2049 enim
1688 1995 1764 2048 erat
1779 1973 1845 2048 illis
1871 1999 1941 2050 non
1972 1999 2037 2054 co·

426 2072 659 2148 nicarrrrsu.
684 2075 853 2152 Dominus
878 2073 922 2148 iit
949 2073 1086 2175 semper
1117 2097 1184 2153 vo·
1227 2073 1396 2174 gnoscere
1407 2071 1499 2145 viam
1522 2070 1652 2155 iusticie
1674 2099 1684 2144 e
1709 2097 1811 2168 quam
1826 2075 1903 2170 poli
1932 2075 2035 2172 agni-

304 2188 348 2265 ις
375 2168 528 2250 hiscum.
552 2173 772 2268 isalitcum.
1226 2175 1361 2250 tionem
1385 2165 1572 2246 retrorsum
1596 2170 1791 2244 convertis
1810 2173 1941 2247 tradito
1967 2170 2029 2252 fibi

707 2269 868 2344 nauus.
1227 2271 1346 2350 fando
1370 2269 1556 2344 mandato.
1577 2267 1742 2367 Contigit
1765 2270 1854 2346 enim
1880 2267 1948 2344 illis
1977 2294 2033 2349 res
2063 2303 2108 2378 7⁰

488 2367 1119 2467 ldeDomine&consrderaquoniam
1136 2371 1185 2446 su·
1227 2370 1304 2450 veri
1323 2365 1527 2466 proverbiis
1553 2365 1645 2438 canis
1676 2367 1835 2442 reversus
1862 2372 1905 2442 ad
1933 2369 2026 2448 suum

498 2470 571 2543 ctus
600 2469 672 2541 suut
698 2463 775 2542 vilis
801 2493 812 2536 t
853 2467 933 2541 vide
963 2467 1184 2544 afflisiionem
1226 2471 1422 2545 vomitumt
1451 2461 1555 2542 &sus
1571 2461 1644 2540 lota
1671 2467 1705 2538 in
1724 2463 1913 2541 volutabro
1927 2469 2029 2544 ceni.

377 2590 487 2642 meam
499 2569 577 2662 quia
593 2563 726 2642 etesius
740 2565 788 2637 esl
801 2563 1185 2663 inimicusqinlperue·
1225 2571 1325 2646 Hanc
1346 2589 1424 2641 ecce
1441 2563 1545 2641 vobis
1557 2561 1741 2639 charisimi
1757 2565 1935 2642 secundam
1950 2567 2032 2646 seri·
2063 2586 2148 2656 qm,

303 2678 354 2736 ιο
378 2684 458 2739 runt
472 2665 575 2763 snper
600 2689 654 2740 me
671 2662 795 2738 inimici
823 2688 885 2738 ora
901 2663 958 2740 sua
972 2692 982 2737 t
998 2668 1035 2739 dr
1054 2688 1184 2760 expro-
1226 2667 1273 2740 bo
1286 2662 1458 2761 epistolam
1473 2692 1483 2732 r
1498 2664 1531 2735 in
1548 2660 1671 2754 quibus
1686 2663 1806 2738 excito
1822 2665 1967 2742 velitum
1996 2668 2030 2740 in

378 2764 517 2838 brantes
528 2761 761 2861 percusserunt
775 2758 945 2836 maxillam
963 2764 1184 2838 meamafibi·
1224 2763 1497 2840 commonitione
1510 2760 1672 2836 sinceram
1688 2778 1837 2839 mentem
1863 2787 1875 2831 s
1906 2783 1945 2838 ut
1957 2787 2033 2838 me·
2064 2800 2106 2876 75

375 2858 537 2936 laverunt
552 2865 589 2934 δι
606 2863 819 2937 fremuerunt
832 2885 843 2929 r
858 2859 1020 2937 dixerunt
1033 2865 1185 2936 devore-
1226 2886 1344 2937 mores
1368 2863 1439 2934 sitis
1454 2881 1575 2934 eorum
1596 2880 1664 2950 que
1686 2860 1822 2956 predixi
1847 2862 2034 2942 verborum

373 2957 821 3053 museum-ilrlpseautem
835 2969 1184 3056 gemens&conver·
1224 2959 1417 3036 sannorum
1446 2957 1699 3050 Prophetarum
1727 2959 2032 3058 &Apostolorum

374 3057 429 3130 sus
443 3056 657 3134 retrorsum·
1225 3062 1416 3136 vestrorum
1444 3072 1685 3150 preceptorum
1698 3056 1840 3136 Domini
1861 3062 1898 3135 dt
1912 3060 2036 3138 Salva·

300 3173 324 3228 s
330 3174 350 3250 5
424 3154 658 3230 oicarvresb.
671 3152 853 3231 Silentium
868 3157 1000 3234 facite.
1227 3159 1314 3236 toris
1332 3155 1458 3231 noilri.
1489 3169 1537 3243 13r·
1553 3156 1664 3226 Amen
1682 3203 1693 3228 .

304 3302 309 3313 ·
382 3306 388 3313 -
469 3259 647 3352 Sequentia
659 3251 789 3352 epistole
807 3259 910 3331 Petri
923 3252 1077 3356 Apostoli
1088 3304 1100 3329 .
1279 3257 1387 3332 aenio
1404 3253 1514 3348 vsarrsli
1532 3253 1709 3355 Evangelii
1724 3257 1906 3349 licendum
1922 3264 2035 3353 youn-
2063 3276 2104 3352 80

377 3365 431 3444 132.
446 3354 525 3425 Deo
539 3353 697 3452 gratias·
1020 3366 1066 3428 ll.
1082 3363 1184 3430 cadi.
1227 3381 1329 3433 nem.
1888 3366 2039 3433 ramus.

478 3449 676 3525 Hariisrmi.
704 3451 816 3526 Novit
833 3451 1004 3528 Dominus
1030 3456 1109 3549 pios
1138 3457 1183 3527 de
1290 3458 1354 3535 Llo
1367 3458 1574 3556 intempore
1589 3489 1598 3533 r
1615 3455 1786 3536 Dominus
1810 3459 2034 3536 noslerlesus

488 3547 736 3623 tentationibus
761 3548 918 3644 eripere:
934 3552 1066 3648 iniquos
1094 3577 1183 3629 vero
1233 3607 1236 3616 -
1300 3560 1453 3632 Christus
1477 3557 1682 3654 loquebatur
1701 3559 1910 3655 phariseis&
1926 3557 2035 3634 turbis

149 3645 154 3662 '
300 3669 351 3742 go
379 3645 413 3716 in
429 3649 518 3723 diem
534 3644 650 3733 iudicii
667 3644 869 3721 cruciandos
888 3649 1062 3728 reservare
1076 3701 1088 3724 .
1102 3654 1182 3728 Ma·
1228 3659 1370 3730 dicens.
1388 3658 1466 3754 Ego
1481 3656 1549 3730 sum
1564 3658 1623 3732 lue
1640 3659 1779 3730 mundi.
1799 3655 1868 3748 Qi
1883 3655 2036 3750 sequitur

378 3743 432 3842 gis
445 3764 558 3820 autem
574 3769 633 3818 eos
656 3745 726 3838 quix
737 3748 813 3841 post
839 3767 975 3823 carnem
992 3752 1026 3823 in
1052 3775 1182 3828 conco·
1228 3780 1283 3830 me
1298 3779 1367 3830 non
1386 3754 1574 3828 ambulabit
1587 3759 1620 3828 in
1636 3755 1806 3830 tenebrisa
1820 3757 1880 3826 sed
1893 3755 2031 3828 habebit
2067 3771 2109 3864 85

375 3842 578 3940 piscentiam
593 3845 810 3919 immundicie
826 3845 1002 3924 ambulant
1016 3877 1027 3921 r
1041 3855 1183 3926 damna·
1229 3853 1338 3932 lucem
1355 3851 1456 3928 vite.
1483 3851 1656 3929 Dixerunt
1681 3879 1771 3952 ergo
1792 3853 1937 3952 pharisei
1952 3901 1964 3923 .
1981 3856 2033 3926 Tu

375 3940 572 4036 tionemque
604 3961 832 4016 contemnunt
856 3991 868 4014 .
896 3950 1055 4024 Audaces
1069 3955 1084 4018 ἑ
1109 3949 1181 4026 Sibi
1229 3957 1321 4026 dete
1339 3951 1414 4046 ipso
1429 3951 1657 4026 testimonium
1681 3953 1839 4048 perhibes
1854 3979 1864 4019 e
1879 3950 2037 4026 testimo·

377 4038 798 4132 placentes.Maiellatem
816 4066 885 4117 non
901 4065 1076 4120 metuunt·
1089 4046 1182 4125 Blas-
1230 4055 1322 4124 nium
1346 4068 1440 4122 tuum
1457 4053 1589 4126 nonest
1616 4075 1757 4126 verum·
1781 4050 2036 4146 Respondisse·

298 4155 348 4232 35
376 4138 603 4230 phemantes·
637 4138 700 4210 Ubi
716 4140 831 4236 angeli
845 4143 1090 4234 fortitudini&
1106 4146 1182 4218 vir·
1229 4150 1280 4224 sus
1310 4153 1345 4222 δι
1367 4143 1459 4221 dixit
1481 4147 1558 4220 eis·
1588 4150 1632 4221 Et
1657 4151 1683 4222 fi
1711 4171 1783 4244 ego
1804 4150 2032 4226 testimonium

231 4240 234 4246 '
373 4251 450 4306 turc
470 4256 554 4307 cunr
570 4234 800 4320 sintmaiores
824 4267 835 4308 r
858 4265 926 4313 non
952 4262 1094 4338 portant
1120 4245 1180 4316 ad·
1228 4248 1396 4343 perhibeo
1411 4245 1459 4318 de'
1479 4269 1532 4318 me
1552 4247 1792 4341 ipsoeverum
1806 4243 1855 4320 eit
1880 4249 2035 4324 testimo·
2065 4275 2112 4348 ρο

375 4329 511 4403 versum
524 4330 558 4404 se
574 4359 594 4405 a
611 4330 769 4406 Domino
789 4337 980 4412 execrabile
993 4341 1183 4426 judicium.
1228 4348 1321 4434 nium
1337 4369 1478 4418 meums
1495 4345 1572 4440 quia
1600 4345 1671 4418 scio
1687 4344 1776 4418 unde
1790 4345 1871 4419 veni
1902 4349 2036 4440 &quo

375 4427 642 4540 Hiverovelut
668 4431 915 4510 irrationabilia
930 4459 1055 4532 pecora
1079 4459 1183 4514 natu·
1228 4445 1343 4520 vado.
1368 4443 1442 4518 Vos
1468 4461 1584 4516 autern
1613 4443 1749 4519 nescitis
1775 4445 1868 4514 unde
1898 4447 2036 4518 verrios

374 4522 498 4601 taliter
512 4527 547 4599 in
577 4527 774 4622 captionem
806 4534 842 4604 dc
857 4532 893 4604 in
919 4535 1104 4628 perniciem
1119 4565 1128 4604 ε
1146 4539 1182 4614 in
1229 4566 1287 4618 aut
1303 4566 1374 4635 quo
1387 4543 1509 4615 vado·
1537 4546 1611 4619 Vos
1626 4559 1738 4618 autent
1764 4538 1944 4616 secundum
1957 4566 2034 4618 car·

299 4649 351 4726 40
375 4624 430 4698 his
445 4646 513 4718 que
541 4625 707 4722 ignorant
722 4653 732 4695 a
749 4623 1020 4725 blasphemantes
1049 4635 1083 4708 in
1103 4660 1185 4710 cor-
1225 4665 1304 4716 nem
1316 4641 1477 4727 iudicatis
1492 4665 1501 4707 r
1514 4660 1587 4740 ego
1601 4665 1668 4716 non
1677 4640 1793 4725 judico
1806 4663 2031 4734 quemquame

374 4723 542 4835 ruptione
558 4723 614 4796 sua
632 4723 819 4817 peribunt.
843 4731 1183 4828 Percipientesmer·
1225 4741 1299 4813 &si
1312 4738 1431 4824 iudico
1454 4759 1524 4835 ego
1549 4765 1559 4808 r
1588 4737 1751 4826 iudicium
1773 4761 1885 4812 meum
1908 4762 2032 4812 verum
2064 4763 2106 4837 95

374 4821 496 4896 cedern
523 4821 685 4906 injustitie
714 4850 723 4892 r
749 4825 945 4901 estimantes
979 4829 1182 4929 voluptates
1225 4832 1493 4930 eiquuiasolus
1521 4837 1675 4913 sonsum
1707 4865 1717 4906 r
1744 4837 1800 4910 sed
1831 4840 1957 4934 ego&
1973 4837 2032 4932 qui

371 4915 512 5032 diorum
525 4916 667 5034 delicias
682 4967 693 4990 ·
706 4923 790 5008 Qo
802 4925 971 5019 inquinari
985 4931 1022 5001 Β(
1034 4952 1183 5007 comma·
1225 4957 1279 5010 me
1293 4933 1383 5008 misit
1397 4953 1520 5028 pater·
1544 4937 1586 5008 Et
1602 4937 1636 5010 in
1650 4934 1729 5032 lege
1744 4935 1854 5010 vellra
1867 4934 2031 5029 scriptum

374 5011 480 5089 culatr
503 5014 635 5090 dclrcrrs
649 5017 825 5095 affluentes
846 5050 858 5093 s
887 5029 923 5100 bt
951 5025 986 5098 in
1007 5029 1183 5106 conviviis
1224 5033 1273 5105 eli
1288 5060 1299 5103 =
1314 5031 1409 5126 quod
1423 5031 1568 5108 duorum
1595 5033 1771 5108 bominum
1802 5032 2030 5108 tellimonium

292 5129 346 5208 45
375 5109 442 5184 suis
457 5111 669 5212 luxuriantes
681 5116 856 5196 vobiscum
870 5171 882 5192 ·
902 5121 1036 5202 Oculus
1052 5129 1183 5204 haben·
1224 5155 1343 5204 verum
1354 5131 1425 5201 eu.
1451 5129 1528 5226 Ego
1544 5128 1617 5206 sum
1630 5131 1686 5224 qui
1703 5131 1933 5206 tessimonium
1948 5129 2032 5227 p'er·

373 5207 826 5388 bellissimi,
839 5219 1071 5393 listis?
1097 5225 1185 5400 dcli
1222 5228 2029 5418 liishl‘qllmlli‘lllllh‘ltilz
2066 5253 2123 5308 ¹⁰⁰

371 5406 604 5486 exercitatum
633 5410 783 5488 avaricie
813 5412 979 5488 habentes
1005 5445 1016 5488 r
1040 5420 1184 5496 maledi·
1222 5447 1262 5496 er
1289 5421 1478 5512 oeiautri
1506 5427 1554 5498 eil
1582 5355 1802 5521 pateribus?
1834 5425 2029 5522 Respondit

375 5499 503 5578 silonis
528 5505 589 5580 filii
618 5505 876 5623 dereliquerunt
910 5512 1036 5588 rectam
1065 5519 1182 5592 viams
1218 5449 1336 5598 seius.
1364 5522 1488 5615 Neque
1515 5547 1569 5596 me
1592 5523 1683 5600 scitis
1710 5553 1719 5594 r
1750 5545 1860 5617 neque
1895 5545 2032 5620 patrem

286 5621 341 5702 '50
371 5621 580 5715 erraverunt
608 5606 714 5680 secun
744 5631 841 5685 viam
854 5610 988 5689 Balaam
1012 5609 1075 5688 filii
1093 5619 1184 5690 lieor
1222 5643 1363 5697 meum.
1388 5619 1425 5693 Si
1439 5642 1493 5690 me
1509 5620 1642 5696 sciretis
1658 5648 1667 5688 s
1686 5623 1827 5697 sorsrtan
1844 5624 1877 5694 dt
1894 5643 2031 5716 patrem

370 5703 636 5797 quimercedem
662 5705 827 5791 iniullicie
843 5709 996 5783 dilexit·
1021 5709 1183 5812 increpa·
1224 5743 1338 5790 meum
1355 5717 1515 5793 sciretis.
1539 5721 1614 5792 Hec
1643 5723 1749 5794 verbu
1775 5717 1910 5794 locutus
1936 5721 2031 5794 euin
2065 5742 2124 5814 105

368 5800 502 5872 tionem
518 5823 609 5914 vero
624 5802 741 5878 habuit
755 5804 813 5878 sue
829 5807 965 5882 vesanie
980 5808 1179 5909 ssubiugale
1226 5814 1474 5909 Gazopbilatio
1486 5816 1682 5893 edocensin
1698 5816 1832 5914 templo
1848 5820 2030 5892 ·Et.uemo

359 5915 496 6008 mutum
525 5922 560 5988 rn
587 5901 841 5978 bominisvoce
863 5933 874 5975 s
900 5903 1042 6002 loquens
1056 5911 1176 6004 perhi-
1225 5915 1457 6009 apprehendit
1473 5938 1554 5988 eum
1582 5947 1592 5984 ε
1624 5917 1702 6010 quia
1726 5921 1873 5991 necdum
1886 5915 2032 5992 venerat
2181 5967 2182 6018 q

359 5991 440 6066 butt
456 5995 644 6094 prophetie
659 5998 912 6102 inspirantium.
938 6005 986 6081 Hi
998 6007 1077 6084 sunt
1090 6010 1175 6088 sou·
1224 6011 1427 6098 horaeius.
1454 6013 1557 6091 Dixit
1585 6037 1675 6116 ergo
1698 6017 1748 6091 eis
1777 6014 2035 6190 iterumlegrs·
2181 6033 2182 6108 i

1985 6135 2030 6216 go
