4450 7209
448 880 459 900 .
554 771 1325 868 PRAEFAT10.
1620 777 1752 864 sitnm

128 905 254 971 mano
278 879 572 1002 Praefhtsanem
601 888 837 1005 appellant,
876 887 1107 1014 contestata
1136 897 1342 1009 subjicitur
1371 900 1515 985 Canon
1543 891 1748 1007 allionis,

129 996 240 1139 labia
263 1028 405 1094 autem
421 1011 741 1122 communione,
767 1012 962 1101 recitatur
987 1019 1116 1105 oratio
1139 1013 1232 1137 pol
1257 1011 1593 1126 communionem,
1621 1042 1746 1128 quam
1842 1022 1844 1027 '

128 1122 208 1208 alta
236 1123 295 1263 ad
314 1119 475 1244 plebem
505 1129 686 1246 excipit.
725 1132 924 1250 Johannes
959 1139 1143 1225 Marinus
1177 1020 1238 1252 Aa)
1270 1138 1455 1254 opinatus
1489 1134 1544 1221 est
1585 1134 1743 1220 Missale
1777 1138 1865 1219 286

129 1241 209 1329 hoc
240 1247 340 1333 olim
365 1249 600 1364 pertinuisse
636 1249 687 1334 ad
714 1253 931 1341 Ecclesiam
960 1253 1249 1344 Piliaviensem
1279 1321 1294 1368 ,
1323 1254 1422 1386 qaia
1460 1249 1617 1344 nullius
1647 1261 1746 1341 San·

129 1354 221 1493 ili,
246 1383 405 1497 prater
428 1367 570 1458 Sanlii
604 1365 765 1483 Hilarii
793 1369 962 1488 Miffam
991 1371 1236 1492 specialiter
1270 1397 1484 1485 continet,
1521 1367 1647 1487 ipfius
1677 1402 1744 1460 na·

129 1508 242 1620 mene
271 1515 320 1573 m
351 1483 638 1600 orationibus,
677 1485 724 1588 in
753 1490 1033 1608 prefatione,
1075 1492 1130 1585 (t
1164 1490 1279 1609 infra
1306 1490 1502 1583 cilionem
1537 1487 1752 1608 exprmffo.

129 1598 343 1734 Addtpque
371 1631 583 1695 exaratum
613 1609 729 1696 fuilse
758 1634 853 1698 ante
872 1641 1025 1700 annum
1053 1614 1419 1731 quingentesimum
1455 1615 1543 1697 sexa
1573 1611 1758 1719 ssimum,
1900 1654 1950 1704 χ

132 1714 276 1852 Galles
300 1722 477 1814 nondam
510 1722 558 1818 ia
586 1758 710 1819 unum
733 1728 932 1848 papulum
970 1764 1060 1822 cnm
1086 1730 1265 1823 Francis
1302 1639 1651 1847 coalescentiiur,
1689 1747 1757 1816 ter

129 1869 244 1929 earm
270 1870 346 1959 pro
372 1848 508 1961 Regni
534 1855 780 1937 Francorum
811 1857 977 1941 nomine
1003 1875 1145 1971 preces
1157 1843 1310 1972 fiunt,
1344 1847 1453 1940 alias
1480 1879 1554 1968 pro
1583 1856 1753 1945 Franco·

131 1990 228 2049 rum
256 1962 522 2079 principatu,
550 1964 662 2058 alias
691 1996 766 2085 pro
792 1971 1041 2090 Principibus
1067 1981 1345 2081 Francorum,
1377 1976 1417 2058 8<
1439 1962 1570 2086 semel
1599 1997 1672 2085 pro
1698 1965 1755 2051 sa·

131 2083 245 2195 luae,
275 2086 318 2170 δι
348 2082 630 2175 incolumitate
650 2090 784 2205 Regni
810 2099 1091 2181 Francorum.
1120 2100 1181 2181 At
1206 2092 1312 2179 mihi
1337 2091 1438 2178 liber
1463 2119 1542 2176 non
1561 2088 1661 2172 adeo
1688 2113 1755 2170 ve·

132 2199 263 2289 tustus
290 2200 486 2314 videtur,
525 2205 589 2291 led
615 2235 665 2291 eo
692 2231 877 2325 tempore
909 2238 1132 2322 exaratos,
1173 2240 1258 2325 quo
1286 2217 1416 2326 Reges
1445 2209 1591 2319 inertes
1618 2205 1754 2319 Regni

132 2328 384 2412 Francorum
417 2323 592 2414 habenas
618 2326 844 2439 Maioribus
869 2329 1011 2421 domus
1036 2331 1297 2421 moderandas
1324 2326 1597 2417 tradiderant.
1639 2328 1755 2411 Nam

135 2444 175 2533 ἃ
201 2441 384 2557 Majores
409 2442 553 2530 domus
578 2440 796 2562 Principes
819 2456 1074 2541 Francorum
1099 2449 1489 2536 denominabantur.
1519 2450 1666 2557 Neque
1692 2469 1753 2528 ar·

134 2583 333 2769 gumenta
368 2562 543 2678 probant
570 2565 763 2654 Codicem
804 2567 855 2655 ad
892 2571 1006 2657 usum
1033 2569 1217 2658 Eccleliae
1245 2565 1499 2655 Piliavienlis
1536 2563 1652 2650 fuisse
1686 2558 1753 2646 de·

148 2683 364 2801 criptum.
393 2682 437 2772 si
468 2684 577 2771 enim
605 2685 724 2772 unica
752 2687 915 2803 superfit
943 2689 1070 2777 Missa
1099 2695 1139 2777 S.
1157 2687 1336 2799 Hilarii,
1368 2684 1409 2772 id
1436 2685 1634 2799 contigit,
1661 2679 1758 2792 quia

134 2801 236 2889 libet
262 2803 430 2889 omnino
454 2806 622 2891 mutilus
653 2805 737 2891 est.
768 2809 892 2927 Quod
919 2837 1067 2897 nomen
1092 2815 1132 2900 S·
1154 2805 1302 2895 Hilarii
1339 2805 1384 2894 in
1419 2831 1568 2890 canone
1599 2803 1755 2918 legatur

135 2948 218 3009 non
247 2921 377 3037 magis
396 2951 470 3038 pro
486 2921 723 3011 Piblaviensr
750 2929 925 3015 Ecclesia
948 2929 1071 3038 facit,
1097 2955 1223 3041 quam
1248 2898 1396 3011 nomin
1423 2920 1623 3030 Martini,
1650 2915 1758 3031 quod

135 3041 176 3129 in
204 3040 354 3129 eodem
380 3069 533 3129 canone
560 3046 765 3153 occurrit,
796 3046 919 3134 faciat
946 3077 1020 3161 pro
1047 3044 1219 3137 Ecclessa
1249 3042 1506 3131 Turonenfi.
1549 3044 1757 3143 Demum,

135 3158 247 3275 quod
270 3188 422 3248 nomen
439 3162 589 3251 Hilarii
618 3165 658 3250 in
678 3165 802 3250 Missa
826 3165 962 3283 sapius
979 3168 1170 3274 recurrit,
1188 3162 1333 3278 probat
1358 3158 1524 3273 quidem
1545 3185 1635 3242 eam
1656 3153 1758 3242 Mis-

135 3279 221 3367 lam
237 3276 321 3365 esse
336 3281 541 3396 propriam
556 3288 596 3373 S.
606 3284 779 3394 Hilarii,
808 3308 853 3369 at
869 3315 954 3372 non·
969 3288 1111 3402 probat
1138 3285 1288 3371 librum
1313 3278 1365 3366 ad
1383 3278 1600 3365 Ecclesiam
1621 3271 1749 3363 Pilia·

122 3396 318 3523 striensem
334 3397 550 3531 aliquando
566 3402 828 3518 pertinuisse.
859 3407 1039 3517 Milsale,
1069 3405 1132 3491 cui
1154 3398 1498 3491 Em.Thomal1us
1516 3422 1662 3482 nomen
1683 3394 1759 3479 im·
1865 3399 1869 3409 ’

136 3514 270 3639 posuit
293 3511 555 3625 Gallicanum
579 3544 718 3633 vetus,
747 3551 891 3638 paucas
916 3524 1038 3613 habet
1056 3523 1192 3612 Milies
1208 3523 1404 3635 integras,
1430 3546 1454 3601 e
1479 3515 1623 3629 quibus
1642 3511 1760 3600 Milia
1789 3517 1872 3624 287

138 3639 389 3731 &Germani
412 3640 773 3754 Autilrodorensrs,
804 3648 844 3730 dr
872 3645 988 3731 Milia
1018 3641 1185 3732 secunda
1210 3640 1425 3730 Adventus
1453 3637 1629 3722 formam
1660 3633 1759 3720 Gal·

139 3758 310 3845 branam
333 3757 614 3847 retinuerunt.
644 3763 747 3851 Alia
772 3791 870 3848 vero
896 3766 1021 3851 Milia
1043 3763 1163 3876 hujus
1189 3759 1305 3870 libri,
1332 3758 1458 3844 ritum
1476 3753 1696 3867 quemdam
1723 3779 1747 3835 e

140 3882 361 3989 Romano,
391 3881 432 3966 8(
457 3881 667 3968 Gallicano
695 3883 969 3969 commixtum
999 3883 1249 3996 sequuntur,
1281 3880 1428 3963 harum
1457 3876 1543 3960 alia
1571 3903 1645 3988 pro
1675 3899 1762 3956 ora·

142 3995 250 4083 tione
276 3990 370 4114 pasl
394 3995 566 4088 saneim
588 4025 748 4115 partem
773 4002 950 4089 Romani
972 4002 1146 4089 Cononis
1167 3998 1414 4109 subjiciunt,
1444 3994 1533 4079 talis
1562 3991 1617 4077 est
1643 3989 1764 4077 Milia

142 4117 277 4235 prima
303 4112 550 4228 Adventus,
580 4120 622 4204 in
653 4148 763 4232 qua,
795 4114 1080 4238 contestationi
1110 4118 1316 4231 subjicitur
1343 4119 1484 4200 Canon
1511 4118 1720 4201 Romanus
1747 4170 1762 4218 ,

143 4238 190 4325 ab
216 4236 285 4323 his
302 4234 435 4321 verbis
463 4242 582 4325 Hanc
608 4233 745 4356 igitur
767 4232 1011 4328 oblationem
1039 4234 1128 4330 &a
1157 4237 1261 4328 Aliae
1288 4262 1384 4322 vero
1408 4232 1612 4347 integrum
1629 4235 1761 4316 Cano·

143 4382 238 4445 nem
263 4361 501 4444 Romanum
529 4358 760 4473 recipiunt.
787 4358 902 4446 Talis
930 4357 986 4445 est
1012 4360 1130 4446 Milia
1158 4353 1204 4445 in
1231 4362 1354 4443 Cana
1380 4345 1572 4460 Domini,
1603 4349 1644 4435 in
1676 4375 1756 4460 qua
1790 4347 1872 4432 288
2008 4420 2011 4427 .

144 4482 287 4565 &non
312 4480 521 4563 Romanus
544 4476 750 4588 subjicitur
776 4470 1083 4593 constellationi,
1112 4475 1227 4564 causa
1255 4472 1504 4582 festivitatis,
1535 4471 1612 4555 hoc
1642 4465 1763 4552 modo

143 4584 442 4713 nteipolatus,
469 4616 515 4684 te
539 4589 676 4711 igitur
694 4590 782 4686 (aa.
813 4589 1199 4706 Comminicaates,
1230 4588 1286 4684 (δ’
1311 4588 1418 4680 diem
1439 4580 1762 4704 sacratiffimnm

143 4704 429 4826 celebrantes,
452 4744 533 4833 qua
560 4709 746 4803 traditus
770 4707 829 4831 est
856 4711 1055 4805 Dominus
1080 4710 1214 4830 noller
1231 4721 1268 4827 J
1270 4707 1358 4825 esus
1380 4699 1593 4823 Christus,
1617 4701 1695 4819 sed
1710 4700 1765 4792 (9⁴

144 4829 383 4926 memoriam
409 4854 658 4923 venerantes
682 4828 771 4922 &a
797 4839 916 4923 Hanc
942 4831 1085 4977 igitppn
1105 4827 1383 4939 ablationem,
1413 4855 1533 4944 qaam
1563 4818 1645 4912 tibi
1670 4817 1764 4940 offe·

146 4950 280 5044 rimus
307 4945 358 5045 ab
384 4949 493 5044 diem
500 4960 537 5067 J
539 4948 671 5067 ejunii
699 4959 829 5041 Cane
854 4958 1110 5064 Dammae,
1142 4948 1295 5070 inqua
1322 4941 1521 5036 Dominus
1547 4935 1679 5060 noster
1688 4949 1724 5056 J
1726 4972 1763 5029 e·

142 5075 217 5194 [κε
241 5064 438 5191 chrislus
465 5067 607 5161 Filius
636 5096 764 5184 tuus,
802 5069 849 5160 in
873 5103 985 5164 navo
1019 5067 1288 5189 taliamento,
1321 5054 1591 5182 sacrificandi
1635 5057 1764 5151 ritum

150 5184 364 5312 institnit,
388 5187 487 5283 dum
508 5215 656 5310 panem
683 5222 733 5280 ac
756 5187 904 5281 vinum
923 5178 1365 5312 (qrae'Mrlcbisedech
1394 5180 1439 5273 in
1462 5172 1766 5302 prefiguratio-

150 5344 201 5407 ne
213 5306 365 5431 futuri
396 5304 578 5445 mysterii
606 5308 799 5401 Sacerdos
834 5306 1084 5426 obtulerat)
1118 5308 1164 5401 in
1190 5317 1448 5397 Sacramenta
1466 5299 1539 5415 sni
1565 5295 1763 5418 Corporis

88 5532 90 5543 ,
152 5430 206 5527 (9·
230 5440 316 5523 San
345 5424 459 5522 ainis
489 5426 847 5545 transformavit,
877 5428 1101 5549 quesumus
1126 5424 1334 5537 Domine,
1365 5445 1413 5514 at
1434 5418 1625 5629 placatus
1660 5413 1765 5506 acci·

88 5552 93 5669 l
156 5549 272 5673 pias,
300 5461 403 5665 ires
421 5581 470 5642 ur
485 5583 537 5643 aa
574 5546 788 5669 ras...qui
801 5545 941 5667 pridie
955 5582 1076 5682 qnam
1095 5572 1175 5668 pro
1194 5540 1368 5639 omnium
1379 5538 1431 5658 sa
1451 5564 1520 5630 nte
1538 5559 1769 5657 pateretur,

88 5680 93 5713 ¹
158 5668 354 5765 hodierna
405 5668 469 5784 ie,
530 5700 604 5762 ans
631 5666 676 5760 in
695 5667 825 5759 medio
844 5666 1150 5786 Discrprlarum
1160 5667 1330 5785 suarum
1354 5658 1509 5778 accepit
1520 5681 1666 5778 panem
1684 5652 1772 5745 (pc.

133 5826 136 5839 ·
160 5796 337 5915 Expleta
351 5820 538 5908 maone,
565 5793 760 5882 recitatur
786 5792 915 5877 oratio
942 5793 1188 5906 Dominica,
1220 5816 1347 5906 quam
1372 5781 1522 5900 excipit
1549 5772 1772 5868 bencdrilm

1719 5890 1776 5984 ad

202 6078 260 6173 (a)
281 6077 338 6147 De
352 6069 457 6145 leeris
468 6068 748 6145 ordinationibus
760 6062 904 6166 pag-alt
913 6073 928 6152 ς’
