4450 7209
593 780 630 804 .-
754 725 891 806 FERIA
919 725 1065 805 SEXTA
1093 733 1146 810 IN
1172 731 1477 812 PARASCEVE.
1623 810 1632 825 ,
1786 799 1790 806 .
1868 741 1931 818 ¹73

284 837 402 897 tetrum
432 823 540 896 crucis
568 824 580 896 ζ
615 830 660 902 &⁴
687 831 840 900 continuo
868 831 986 903 chorus
1014 825 1084 914 res·
1106 852 1109 859 '
1135 834 1321 931 antiphonis
1344 835 1386 903 ad
1412 831 1472 902 hoc
1489 829 1681 923 deputatis.
1706 831 1750 896 Et
1767 824 1843 894 dum
1862 824 1931 892 cte·
1974 841 2016 910 55

275 922 453 1017 pendeat.
492 923 531 996 In
561 946 632 1017 quo
660 921 1083 1024 salusmnndipependits
1135 956 1195 1007 rus
1222 937 1267 1005 er
1290 928 1432 1028 populus
1472 929 1613 996 adorant
1646 944 1776 997 crucem
1820 947 1829 987 ι
1873 928 1933 988 Sa·

275 1017 403 1090 venire
435 1031 514 1093 σει
539 1025 618 1094 dum
644 1022 762 1096 chorus
790 1041 904 1098 cantat
921 1025 1083 1120 supradi·
1133 1030 1245 1103 cerdos
1284 1052 1357 1100 eum
1401 1019 1557 1104 Ministris
1605 1021 1775 1111 descendat
1801 1017 1843 1087 ad
1872 1026 1935 1085 Sec·

267 1113 370 1201 ⁸biam
395 1119 607 1216 antiphonam
631 1122 788 1195 Sacerdos
804 1123 953 1213 transeat
978 1123 1020 1192 ad
1037 1116 1083 1207 fi·
1133 1128 1281 1200 crarium
1307 1132 1351 1202 Θ*
1382 1119 1431 1193 ''b''
1447 1120 1486 1210 se
1500 1118 1668 1190 salchem·
1693 1128 1737 1189 Ei
1751 1109 1934 1211 ²''edite’'

227 1207 416 1327 ,nicirum
442 1239 544 1289 cornu
573 1220 735 1291 aitariss
772 1227 816 1297 (e
847 1225 971 1293 iterum
999 1218 1083 1291 inei·
1131 1210 1276 1321 eciipiat
1302 1219 1448 1311 cestriam
1487 1217 1654 1312 nigrams
1682 1223 1727 1293 ό*
1743 1213 1931 1284 Diachonut

274 1311 351 1403 piat
360 1310 589 1404 ficpradiiiam
614 1316 827 1410 antiphonam
836 1317 993 1408 scilicet.
1019 1315 1085 1386 Ec·
1134 1316 1441 1399 &subdiachonus
1478 1302 1677 1386 dalmats'ias
1711 1311 1825 1405 nigras
1849 1334 1860 1376 s
1888 1310 1933 1382 (t
1972 1307 2020 1374 60

277 1424 318 1479 ce
344 1403 476 1500 lignum
500 1416 644 1487 crucis.
677 1413 846 1487 Elevando
874 1437 989 1490 vocem
1016 1411 1086 1484 ett-
1134 1423 1273 1495 neniant
1305 1420 1348 1488 ad
1368 1428 1502 1509 portam
1533 1413 1627 1484 chori
1662 1408 1800 1504 majoris
1819 1423 1937 1501 prece·

277 1505 481 1598 quantulum
521 1510 625 1583 altius
690 1534 766 1584 uam
802 1515 917 1612 prima
958 1515 1033 1586 vice
1069 1533 1081 1579 t
1134 1512 1290 1593 dentibus
1315 1513 1420 1586 cereis
1445 1515 1489 1585 eh*
1515 1505 1711 1581 thuribulo.
1742 1513 1786 1573 Et
1814 1503 1935 1572 edora-

277 1601 541 1696 discooperiendo
554 1609 648 1681 aliced
660 1533 834 1683 brachtum
848 1612 982 1685 erucis.
1006 1606 1086 1681 cho·
1135 1633 1172 1689 ta
1203 1633 1299 1685 cruce
1320 1636 1344 1682 a
1373 1608 1467 1682 ciero
1493 1610 1539 1680 ti*
1561 1604 1681 1701 populo
1713 1629 1722 1672 ε
1748 1598 1940 1695 duosupra·

211 1720 338 1799 ,orus
364 1719 448 1771 nero
474 1703 756 1797 respondeat.1n
783 1730 855 1802 quo
884 1705 972 1783 salus
989 1730 1086 1781 mnu·
1134 1713 1217 1787 diiii
1246 1703 1445 1805 Presbyteri
1471 1708 1531 1800 qui
1548 1706 1645 1798 prius
1669 1722 1797 1775 crucem
1825 1714 1941 1768 tenue·
1994 1750 2004 1761 .
2037 1710 2039 1714 ’

228 1802 232 1809 “
281 1796 339 1866 di.
366 1807 410 1867 Et
434 1798 578 1891 populus
597 1799 719 1892 fleiiat
740 1829 854 1900 genua
878 1811 924 1878 ad
936 1805 1085 1904 quamli-
1133 1826 1216 1884 runt
1240 1835 1250 1877 e
1277 1820 1477 1881 reverenter.
1495 1803 1661 1898 accipiant
1689 1821 1763 1871 cam
1789 1797 1828 1869 de
1848 1789 1938 1876 stra,
1973 1788 2020 1887 65

281 1890 340 1964 bet
367 1891 565 1982 ohcnfionem
592 1895 774 1992 cujuslibet
802 1901 937 1979 brachii
950 1904 1080 1980 crucis.
1136 1926 1174 1982 tu
1203 1928 1277 1981 eum
1296 1906 1360 1997 suo
1382 1923 1491 2002 panno
1521 1905 1604 1975 s&
1628 1910 1775 1993 pergant
1801 1913 1875 1965 eum
1898 1915 1939 1965 ea
2043 1918 2049 1923 ·

282 1998 327 2061 Er
351 1992 429 2062 dum
457 1992 576 2064 chorus
600 2001 965 2096 cantetantipbonam.
997 2012 1032 2074 S.
1047 2003 1086 2075 In
1137 2021 1213 2078 ante
1250 2007 1394 2078 medium
1437 1999 1560 2071 aitaris
1587 2025 1598 2067 e
1623 1998 1815 2091 incipientes
1855 1987 1940 2063 hanc

277 2083 350 2180 quo'
372 2085 485 2160 salus.
517 2090 698 2190 Presbyter
725 2102 842 2170 veniat
875 2102 918 2171 ad
943 2104 1087 2175 medium
1138 2101 1387 2203 antiphonam.
1413 2101 1524 2192 Super
1549 2094 1665 2172 omnia
1696 2090 1792 2192 ligna
1816 2088 1940 2174 cedroe

211 2231 257 2305 ,ς
281 2185 403 2258 aitaris
436 2193 481 2262 e·
525 2191 664 2283 incipiat
701 2197 804 2266 tertio
835 2195 1088 2293 supradibiems'
1138 2226 1212 2276 rum
1237 2219 1276 2274 tu
1302 2196 1375 2273 sola
1392 2193 1559 2272 excelsior
1590 2222 1599 2264 ι
1631 2195 1664 2267 in
1680 2190 1828 2287 quarite
1842 2210 1941 2262 mun·
1964 2238 1971 2247 -
1992 2240 2007 2275 ⁴.

283 2282 524 2378 antiphonam.
554 2285 716 2361 Scilicet.
738 2292 824 2365 Ecce
851 2290 984 2393 lignum
1012 2320 1088 2371 cru-
1138 2302 1172 2375 di
1202 2297 1368 2396 pependit
1395 2324 1404 2366 s
1430 2297 1465 2372 in
1489 2321 1554 2393 qut
1582 2287 1939 2384 Christustniumpht·
1973 2303 2028 2379 7⁰

281 2380 330 2453 cis
358 2427 374 2449 .,
410 2380 581 2456 Elevando
606 2406 722 2460 vocem
750 2388 857 2461 altius
880 2413 984 2488 quam
1012 2395 1090 2468 aliis
1140 2399 1193 2474 vit
1222 2425 1233 2467 s
1261 2399 1297 2470 δι
1324 2419 1420 2472 mors
1436 2414 1584 2470 mortem
1599 2388 1778 2487 superavit
1794 2384 1829 2459 in
1845 2405 1942 2475 erere

279 2473 414 2549 vicibus
441 2505 449 2546 τ
476 2483 521 2555 &³
546 2497 624 2554 tunc
652 2486 869 2580 discooperiat
898 2512 1028 2564 crucem
1041 2507 1093 2563 to-
1141 2521 1224 2570 num
1250 2542 1261 2564 ·
1286 2505 1331 2567 Et
1350 2514 1413 2594 per
1445 2489 1518 2578 istos
1536 2490 1746 2589 suspendiiios
1759 2483 1943 2579 Presbyte-

281 2572 403 2648 taliter
419 2601 428 2644 ε
446 2575 606 2650 elenando
620 2556 809 2676 ipsameum
819 2579 964 2658 brachiis
980 2610 1088 2686 quan·
1137 2592 1367 2679 mebriatur.
1397 2588 1585 2696 Qae‘c'nita
1601 2601 1797 2663 reverenter
1820 2593 1944 2680 ponant

211 2721 261 2780 20
281 2685 355 2744 tum
381 2677 559 2766 potuerit.
584 2687 628 2749 Et
653 2681 731 2753 dum
756 2680 874 2754 chorus
900 2701 1088 2759 cantatan·
1136 2712 1267 2764 crucem
1289 2693 1323 2762 in
1353 2691 1466 2764 citare
1498 2719 1508 2758 c
1534 2701 1602 2785 'qua
1631 2681 1761 2778 dimiffir·
1787 2680 1946 2758 Sacerdos
1997 2728 2006 2769 ,-

280 2767 451 2861 tiphonam
477 2798 487 2840 c
513 2772 698 2870 Presbyter
723 2792 848 2873 pergat
878 2800 952 2851 cum
991 2805 1089 2855 cruce
1138 2794 1184 2866 eb·
1211 2783 1356 2869 Mintstri
1381 2817 1391 2860 s
1420 2788 1532 2861 clerus
1558 2790 1604 2860 ci*
1625 2782 1771 2881 populus
1794 2785 1830 2855 ist
1860 2795 1943 2872 pro·
1975 2800 2024 2880 75

279 2867 404 2937 devote
426 2873 475 2942 ab*
501 2867 627 2956 honeste
653 2875 697 2945 ad
714 2870 860 2954 stratum
873 2879 918 2949 &-
932 2877 983 2950 ibi
1013 2903 1089 2955 eurr
1138 2881 1302 2975 ceffionem
1324 2884 1457 2977 fidentia
1476 2884 1567 2977 fabio
1584 2906 1594 2950 e
1604 2875 1883 2978 precedentibus.
1910 2883 1946 2947 S.

279 2965 430 3034 maxima
457 2974 650 3041 reverentia
674 2984 781 3065 ponat
808 2993 882 3045 eam
912 3000 922 3044 c
951 2982 997 3052 θ
1020 2972 1091 3061 sba-
1140 2981 1212 3055 adia
1237 3005 1335 3056 cruce
1354 2985 1453 3081 nigra
1477 2987 1524 3058 ab
1553 2978 1657 3051 cereis
1683 3006 1693 3046 c
1726 2983 1772 3054 ψ
1787 2971 1946 3048 thuribu-

279 3059 344 3130 tim
374 3057 558 3159 Presbyter
579 3088 653 3139 cum
672 3066 746 3156 suis
759 3064 920 3150 Minissris
951 3073 1090 3148 adorent
1141 3077 1174 3151 io
1201 3100 1277 3151 cum
1296 3077 1398 3168 brefis
1426 3106 1436 3149 e
1466 3079 1605 3154 nesciant
1631 3074 1734 3170 usque
1763 3076 1807 3151 ad
1832 3091 1947 3144 monss-

212 3207 258 3284 ²5
280 3176 411 3228 erucem
431 3154 594 3248 flediendo
616 3185 729 3257 genua
760 3177 815 3235 ter
840 3191 850 3231 c
876 3169 1089 3257 eumsumma
1138 3190 1312 3250 mentum.
1340 3186 1384 3247 Et
1398 3200 1471 3250 cum
1481 3170 1946 3274 perventumfuert‘tsasctn‘
2004 3224 2007 3229 ·

211 3267 213 3303 ³
282 3257 475 3328 reverentia
500 3261 544 3330 (r
572 3256 770 3331 humilitate
806 3260 979 3349 osculando
1015 3282 1087 3343 ter·
1137 3275 1197 3346 dat
1227 3269 1410 3369 Presbyter
1431 3296 1507 3346 cum
1536 3266 1663 3343 duobus
1700 3272 1842 3343 dominis
1881 3266 1943 3360 qm‘
1978 3271 2029 3344 8ο

282 3373 358 3423 ram
384 3378 393 3420 e
424 3357 470 3426 (e
492 3353 631 3457 offerant
655 3354 861 3433 oblationem
887 3363 982 3435 cruci
1009 3385 1021 3438 t
1049 3381 1091 3439 ut
1138 3367 1263 3445 habent
1298 3369 1412 3444 claves
1436 3368 1637 3444 monumenti
1659 3374 1705 3445 (e
1722 3363 1863 3462 figiida.
1899 3371 1945 3434 Ec

280 3444 363 3518 aliis
369 3446 537 3544 prebeant
551 3451 765 3549 exemplum.
1140 3470 1275 3543 interim
1297 3469 1522 3564 provideatur
1549 3468 1589 3537 de
1616 3459 1717 3556 brasss
1758 3466 1792 3538 in
1833 3461 1944 3535 thuri-

279 3629 286 3652 ,
1140 3562 1220 3639 bule
1234 3594 1244 3636 s
1257 3572 1302 3641 Θ*
1317 3581 1433 3664 aperto
1441 3562 1619 3662 flepuicbro
1632 3564 1778 3660 accipiat
1794 3553 1902 3635 Presh
1925 3597 1944 3615 ·

211 3696 260 3777 30
310 3652 378 3761 ,Et
402 3646 495 3718 dicat
509 3642 692 3747 Presbyter
705 3647 877 3741 osculando
891 3679 902 3749 s
915 3654 999 3734 haue
1012 3681 1090 3735 era·
1140 3678 1196 3737 ter
1220 3668 1260 3736 de
1281 3665 1407 3753 inceufir
1433 3665 1521 3758 quod
1545 3657 1587 3745 esi
1620 3661 1710 3733 incus
1734 3687 1744 3730 s
1769 3666 1815 3738 m
1839 3668 1943 3754 ponat
1969 3752 1975 3763 1
2000 3731 2004 3739 .

288 3753 438 3816 mmm·
1139 3764 1174 3835 in
1211 3761 1386 3838 thuribulo
1427 3765 1472 3835 (e
1500 3756 1644 3845 incenset
1673 3752 1790 3840 statim
1826 3773 1944 3852 corpus
1976 3759 2028 3856 85,

1140 3859 1301 3932 Domini.
1332 3870 1408 3966 Qo
1436 3855 1532 3943 fabio
1558 3856 1770 3949 excooperiat
1800 3852 1938 3925 calicem

1140 3961 1185 4032 ό*
1222 3951 1365 4039 ostendat
1382 3954 1512 4043 secrete
1548 3958 1594 4028 er
1630 3949 1806 4024 humiliter
1846 3944 1945 4020 diliis

516 4045 686 4121 Oratioad
700 4054 859 4126 crescent.=
1143 4054 1283 4218 dominlis
1307 4048 1446 4135 hostiam
1470 4051 1691 4163 consecratam
1705 4077 1723 4163 ‘e
1753 4055 1798 4123 cb*
1810 4064 1944 4142 cooper-

238 4184 270 4285 ς·
408 4237 534 4312 Omine
561 4239 639 4324 Jesu
669 4245 805 4320 Christe
836 4250 944 4329 adoro
975 4262 1012 4320 te
1051 4243 1087 4319 in
1138 4158 1723 4341 {prspetfceerpprrppprpspp‘eiptpesppsnpt
1743 4163 1945 4341 prhiihchhh*
1974 4270 2027 4346 90

408 4337 830 4419 crucemascendentence
862 4349 898 4420 δι
942 4343 1092 4440 spineam
1142 4348 1236 4418 tavit
1273 4376 1283 4419 c
1325 4337 1485 4421 Miniihris
1517 4338 1678 4415 videlicet
1703 4340 1873 4414 Diachono
1898 4343 1943 4413 θ

283 4448 451 4505 eoronam
481 4454 677 4531 portantem
694 4441 852 4538 incapite
876 4469 887 4516 c
908 4443 1092 4537 Deprecor
1146 4440 1350 4516 Subdiacono
1374 4437 1579 4535 juvantibus
1593 4465 1603 4505 ε
1618 4435 1703 4508 alias
1723 4434 1941 4528 sustentanti·

278 4542 316 4597 te
333 4547 396 4640 cnut
412 4529 481 4625 ipsa
494 4557 578 4607 crux
594 4533 716 4633 liberet
742 4563 795 4611 me
811 4542 856 4612 de
870 4537 994 4637 angelo
1009 4563 1086 4634 per·
1140 4539 1201 4612 bus
1225 4563 1299 4614 eum
1327 4567 1336 4610 c
1364 4553 1402 4609 ut
1429 4533 1539 4608 levius
1565 4542 1610 4611 (e
1634 4535 1787 4623 securius
1818 4544 1943 4626 pergae
2096 4613 2101 4623 ,

211 4672 259 4746 ⁴0
279 4644 442 4797 seen
462 4631 1089 4809 setenstetens
1138 4633 1536 4823 tresenreuter
1551 4629 1773 4822 ezeeh
1791 4630 1943 4821 tezen
1973 4690 2026 4830 35

278 4834 406 4894 tetum.
425 4823 612 4920 Deprecor
625 4848 661 4901 te
677 4849 715 4905 ut
730 4759 1090 4907 tuavulnerasrntpre·
1137 4827 1197 4904 mei
1213 4753 1282 4922 seh
1303 4821 1470 4904 nobilibus
1500 4825 1638 4898 dominis
1663 4825 1816 4897 civitatis
1837 4825 1941 4918 super
2016 4826 2019 4833 '

277 4919 427 4993 medium
457 4923 565 4998 anime
579 4948 679 4999 mee.
707 4928 860 5002 Domine
885 4928 962 5004 iesu
979 4925 1083 5001 Chri·
1132 4942 1249 5020 eorpus
1275 4919 1389 5007 chrisis·
1415 4920 1580 5018 sstmper
1608 4942 1706 4994 cruca
1742 4924 1940 5017 precedente

276 5013 324 5084 {ie
349 5046 358 5086 s
386 5018 419 5088 in
451 5019 634 5115 sepulchro
672 5044 708 5098 re
751 5026 865 5101 adoro
894 5025 1081 5119 potitum.
1131 5047 1207 5096 cunc
1234 5028 1385 5097 cereis'e
1423 5023 1469 5095 (θ’
1495 5020 1621 5110 incenso
1653 5028 1698 5096 (r
1725 5016 1938 5095 thuribuloe

233 5113 463 5234 5Deprecor
489 5136 526 5189 re
555 5148 564 5190 s
590 5140 628 5192 ut
653 5141 817 5200 rutmors
830 5125 873 5196 iit
891 5123 964 5197 vita
981 5146 1081 5198 mea·
1132 5121 1407 5218 &projiciendo
1445 5120 1486 5190 ae
1524 5139 1649 5190 annona
1678 5118 1791 5191 viride
1825 5133 1864 5190 ut
1889 5118 1942 5190 di·

278 5209 432 5286 Domine
455 5213 531 5298 Jesu
569 5219 704 5295 Christe
743 5223 858 5297 adoro
886 5238 923 5295 te
954 5240 1082 5295 ventu·
1130 5221 1219 5293 dium
1245 5217 1310 5304 est.
1338 5226 1382 5291 Et
1411 5216 1547 5313 quidam
1573 5215 1939 5290 Portionariusdean·
1976 5238 2051 5295 100

272 5329 348 5384 rum
381 5315 424 5383 ad
449 5316 611 5399 judicium
626 5344 638 5388 c
653 5323 689 5394 &
716 5321 946 5406 iudicaturum
977 5321 1083 5395 viros
1133 5316 1338 5413 tiquioribus
1375 5318 1509 5389 indntus
1539 5312 1781 5413 superpelliceo
1823 5311 1938 5386 eibos

270 5404 309 5476 δι
340 5427 533 5483 mortuos.
570 5417 756 5515 Deprecor
782 5437 819 5494 te
845 5444 856 5488 s
884 5437 922 5493 ut
952 5416 985 5490 in
1018 5435 1082 5493 tuo
1131 5414 1262 5505 deferat
1292 5413 1462 5490 vexillum
1487 5415 1620 5513 nigrum
1663 5415 1697 5483 iss
1730 5413 1837 5484 medio
1858 5429 1938 5508 pro-

269 5502 391 5578 senno
419 5510 571 5625 adventu
608 5540 676 5590 non
713 5517 822 5594 intres
851 5517 887 5602 in
914 5517 1078 5601 iudicium
1128 5509 1267 5602 cefflonis
1286 5513 1420 5606 scilicet
1433 5514 1521 5583 inter
1547 5513 1715 5582 canonicos
1738 5515 1783 5585 (e
1799 5511 1937 5585 Portio-

273 5623 292 5671 ε
739 5616 746 5630 ·
1066 5638 1076 5657 .
1195 5617 1203 5633 ·
1253 5641 1263 5660 ,
1500 5617 1504 5625 “
1579 5609 1586 5625 ⁸
1787 5611 1796 5627 '
1986 5667 1988 5671 Ι
2113 5642 2116 5657 ι

211 5644 253 5720 ⁵⁰
270 5627 348 5773 di
358 5611 828 5805 piiriidi32‘ichcibsii‘3
847 5633 1076 5804 ethii&
1124 5635 1237 5783 3233:
1252 5610 1412 5804 offis.
1431 5612 1545 5778 ”St
1557 5604 1936 5801 §inimiici
1974 5716 2044 5805 ,ος

270 5797 420 5877 dimittas
449 5806 529 5880 mihi
558 5837 569 5874 r
594 5830 658 5903 qur
680 5812 768 5895 iuste
792 5810 964 5896 judices.
1003 5811 1074 5902 Qi
1123 5809 1312 5881 Diaebonns
1354 5805 1521 5899 expandat
1547 5803 1734 5898 corporalia
1767 5804 1833 5892 sua
1866 5819 1937 5898 ptr

267 5896 389 5973 vivis.
419 5911 464 5975 Ec
484 5902 601 5975 chorus
615 5922 727 5980 cantet
738 5907 960 6002 antiphonas.
986 5913 1076 5984 Cru-
1123 5930 1219 5979 arem
1257 5935 1268 5975 s
1307 5911 1352 5981 (ἰν
1396 5901 1553 5974 Sacerdos
1591 5903 1751 5972 maxima
1775 5924 1851 5972 cum
1883 5924 1938 5977 re·

270 6014 347 6076 tem
373 6022 467 6082 tuam
495 6003 676 6080 adoramus
701 6005 881 6108 Domineg
899 6014 977 6083 Cum
991 6007 1075 6108 adiir
1121 6008 1278 6084 verentia
1311 6014 1417 6103 preat
1458 6013 1578 6095 corpus
1615 5993 1731 6085 cbridi
1764 6020 1856 6074 cuer.
1871 6019 1936 6170 pa

268 6132 281 6159 c.
1899 6123 1938 6173 ce
