4450 7209
446 756 1362 866 *PRAEFATIQ
1690 804 1774 871 m.

135 875 324 1000 templi,
354 886 481 994 quarn
511 879 687 968 'eruditus
711 877 848 964 editor
878 885 918 970 S.
943 881 1111 968 Casario
1136 885 1362 972 Arelatensi
1393 886 1572 1002 tribuit,
1614 893 1656 982 iu
1688 925 1771 1013 qua

140 1003 301 1089 cluentio
341 1001 389 1090 lit
419 1002 621 1118 symboli,
650 998 785 1089 Credo
816 994 863 1087 in
892 1030 1016 1088 snum
1052 1008 1183 1090 &aaa
1212 1010 1382 1093 Patrem
1419 1008 1771 1134 omnipotentem,

142 1120 185 1208 in
211 1121 331 1208 Missa
359 1123 517 1209 recitari
548 1121 681 1209 soliti.
713 1117 894 1232 Deinde,
925 1122 1024 1207 ritus
1055 1121 1248 1208 recitandi
1267 1124 1438 1237 symboli
1468 1131 1509 1215 in
1531 1135 1671 1244 Missa,
1703 1166 1768 1252 pe.-

140 1242 283 1328 culiari
307 1244 485 1329 'concilii
517 1237 629 1328 tertii
659 1241 852 1326 Toletani
881 1239 1043 1326 decreto
1071 1236 1134 1356 (a)
1175 1242 1358 1329 instituas
1389 1247 1501 1359 suit,
1550 1252 1766 1343 istiusmodi

137 1383 279 1446 autem
311 1364 453 1448 ritibus
483 1360 731 1447 translatitiis
762 1357 999 1472 accidebat,
1033 1384 1078 1444 ut
1113 1362 1332 1472 Ecclesia,
1361 1391 1449 1476 qua
1481 1368 1649 1456 decretis
1665 1383 1767 1462 Curr-

139 1481 361 1594 ciliorum,
399 1481 599 1595 aquibus
629 1479 832 1594 suscepti,
877 1502 949 1564 aut
991 1480 1163 1565 instituti
1195 1479 1387 1594 fuerant,
1428 1510 1508 1569 non
1541 1494 1768 1604 parebant,

140 1626 216 1714 pro
245 1599 316 1685 suo
345 1601 463 1688 libito
481 1631 502 1711 ,·
527 1627 593 1685 eos
623 1601 688 1686 vel
715 1599 957 1711 rejicerent,
989 1600 1055 1684 vel
1085 1598 1370 1691 admitterent.
1400 1609 1538 1719 Quare
1570 1613 1766 1722 varietas,
1795 1598 1805 1649 '
1847 1657 1851 1664 ·

137 1721 189 1803 ab
217 1720 417 1831 ‚ejusmodi
444 1721 584 1806 ritibus
612 1742 723 1829 orta,
754 1744 833 1803 non
866 1718 1007 1804 sufficit
1038 1718 1087 1804 ad
1115 1720 1364 1835 probandum
1382 1726 1796 1844 Gallosliturgiata·

121 1838 316 1947 babuisse
346 1839 542 1926 diversam
568 1838 981 1955 modo-Hispana,
1012 1839 1094 1924 sme
1113 1841 1404 1926 Mozarabica.
1437 1844 1559 1928 Porro
1582 1850 1763 1934 animad·
1799 1859 1851 1968 85

137 1957 383 2064 vertendum
413 1956 771 2075 Gotho-Hispanos
801 1984 880 2043 non
911 1959 1089 2044 recitasse
1120 1960 1162 2043 iu
1193 1960 1311 2046 Missa
1342 1960 1570 2074 symbolum
1600 1969 1768 2082 Aposto-

102 2112 104 2115 ·
136 2077 310 2189 lorum,
340 2103 386 2167 ut
417 2079 553 2193 scribit
571 2086 802 2170 Honoratus
832 2075 1017 2167 astucia
1047 2080 1183 2164 Maria
1201 2071 1313 2194 (l),
1330 2078 1636 2194 sed-symbolum
1658 2095 1765 2175 Cott-

137 2195 576 2315 slantinopolitanum,
619 2199 679 2284 uti
710 2221 762 2283 ex
792 2200 973 2286 Concilio
1004 2200 1206 2285 Toletano
1242 2197 1363 2284 tertio
1394 2224 1542 2316 patet,
1582 2205 1762 2320 illudque

135 2316 248 2404 idem
270 2318 352 2431 en,
382 2319 492 2431 quod
509 2317 725 2409 snstdoruc
740 2314 823 2433 (c),
852 2319 1029 2430 aliique,
1048 2319 1260 2405 Nicaenum
1290 2321 1561 2434 appellarunt.
1580 2330 1672 2435 At,
1704 2328 1762 2412 in·

135 2436 228 2548 quit
247 2432 346 2549 (d),
379 2442 615 2525 Moaarabes
644 2431 888 2537 hostiamin
920 2458 1068 2524 novem
1096 2462 1233 2554 partes
1262 2437 1482 2547 dividunt,
1514 2443 1621 2553 quod
1648 2447 1757 2532 Galli
1791 2450 1847 2534 86

135 2556 310 2640 minime
336 2560 563 2659 faciebant.
593 2557 670 2647 Sed
701 2553 972 2669 velim'scire,
1003 2585 1053 2643 an
1072 2561 1137 2643 vit
1164 2557 1341 2643 eruditus
1358 2583 1428 2643 nos
1446 2559 1587 2676 docere
1614 2567 1762 2677 possit,

135 2675 312 2787 inquot
354 2702 483 2792 partes
515 2679 623 2766 Galli
654 2678 879 2788 antiquitus
922 2677 1064 2763 hostias
1096 2679 1238 2792 partiri
1268 2674 1481 2763 solebant?
1523 2682 1601 2766 hoc
1635 2687 1761 2799 igitur

135 2796 317 2909 primum
350 2798 558 2908 ostendat,
599 2802 638 2884 8<
672 2823 761 2881 tum
803 2798 844 2881 in
887 2797 1212 2911 fragmentorum
1232 2824 1413 2883 nurnero
1454 2798 1663 2887 discrimen
1695 2805 1762 2891 Li·

137 2916 367 3028 turgiarum
399 2943 550 3031 ponat.
580 2916 704 3037 Quod
736 2913 842 3001 idem
868 2918 926 3005 ait
948 2912 1040 3029 (c),
1072 2917 1299 3030 Liturgiam
1329 2918 1577 3005 Gallicanam
1611 2923 1651 3005 in
1684 2926 1761 3008 col·
1792 2929 1847 3037 87

136 3030 274 3142 ledis,
305 3036 348 3119 in
380 3034 638 3142 lebiionibus,
669 3037 711 3119 i'u
741 3062 891 3119 canone
924 3037 1147 3118 multatum
1178 3035 1413 3142 Millarum,
1453 3065 1478 3120 a
1509 3042 1765 3126 Mozarabica

134 3151 433 3263 discriminari,
477 3154 644 3239 adrem
686 3151 884 3261 nonest,
924 3152 1085 3264 quastio
1116 3151 1224 3238 enim
1255 3154 1322 3236 hic
1355 3153 1574 3240 instituitur
1615 3157 1664 3240 de
1697 3162 1764 3244 Li·

134 3273 363 3384 turgiarum
395 3275 566 3383 Gallia,
609 3270 879 3384 &Hispania
910 3270 1153 3380 concordia,
1191 3293 1262 3355 aut
1292 3270 1556 3383 diversttatc,
1587 3304 1666 3359 non
1697 3306 1766 3362 au·

133 3413 220 3472 tem
258 3390 309 3473 de
339 3392 602 3503 Mil'salium,
634 3394 673 3476 &
702 3387 1024 3474 ledionariorum
1057 3385 1182 3503 (srve'
1207 3390 1277 3475 illa
1307 3390 1544 3501 Gallicana,
1576 3395 1657 3479 five
1685 3405 1765 3484 Go·

134 3510 413 3624 tho-Hispana
439 3501 625 3620 fuerint)
652 3510 883 3617 varietate,
915 3511 955 3596 dc
982 3506 1266 3624 discrepantia.
1296 3510 1456 3621 Utique
1487 3511 1664 3597 eruditus
1688 3517 1761 3602 cri·

134 3628 233 3712 tices
265 3627 404 3714 docior
432 3632 587 3746 optime
618 3651 809 3736 noverat,
841 3627 882 3711 in
922 3625 1063 3713 eade'm
1094 3628 1303 3742 Liturgia,
1335 3629 1587 3741 Millalium,
1626 3639 1758 3722 Sacra·
1794 3639 1850 3727 88

132 3748 451 3858 mentatiorum,
483 3747 858 3855 Ltblionariorum,
888 3746 1140 3858 aliorumque
1155 3748 1362 3833 librorum
1392 3748 1673 3864 liturgicorum
1706 3753 1765 3841 di·

133 3866 378 3953 versitatem
401 3868 596 3977 inveniri,
627 3893 708 3952 non
739 3867 850 3951 enim
882 3867 1089 3979 ignorabat
1107 3866 1423 3977 sacramentaria
1439 3871 1760 3984 Gregorianum,

131 3984 426 4097 Gelafianum,
476 3993 515 4074 δε
547 3986 798 4073 Leonianum
846 4009 926 4068 non
966 3984 1086 4070 modo
1137 3986 1178 4069 in
1220 4011 1423 4092 nurnero,
1455 3990 1495 4072 8<
1527 3990 1761 4102 prolixitate

132 4105 386 4215 orationum,
417 4102 736 4217 Mislarumquc,
765 4101 829 4188 sed
861 4103 903 4187 in
937 4105 1066 4189 verbis
1098 4105 1248 4211 etiam,
1279 4126 1402 4215 atque
1420 4105 1674 4193 incontextu
1705 4109 1764 4197 di·

132 4221 348 4338 screpare,
389 4227 487 4335 quin
518 4229 648 4340 plures
678 4219 936 4307 admittenda
968 4223 1045 4309 stnt
1076 4224 1270 4337 Liturgiae
1303 4229 1529 4332 Romanae,
1568 4227 1619 4310 ab
1658 4228 1761 4314 invi·

132 4370 259 4451 cem,
291 4372 364 4458 pro
391 4344 615 4430 Missalium
646 4370 848 4452 numero,
879 4338 1180 4428 dissentientes.
1221 4346 1407 4429 Noverat
1438 4371 1604 4456 quoque
1622 4375 1759 4436 unam
1798 4405 1806 4433 .

131 4459 213 4544 esee
246 4463 475 4577 Liturgiam
502 4460 1007 4575 Constantinopolitanam,
1037 4461 1110 4546 etsi
1145 4460 1269 4547 Missa
1293 4461 1567 4576 chrysoslomi
1607 4462 1781 4553 diversa*
1879 4558 1881 4564 .

130 4578 379 4693 quandoque
410 4584 458 4667 stt
489 4609 514 4668 a
545 4582 768 4690 Basrliana3
810 4603 932 4664 unam
963 4579 1043 4665 esse
1073 4580 1301 4697 Liturgiam
1330 4582 1538 4694 Syriacam
1570 4583 1611 4666 in
1646 4606 1760 4671 tanta
1855 4662 1857 4665 ,

132 4703 336 4786 uarietate
358 4701 667 4815 Anaphorarum
688 4729 701 4810 3
732 4709 853 4783 unam
887 4699 964 4783 esse
982 4700 1228 4816 Copticam,
1261 4728 1381 4784 unam
1412 4699 1763 4816 Alexandrinam,

130 4819 322 4928 quamuis
353 4821 484 4908 Missa
522 4826 562 4909 S.
591 4819 753 4928 Marci,
785 4824 824 4907 S.
851 4819 1017 4928 Basilii,
1056 4825 1096 4909 S.
1121 4819 1295 4934 Cyrilli,
1337 4824 1376 4905 dt
1415 4825 1454 4908 S.
1479 4821 1686 4936 Gregorii,
1717 4823 1760 4911 in

130 4939 299 5045 multis,
316 4937 578 5026 dissentiant.
610 4946 750 5028 Unam
771 4934 940 5049 denique
957 4937 1312 5054 fuisseLiturgiam
1323 4938 1597 5050 Gallicanam,
1616 4969 1760 5053 quam·

131 5057 195 5140 vis
232 5058 325 5143 libri
362 5060 573 5168 Missales,
605 5063 644 5144 δι
671 5054 911 5144 Ledlionarii
949 5056 1183 5169 frequenter
1221 5086 1303 5144 non
1333 5058 1664 5174 concordabant,
1695 5063 1758 5148 uti

130 5201 184 5262 stc
216 5176 301 5285 iis,
329 5179 401 5291 qui
430 5178 560 5265 adhuc
589 5176 813 5291 supersunt,
840 5175 1037 5289 conjicere
1068 5179 1194 5264 licet.
1223 5177 1425 5297 Quamvis
1456 5179 1579 5295 igitur
1599 5180 1759 5268 Missale
1793 5191 1845 5294 89

125 5296 402 5386 Mozarabum
428 5300 471 5385 iu
500 5297 768 5408 orationibus,
802 5301 843 5385 dt
869 5296 912 5382 iu
937 5292 1173 5385 lediouibus
1214 5295 1498 5415 scripturarum
1537 5327 1640 5500 nond
1668 5328 1757 5387 caro

176 5459 179 5462 ·
290 5450 295 5459 ·
387 5460 392 5471 ·
1087 5446 1166 5506 ca
1644 5418 1756 5507 issen-

173 5596 235 5684 (α)
259 5595 378 5682 Can.3.
410 5601 412 5604 ’
720 5603 722 5607 ’
973 5613 1071 5678 1720.
1089 5592 1233 5682 legitur,
1258 5592 1394 5681 Tomg.
1410 5589 1619 5676 lib.5.dil.3.
1639 5589 1753 5670 lesu.

172 5687 239 5772 (b)
261 5683 569 5752 animaduersiones
596 5686 629 5752 in
657 5683 752 5752 stiunt
780 5681 913 5752 critices
972 5706 1127 5776 pagam.
1617 5755 1621 5764 ,

128 5769 218 5847 odit.
233 5778 308 5842 Lat.
320 5778 469 5844 Veneriis
485 5772 828 5859 1739.T0m.3.lib.5.
843 5770 914 5838 dis·
1018 5779 1073 5867 (c)
1097 5777 1276 5861 §.Isidorus
1289 5770 1755 5859 deoff.Eccles.lib.1.cap.r6.

129 5855 244 5948 ἴτης.
258 5863 369 5942 setim.
384 5869 582 5954 pag.147.in
597 5868 739 5953 Synrbolo
755 5865 910 5950 Apostolo·
1013 5869 1072 5957 (d)
1097 5863 1287 5932 Honoratus
1312 5885 1329 5927 a
1350 5865 1463 5929 Sancta
1478 5862 1583 5926 Maria
1606 5864 1756 5931 animari.¹

126 5972 225 6030 m,
240 5959 606 6044 quodrecirabanrante
618 5959 794 6023 orationem
810 5955 910 6017 dotti·
971 5957 1003 6023 in
1034 5955 1126 6042 usum
1155 5956 1228 6022 crit.
1247 5959 1324 6041 T‚.3‚.
1339 5974 1449 6042 p.147.
1467 5960 1540 6024 148.
1566 5952 1620 6017 ed.
1632 5951 1755 6038 Latin-⁰.

123 6045 233 6119 airam
258 6042 377 6123 idem,
398 6047 435 6114 iu
462 6043 755 6115 edittouecallica
777 6040 916 6113 rutra
973 6040 1193 6130 Venetam.
1393 6041 1474 6134 ¹(e)
1492 6043 1579 6111 tate.
1673 6098 1699 6139 ·.·
