4450 7209
467 701 515 773 86
950 694 1372 777 oomlntcn'
1421 699 1622 778 ANTE

465 800 642 877 hominum
665 829 781 881 eorum
804 802 863 900 qui
876 802 1062 876 veritatem
1084 801 1118 869 in
1135 799 1265 885 injusti-
1314 802 1394 897 quia
1406 820 1444 874 tu
1461 802 1611 899 effugies
1625 792 1786 885 indicium
1802 793 1887 869 Dei.
1902 795 1958 869 An
1974 788 2104 872 divitias
2125 822 2158 894 55

466 900 518 973 cia
532 904 792 995 detinent.Qia
805 900 897 996 quod
912 921 1032 974 notum
1048 898 1095 969 eii
1108 896 1264 971 Deirma·
1315 901 1482 974 bonitatis
1494 905 1593 984 ejus:
1614 900 1649 970 dt
1676 894 1871 992 patientier
1898 898 1934 968 δι
1957 892 2103 992 longani-

467 998 620 1073 niselium
637 1004 684 1073 eii
698 1002 730 1075 in
746 1000 835 1073 illis.
861 998 959 1071 Deus
974 992 1145 1073 enimillis
1159 999 1266 1070 mani·
1315 996 1444 1073 mitaris
1457 996 1685 1071 contemnis?
1711 994 1853 1091 ignoras
1877 994 2035 1089 quoniam
2053 996 2104 1065 be-
2169 991 2170 1056 l

466 1096 626 1171 seilavit.
657 1094 843 1175 invisibilia
858 1096 949 1167 enim
965 1097 1062 1193 ipfius
1076 1120 1094 1167 a
1109 1114 1266 1169 creatura
1314 1096 1469 1191 nignitas
1494 1095 1563 1168 Dei
1581 1097 1625 1168 ad
1644 1092 1870 1188 penitentiam
1891 1110 1926 1163 te
1950 1092 2104 1164 adducit?
2124 1167 2128 1174 ff

427 1195 581 1293 5mundi
611 1220 673 1289 per
687 1220 728 1269 ea
755 1220 824 1291 que
853 1195 942 1270 sassa
957 1194 1032 1267 sunt
1048 1189 1266 1265 intellecta..
1313 1196 1507 1268 Secundum
1534 1192 1697 1266 duritiam
1715 1209 1831 1263 autem
1852 1189 2100 1284 &impenitens

467 1291 753 1387 conspiciuntur.
778 1293 995 1387 Sempiterna
1027 1314 1166 1386 quoque
1191 1296 1265 1377 rjus
1313 1315 1376 1363 eor
1395 1291 1602 1366 thesaurizas
1617 1289 1681 1365 ribi
1695 1289 1778 1361 iram
1795 1287 1830 1359 in
1843 1288 1900 1361 die
1913 1288 1987 1359 irc:
2008 1292 2042 1361 &
2058 1316 2103 1364 re·
2123 1290 2153 1374 tq

464 1392 578 1467 virtus
593 1416 632 1465 ac
644 1391 806 1467 diviuitas
823 1416 833 1457 ε
856 1409 894 1464 ut
909 1391 976 1463 fint
993 1388 1265 1461 inexcusabiles.
1314 1384 1501 1463 velationis
1515 1390 1590 1474 iusti
1603 1386 1722 1474 iudicii
1737 1387 1819 1466 Deir
1831 1387 1889 1480 qui
1905 1387 2027 1461 reddet
2041 1389 2106 1460 uni·

464 1488 557 1581 Quia
579 1512 654 1561 cum
676 1488 895 1587 cognovisset
925 1490 1066 1560 Deuma
1094 1510 1166 1559 non
1179 1488 1265 1559 sicut
1313 1487 1437 1580 cuique
1452 1490 1632 1563 seeundum
1647 1510 1756 1579 opera
1768 1490 1870 1572 ejus.
1899 1484 2105 1581 Hisquidem

464 1590 579 1663 Deum
593 1616 603 1657 a
630 1585 912 1683 glorificaverunt
927 1614 938 1656 r
961 1604 1018 1660 aut
1044 1585 1169 1680 gratias
1184 1609 1267 1681 ege-
1314 1586 1372 1678 qui
1387 1586 1568 1659 secundum
1582 1585 1796 1681 patientiam:
1810 1582 1892 1659 boni
1908 1586 2025 1677 operis
2036 1584 2105 1681 glo·

399 1710 445 1765 ιο
466 1703 568 1758 runtr
599 1684 656 1757 sed
684 1702 900 1759 evanuerunt
931 1684 964 1757 in
993 1682 1264 1780 cogitationibus
1313 1684 1400 1756 riam
1428 1684 1465 1756 δι
1482 1686 1650 1766 honorem
1669 1682 2014 1777 &incorruptionem
2033 1706 2106 1774 que·

465 1783 554 1854 suis:
583 1784 619 1855 &
644 1782 861 1859 obscuratum
875 1783 923 1853 eli
940 1780 1098 1874 insapiens
1124 1803 1186 1854 cor
1200 1803 1264 1852 eo·
1312 1781 1467 1855 rentibus
1479 1781 1591 1857 vitam
1607 1802 1781 1857 eternam·
1794 1782 1858 1853 His
1871 1800 1986 1855 autem
2000 1780 2103 1872 quiea
2123 1773 2150 1864 sl

464 1904 540 1955 rum
554 1880 709 1955 dicentes
723 1882 815 1955 enim
829 1880 862 1951 se
875 1881 940 1953 esse
956 1878 1125 1973 sapientes
1140 1906 1150 1941 ε
1171 1876 1263 1951 stulti
1313 1879 1578 1975 contemptione
1593 1880 1685 1953 sunt‘
1701 1885 1737 1953 δι
1751 1879 1809 1974 qui
1823 1900 1890 1949 non
1904 1875 2105 1971 acquiescunt
2169 1951 2170 1956 ,

468 1977 550 2051 faeti
567 1979 667 2063 sunta
693 1982 727 2053 dt
750 1997 971 2053 mutaverunt
987 1972 1136 2071 gloriam
1153 1973 1268 2047 incor-
1315 1975 1995 2067 veritati:creduucautemiuiquitatis
2022 1974 2105 2048 ira&
2169 2007 2170 2098 q

468 2076 639 2170 nuptibilia
664 2076 732 2149 Dei
763 2077 800 2149 in
829 2070 1083 2147 similitudinem
1108 2071 1267 2167 imaginis
1317 2074 1540 2171 indignatio.
1565 2072 1762 2149 Tribulatio
1783 2072 2105 2166 &augustinianu-

395 2194 443 2267 ις
467 2170 698 2269 corruptibilis
720 2168 897 2249 hominisr
932 2172 968 2243 dt
997 2167 1200 2243 volucrum:
1229 2176 1267 2245 δι
1316 2195 1393 2244 nem
1422 2172 1565 2248 animam
1589 2173 1738 2246 hominis
1760 2174 1942 2265 operantis
1968 2170 2103 2245 malunt
2169 2185 2170 2190 ’

467 2272 749 2365 quadrupeduma
777 2274 813 2343 δι
840 2268 1050 2364 serpentium
1074 2313 1085 2335 ·
1115 2269 1266 2365 Propter
1311 2268 1411 2347 iudei
1427 2271 1574 2365 primum
1593 2274 1629 2345 dt
1643 2270 1778 2345 Greci.
1806 2265 1929 2343 Gloria
1942 2291 2051 2345 antem
2073 2274 2101 2342 dt
2121 2280 2170 2358 70x

469 2370 566 2461 quod
590 2368 732 2441 tradidit
750 2365 827 2442 illos
840 2366 937 2440 Deus
956 2368 991 2439 in
1005 2365 1169 2440 desideria
1183 2390 1267 2440 cor·
1315 2369 1432 2441 honor
1449 2371 1483 2441 δι
1502 2394 1569 2465 pan
1585 2371 1679 2443 omni
1697 2366 1855 2464 operanti
1871 2367 1998 2439 bonurn
2011 2370 2102 2446 Judeo

470 2467 524 2536 dis
540 2490 660 2541 eorum
675 2468 708 2541 in
722 2466 983 2540 immundiciam:
997 2483 1035 2535 ut
1048 2462 1266 2538 contumeliis
1316 2466 1462 2561 primum
1477 2470 1513 2541 δι
1531 2468 1650 2542 Greco
1665 2515 1676 2537 ·
1690 2468 1773 2541 Non
1790 2466 1838 2555 eli
1850 2465 1940 2539 euim
1954 2468 2103 2561 persona·
2169 2491 2170 2506 ¹

472 2560 617 2637 afficiant
646 2588 793 2661 corpora
810 2563 866 2637 sua
898 2562 931 2633 in
961 2560 1169 2657 semetipsis.
1195 2563 1268 2655 Qi
1319 2588 1399 2638 rum
1413 2566 1571 2660 acceptio
1585 2567 1674 2658 apud
1687 2566 1823 2641 Deum·
1847 2566 2054 2659 Qicumque
2070 2588 2101 2634 e·

399 2681 448 2737 20
471 2682 775 2738 commutaverunt
791 2676 975 2736 veritatem
990 2658 1057 2731 Dei
1077 2660 1112 2729 in
1130 2662 1268 2734 menda-
1318 2660 1390 2733 nim
1406 2663 1475 2736 siue
1491 2662 1566 2762 lege
1584 2682 1834 2757 peccaverunt:
1863 2663 1933 2733 fine
1948 2661 2024 2760 lege
2035 2688 2102 2759 per·

471 2758 561 2845 cium
576 2787 586 2829 a
601 2764 636 2832 δι
652 2756 836 2837 coluerunt
851 2760 886 2830 δέ
904 2757 1097 2831 servierunt
1107 2778 1267 2831 creature
1319 2760 1419 2832 ibunt
1439 2808 1450 2828 .
1474 2761 1517 2831 Et
1541 2764 1741 2856 quicumque
1766 2762 1800 2833 in
1813 2755 1930 2855 legem
1955 2785 2101 2856 peccave·
2122 2764 2150 2845 ii
2169 2851 2170 2858 ἵ

469 2857 868 2951 potiusquamcreatorir
883 2856 1000 2949 quiesi
1014 2854 1110 2925 Deus
1125 2855 1267 2929 benedi·
1318 2877 1505 2951 rnntaper
1521 2856 1634 2955 legem
1649 2858 2010 2943 iudicabuntur.Non
2023 2862 2101 2933 eninr
2169 2869 2170 2930 1

469 2950 586 3027 clusin
596 2955 841 3029 secula-Amen.
851 2958 1004 3049 Propter
1019 2953 1109 3046 quod
1125 2952 1268 3025 tradidit
1317 2956 1495 3027 auditores
1510 2953 1594 3052 legis
1609 2958 1685 3040 justi
1701 2958 1776 3026 sunt
1788 2956 1877 3047 apud
1892 2958 2028 3031 Deum:
2051 2959 2101 3029 sed

468 3048 546 3127 illos
558 3055 649 3127 Deus
664 3055 696 3125 in
715 3054 882 3146 passiones
897 3050 1101 3149 ignominie.
1112 3050 1201 3125 Nam
1214 3053 1266 3121 se·
1318 3051 1467 3127 fatiores
1484 3052 1567 3151 legis
1592 3053 1885 3137 justificabuntur.
1908 3058 1997 3133 Cum
2023 3057 2101 3129 enim

399 3172 445 3247 ος
468 3149 558 3224 mine
567 3176 686 3227 eorum
696 3152 962 3225 immutaverunt
973 3144 1159 3221 naturalem
1170 3155 1275 3221 uiumt
1325 3169 1525 3248 gentesque
1544 3153 1658 3249 legem
1671 3176 1740 3226 non
1757 3153 1906 3227 habent:
1919 3151 2101 3226 naturaliter

469 3250 505 3322 in
521 3273 597 3323 eum
615 3250 707 3323 usum
724 3248 781 3342 qui
798 3250 844 3319 est
857 3264 977 3319 contra
993 3245 1273 3319 naturam-Simi—
1324 3271 1366 3319 ea
1394 3270 1460 3339 que
1485 3246 1572 3346 legis
1595 3251 1671 3324 sunt
1697 3250 1849 3323 iaciuntr
1866 3248 2048 3326 huiusmodi
2059 3247 2098 3320 le·
2118 3246 2150 3319 80
2169 3251 2170 3258 ’

470 3344 551 3419 liter
566 3341 879 3421 autem&masculi
897 3340 1019 3415 relicto
1032 3342 1177 3414 naturali
1209 3343 1268 3414 ulia
1318 3349 1685 3441 geuuonhabentess
1717 3348 1965 3434 ipfisuntlexr
1992 3351 2043 3443 qui
2065 3374 2098 3423 ο-
2169 3391 2170 3406 ÷

470 3444 692 3518 seminarum:
719 3442 920 3515 exarserunt
952 3438 986 3510 in
1010 3438 1183 3512 defideriis
1199 3440 1265 3512 suis
1316 3443 1472 3514 {tendunt
1500 3469 1588 3538 opus
1599 3444 1691 3543 legis
1706 3445 1866 3541 scriptum
1901 3469 1933 3517 ru
1957 3448 2099 3522 cordibus
2169 3447 2170 3482 ¹

470 3541 506 3614 in
520 3543 671 3617 invicem
688 3537 824 3613 masculi
845 3540 878 3610 in
898 3535 1061 3612 masculos
1076 3539 1268 3632 turpitudi·
1316 3539 1395 3613 suis.
1408 3540 1651 3616 Testimonium
1668 3544 1850 3616 reddentes
1864 3542 1931 3617 illis
1945 3548 2100 3621 conscien·
2169 3575 2170 3630 l

399 3651 450 3737 '30
472 3661 549 3711 nem
563 3656 768 3733 operantes.
782 3638 824 3709 Et
843 3636 1037 3709 mercedem
1050 3658 1266 3730 quamopor·
1319 3638 1368 3709 tia
1383 3636 1556 3730 ipsorum:
1587 3644 1619 3714 ss
1638 3642 1730 3715 iuter
1757 3643 1792 3713 se
1816 3642 1963 3717 invicem
1977 3643 2099 3738 cogita·
2169 3649 2170 3658 ’

470 3737 537 3807 tuit
554 3734 683 3809 erroris
699 3732 747 3805 sui
774 3732 806 3805 in
821 3732 1018 3826 semetipsos
1036 3731 1269 3827 recipientes.
1317 3735 1452 3806 tionum
1465 3738 1693 3813 accusantium
1710 3767 1722 3807 a
1748 3758 1806 3812 aut
1819 3742 1923 3813 etiam
1934 3744 2101 3813 defenden—
2120 3733 2150 3822 85
2169 3775 2170 3834 q

470 3832 515 3906 Et
540 3834 623 3905 ficut
647 3855 717 3905 non
744 3832 985 3928 probaverunt
1004 3832 1119 3906 Deum
1143 3828 1266 3902 habere
1317 3830 1403 3903 tium
1429 3830 1463 3902 in
1495 3833 1552 3907 die
1570 3859 1635 3930 qua
1648 3838 1814 3920 judicabit
1831 3838 2100 3911 Deusoccults..
2169 3841 2171 3980 q

470 3931 648 4006 noticiam:
668 3926 902 4004 tradiditillos
919 3929 1014 4003 Deus
1032 3928 1065 3998 in
1083 3916 1266 4022 reprobum
1317 3928 1520 4005 hominurnr
1555 3932 1736 4007 secundum
1764 3934 1977 4032 evangelium
2000 3959 2098 4008 meum

471 4028 627 4103 sensumr
655 4047 694 4102 ut
710 4028 917 4126 faciantque
938 4050 1009 4099 non
1025 4026 1268 4097 conveniunt.
1317 4048 1381 4119 per
1405 4028 1520 4104 lesum
1543 4031 1716 4110 Christum
1732 4032 1915 4110 Dominum
1941 4036 2102 4107 nostrum.

404 4142 449 4216 35
474 4126 644 4223 Repletos
659 4126 753 4201 omni
768 4124 971 4216 iniquitate.
998 4119 1156 4195 Malicia.
1183 4124 1269 4197 For·
1319 4195 1326 4215 ,

437 4272 440 4282 ·
473 4224 643 4297 nicatione
658 4221 840 4294 .Auaricia
852 4266 862 4287 .
876 4219 1065 4312 Nequitia.
1080 4216 1206 4293 Plenos
1217 4221 1269 4291 in·
1317 4232 1368 4311 Bt·
1382 4224 1497 4300 Amen
1511 4275 1524 4300 .
2121 4245 2152 4322 92
2169 4231 2170 4266 l

472 4321 588 4397 vidia.
606 4317 831 4393 Homicidiis.
845 4314 1138 4410 Contempnione.
1156 4316 1266 4395 Dolo.
1518 4319 1523 4326 ’
2169 4321 2170 4408 l

471 4415 721 4513 Malignitate.
750 4413 983 4488 susurrones.
1010 4414 1235 4492 Derranores
1252 4465 1265 4490 .

471 4516 554 4592 Deo
567 4511 736 4589 odibiles.
754 4508 1056 4587 Contumeliosus.
1070 4515 1273 4607 Superbos.
1394 4520 1505 4595 teuto
1523 4524 1634 4613 fiansii
1661 4522 1830 4624 evangeiii
1847 4524 2023 4615 secundum
2045 4530 2099 4593 lt·
2169 4517 2170 4522 ’

400 4624 452 4709 '40
474 4613 611 4691 Elatus.
632 4612 702 4685 Sibi
720 4609 920 4707 placentes.
936 4610 1144 4683 inventores
1161 4613 1272 4690 malo·
1323 4630 1420 4685 cam.
1951 4628 2099 4717 capum.

406 4746 410 4756 ·
473 4736 572 4789 rum.
598 4710 798 4786 Parentibus
828 4732 893 4781 uon
919 4709 1125 4783 obedientes
1150 4759 1161 4781 .
1190 4712 1271 4785 lnfi-
1622 4783 1652 4816 s
2112 4717 2170 4810 95}

474 4812 606 4906 pientes
619 4856 629 4878 ·
643 4808 931 4901 incompositores
947 4854 958 4878 .
981 4808 1062 4881 Sine
1074 4806 1269 4882 affectiones
1381 4807 1443 4883 Lio
1456 4810 1489 4885 in
1503 4834 1661 4912 tempore
1675 4844 1686 4887 r
1708 4815 1879 4893 Dominus
1892 4820 2004 4894 noster
2014 4814 2093 4894 Jesus
2169 4807 2170 4878 l

472 4906 596 5001 absque
610 4908 738 4979 sedere.
750 4908 829 4980 Sine
844 4904 1098 4983 misericordia.
1111 4910 1270 5002 Qicum
1394 4911 1549 4987 Christus
1566 4915 1771 5008 loquebatur
1784 4914 1958 5012 discipulis
1979 4916 2037 4987 suis
2050 4914 2094 4984 di·
2169 4951 2170 4974 r

474 5006 635 5088 justiciam
659 5003 726 5076 Dei
755 5003 1015 5099 cognoviii‘ents
1043 5028 1112 5081 non
1129 5005 1269 5079 intelle·
1317 5035 1398 5085 cens
1412 5056 1423 5079 ·
1437 5010 1554 5085 Homo
1566 5012 1701 5107 quidam
1715 5036 1788 5088 erat
1799 5018 1898 5089 dives
1914 5044 1925 5085 ε
1941 5020 1976 5088 &
1990 5013 2093 5083 indue·

404 5115 452 5189 45
477 5120 620 5175 xerunt.
643 5100 818 5190 Quoniam
843 5100 900 5191 qui
917 5098 999 5174 talia
1016 5124 1123 5201 agunt
1141 5133 1152 5173 ε
1174 5106 1268 5203 digni
1318 5110 1417 5184 batur
1433 5113 1631 5202 purpura&
1646 5116 1755 5205 bysso:
1768 5116 1803 5186 δι
1816 5112 2013 5208 epulabatur
2022 5132 2093 5201 quo·

380 5239 384 5260 κ.
477 5198 554 5273 sunt
571 5215 787 5273 morternon
803 5195 909 5271 solnm
923 5198 980 5288 qui
994 5223 1034 5272 ea
1048 5203 1186 5275 faciunt.
1199 5206 1267 5279 Sed
1317 5207 1404 5280 tidie
1417 5202 1619 5297 splendide.
1642 5213 1686 5284 Et
1698 5230 1774 5281 erat
1790 5212 1925 5303 quidam
1942 5210 2091 5282 mendicus
2112 5213 2170 5281 sod

354 5288 457 5368 'Cain
475 5300 510 5370 &
542 5299 598 5389 qui
628 5293 844 5368 consentiunt
861 5293 1085 5371 facientibus.
1120 5300 1272 5396 Propter
1319 5302 1640 5379 nomine-Lazarum
1669 5306 1726 5399 qui
1740 5310 1877 5390 iacebat
1896 5311 1940 5380 ad
1950 5312 2092 5392 ianuanu
2169 5371 2170 5376 ,

474 5397 567 5489 quod
591 5390 874 5505 inexcusabilisoo
896 5390 1000 5466 homo
1015 5418 1052 5467 es
1080 5395 1191 5469 omnis
1210 5400 1270 5495 qui
1317 5408 1392 5489 eius
1417 5396 1585 5475 ulceribus
1601 5398 1744 5497 plenusr
1767 5408 1803 5477 δι
1817 5406 1959 5502 cupiens
1972 5398 2094 5477 saturari

472 5496 624 5583 judicans
657 5492 690 5565 in
706 5490 1203 5585 quoenrmiudicasalterums
1231 5517 1269 5571 te
1317 5502 1363 5573 de
1387 5502 1482 5576 micis
1510 5524 1577 5593 que
1590 5500 1757 5574 cadebant
1782 5506 1825 5575 de
1843 5498 2093 5576 meusadivitis·

402 5610 454 5682 '50
475 5591 581 5687 ipsum
595 5594 799 5667 condemnas
816 5636 826 5660 .
841 5588 963 5662 Eadem
976 5592 1066 5667 enim
1079 5589 1179 5689 agisa
1200 5618 1267 5690 que
1317 5600 1387 5671 Sed
1419 5600 1455 5669 δι
1485 5617 1585 5669 canes
1607 5597 1793 5674 veniebant
1815 5604 1852 5674 ἃ
1871 5600 2040 5699 lingebant
2052 5590 2097 5663 ul·

382 5757 385 5765 .
472 5692 627 5778 iudicas.
653 5689 781 5765 Scimus
803 5688 892 5761 enim
916 5692 1078 5782 quoniam
1099 5692 1265 5776 iudicium
1315 5701 1481 5778 ceraeius
1496 5695 1651 5768 manum
1670 5696 1845 5772 otiantem
1860 5719 1900 5771 nt
1920 5712 2095 5774 moreretur
2116 5702 2166 5780 105

472 5788 541 5861 Dei
557 5788 603 5859 est
617 5786 797 5863 secundum
811 5788 995 5865 veritatem
1010 5789 1043 5863 in
1059 5814 1118 5862 eos
1135 5792 1193 5887 qui
1211 5813 1265 5867 ta·
1312 5795 1486 5872 mendicus
1504 5794 1541 5865 ἃ
1554 5813 1751 5886 portaretur
1765 5796 1808 5868 ab
1818 5794 1954 5892 angelis
1966 5794 2097 5867 inlinunt
2169 5885 2170 5888 Ἴ

472 5882 518 5960 lia
535 5907 664 5983 agunt.
689 5887 884 5961 Existimans
899 5904 1010 5967 autem
1026 5890 1094 5964 hoc
1113 5916 1138 5965 o
1156 5892 1265 5966 homo
1315 5892 1481 5968 Abrahe.
1507 5892 1674 5964 Mortuus
1689 5892 1737 5963 eli
1751 5894 1786 5963 ἃ
1801 5895 1899 5965 dives
1917 5920 1928 5960 s
1952 5898 1986 5967 dr
1999 5881 2098 5981 sepul·

365 6026 369 6035 .
463 5984 674 6081 ‘quijudicn
689 6010 750 6061 eos
767 5988 825 6081 qui
840 5984 1265 6093 taliaaguutrdtsatis'ea
1315 6009 1371 6069 tus
1387 5991 1435 6067 eii
1456 5986 1666 6068 ininfecno.
1689 5985 1835 6069 Elevans
1851 6008 1968 6069 autem
1992 5982 2100 6165 tuscul0⁸

2018 6100 2094 6157 ⁰08²

2169 3997 2171 4050 l
