4450 7209
466 692 526 765 ·8'8
974 669 1639 760 DOMINICI'A‘NTB

478 784 614 865 veniasr
629 786 768 887 &apud
783 811 848 863 nos
863 809 937 861 cum
950 784 1053 859 Patre
1069 784 1277 858 mansionem
1324 786 1380 857 Sic
1394 780 1511 857 Helias
1535 784 1571 853 &
1586 778 1657 875 ipse
1672 774 1894 873 quadraginta
1906 772 2038 853 dierum
2051 774 2105 851 vel
2127 796 2158 879 55

477 888 603 963 facias.
631 886 673 957 Et
696 892 744 961 ita
764 908 828 958 nos
846 884 910 959 tibi
924 878 1108 978 peculiares
1127 882 1275 955 efficiare
1325 882 1481 956 noctium
1507 877 1618 975 spacia
1643 879 1794 963 ieiunans
1816 902 1832 975 ι
1867 875 1975 969 igneo
2013 898 2105 949 curru

477 1002 518 1056 nt
534 983 669 1074 semper
695 984 839 1081 Spiritus
854 978 966 1059 sancti
983 977 1129 1079 gratiam
1156 977 1191 1055 iu
1207 1002 1273 1076 nos
1310 976 1467 1054 everius
1479 975 1635 1052 alacriter
1646 973 1831 1070 paradisum
1845 973 2027 1046 defertur.
2057 976 2106 1047 Sic

470 1078 633 1155 nabitare
646 1081 812 1155 concedas
826 1124 839 1149 ι
1326 1076 1454 1152 Daniel
1467 1074 1642 1171 Propheta
1656 1075 1734 1145 dum
1749 1070 1950 1144 abstinentie
1971 1070 2105 1144 inservit

430 1208 455 1287 ’ς
1323 1172 1473 1274 legibus:
1505 1173 1677 1270 profunda
1702 1172 1739 1242 dl
1762 1166 1892 1240 secreta
1909 1167 2106 1261 mysleriae·

524 1272 719 1371 gsAtnen.
1323 1293 1442 1348 narrat
1457 1270 1588 1370 legibus
1602 1268 1687 1342 ..Sic
1699 1266 1806 1339 etiam
1820 1262 1986 1340 Salvator
2005 1266 2106 1339 noster
2124 1272 2157 1338 so

1323 1392 1365 1447 ac
1382 1370 1550 1445 Dominus
1563 1363 1775 1449 nosterlesus
1788 1362 1964 1437 Christura
1981 1382 2019 1437 ut
2030 1381 2107 1437 tem·

477 1555 480 1561 ,
1324 1468 1476 1565 ptatouis
1502 1468 1689 1541 destrueret
1734 1463 1924 1558 figmenta=
1969 1463 2103 1553 quadra·

799 1568 944 1647 Inlatio·
1324 1568 1421 1665 ginta
1437 1566 1569 1641 dierum
1580 1560 1637 1636 vel
1651 1558 1800 1634 noctium
1810 1556 1982 1645 jejunavit
1996 1558 2106 1653 spacia.

1322 1665 1381 1741 sic
1394 1664 1567 1739 trilliciam
1580 1661 1684 1736 animi
1698 1657 1847 1732 obtinuit
1860 1657 2021 1750 pastionis
2031 1674 2105 1729 tem·

476 1760 750 1941 Dignum&
761 1765 1079 1855 jnstnmestequum
1099 1762 1135 1835 dt
1149 1753 1271 1834 saluta·
1319 1786 1432 1859 pore.
1459 1764 1515 1835 Sic
1541 1762 1646 1834 etiam
1669 1752 2010 1849 sacrumcorpussue
2025 1753 2103 1826 divi·
2124 1753 2156 1845 ⁶5:

570 1886 573 1893 ·
598 1890 634 1939 re
649 1870 714 1939 eil:
728 1891 793 1942 nos
807 1867 869 1942 tibi
886 1860 1015 1959 gratias
1029 1883 1132 1956 agere
1148 1855 1272 1931 Domi·
1320 1862 1439 1936 nitatis
1466 1882 1635 1934 conexum
1648 1850 1792 1951 flagellis
1809 1880 1819 1922 ι
1836 1851 1946 1947 sputis
1963 1847 2103 1923 sclavis:

422 2030 426 2043 ,
475 1984 520 2033 ne
532 1960 628 2035 Deus
641 1963 774 2039 noster.
787 1969 820 2037 A
836 1986 906 2057 qno
923 1956 1056 2054 indigni
1070 1956 1176 2053 digne
1188 1977 1271 2051 pto·
1321 1955 1582 2043 lanceissjacnlis
1596 1948 2044 2051 prebuitvulnerandum.Et
2057 1948 2103 2020 hic

475 2057 650 2157 tegimur:
678 2063 714 2133 δι
743 2055 973 2156 protectionis
996 2048 1135 2128 munera
1149 2070 1271 2129 cecato
1322 2056 1358 2129 in
1375 2054 1437 2130 illo
1459 2056 1586 2128 accessu
1599 2046 1834 2127 adversitatisr
1866 2048 1994 2120 nostras
2017 2043 2105 2118 diluit

408 2186 452 2261 ¹5
468 2155 592 2230 'cordis
617 2154 720 2233 oculo
745 2185 815 2235 non
831 2156 1034 2254 pensamusr
1057 2153 1140 2225 dum
1159 2150 1274 2246 sepe.»
1324 2152 1527 2229 veternosas
1553 2147 1696 2229 maculas
1709 2143 1916 2243 pravitatis.
1938 2143 2101 2226 jamvero

397 2282 407 2315 τ
477 2252 582 2364 proni
601 2252 635 2325 ln
648 2251 747 2349 culpa
759 2256 923 2331 labimurr
952 2245 1086 2326 &nihil
1102 2250 1223 2337 julium
1237 2272 1273 2321 a·
1322 2255 1400 2351 poll
1412 2253 1499 2324 hec:
1523 2251 1605 2363 quid
1619 2242 1864 2344 Apostolorum
1877 2266 2033 2314 numerus
2047 2243 2101 2314 do·
2123 2258 2157 2335 70

479 2350 1275 2545 tlllhftsllhzgslrsiluistis?
1324 2348 1846 2546 sllhtfhlfflsslh
1859 2337 2102 2545 f‘lll‘qllh

478 2547 618 2619 charum
642 2548 767 2626 invitat
781 2545 963 2642 exemplar
991 2548 1027 2619 δι
1041 2568 1105 2642 per
1119 2542 1276 2637 Prophe·
1325 2548 1373 2623 ob
1388 2549 1473 2622 hanc
1487 2546 1632 2643 gratiam
1648 2542 1713 2615 tibi
1725 2536 1981 2612 clementiffime
1993 2534 2101 2608 Dum!-

401 2674 456 2731 ρο
481 2659 592 2719 tarum
616 2640 759 2721 salubria
774 2652 879 2723 docet
892 2640 1055 2719 oraculas
1085 2644 1121 2713 iit
1144 2664 1206 2735 per
1221 2662 1278 2711 ru·
1326 2670 1369 2717 ne
1382 2644 1554 2720 valeamus
1569 2641 1775 2738 respondere
1792 2668 1802 2709 a
1817 2634 1876 2707 nili
1892 2653 1931 2707 ut
1946 2656 2017 2705 cum
2031 2652 2102 2707 roto
2172 2659 2173 2700 ι

403 2764 415 2829 ,χ
481 2739 617 2815 tilantia
641 2744 884 2821 incarnationis
900 2741 1044 2815 Domini
1067 2740 1170 2815 noslri
1192 2735 1271 2816 lesu
1320 2744 1435 2819 cordis
1458 2741 1582 2817 affeciu
1607 2740 1786 2825 majestatis
1809 2754 1869 2806 tue
1897 2728 2098 2827 imploremus
2122 2736 2173 2820 75*

477 2838 608 2912 Chrisli
620 2836 772 2917 inlustrat
789 2838 975 2917 miraculae
998 2840 1107 2913 adhuc
1119 2834 1223 2909 etiam
1234 2834 1272 2905 δι
1320 2839 1540 2938 ιιίριᾶιιιιι.
1561 2844 1608 2913 Ut
1621 2861 1688 2909 non
1708 2858 1771 2906 nos
1785 2830 1924 2916 abjicias
1940 2826 2031 2901 velut
2047 2830 2100 2901 iu·

474 2932 726 3031 Apostolorum
752 2944 827 3026 eius
842 2937 1003 3016 melliflua
1020 2937 1273 3035 predicamenta
1321 2943 1487 3015 mundos:
1513 2936 1572 3030 qui
1593 2959 1658 3008 nos
1678 2930 1893 3033 agnoscimus
1908 2927 2002 3001 nimis
2015 2926 2100 3019 squa-

476 3036 587 3107 nolira
601 3032 718 3113 inserit
733 3040 862 3113 corda·
896 3040 942 3110 Ut
954 3055 1106 3109 eternam
1122 3049 1273 3109 amantes
1324 3036 1451 3111 loribus
1466 3039 1531 3109 esse
1547 3032 1730 3131 pollutos:
1757 3028 1814 3101 sed
1846 3026 1972 3098 exhibe
1992 3048 2049 3097 uos
2067 3042 2100 3098 ιι

404 3166 454 3239 ²5
477 3134 612 3211 vitame
641 3136 808 3211 desideria
828 3133 1023 3221 abiiciamus
1037 3158 1148 3210 vanas
1177 3132 1213 3206 &
1231 3152 1273 3202 ea
1323 3156 1402 3211 tuos
1416 3135 1607 3210 ministros:
1628 3131 1687 3225 qui
1704 3126 1783 3226 sepe
1809 3129 1854 3199 de
1871 3124 2100 3208 immundlslu·
2172 3189 2173 3232 ι

474 3230 653 3325 sequamur
666 3258 766 3329 quam
783 3231 971 3309 inluminati
987 3232 1057 3303 sine
1071 3234 1142 3307 fine
1157 3251 1275 3303 mane·
1322 3234 1384 3307 bes
1399 3233 1533 3307 efficere
1548 3234 1692 3307 mundos
1706 3274 1718 3297 ·
1751 3232 1797 3300 Ut
1811 3216 1941 3298 alacres
1957 3244 2099 3295 occurra-
2120 3222 2157 3288 80

475 3351 515 3405 re
541 3326 660 3403 scimus
679 3350 870 3429 perpetua.
896 3330 951 3403 Sic
963 3328 1083 3403 Enoch
1099 3325 1274 3424 pernicio·
1324 3356 1396 3405 mur
1408 3332 1450 3405 ad
1463 3334 1528 3406 hor
1541 3331 1634 3401 dies:
1649 3348 1737 3422 quos
1750 3346 1816 3417 pro
1831 3320 1945 3393 nostra
1961 3321 2101 3415 purifica·

476 3424 546 3500 sam
559 3450 748 3521 pravorum
761 3450 924 3503 execrans
938 3426 1070 3502 vitame
1090 3422 1274 3499 deledlabi·
1325 3430 1474 3506 tionem
1490 3428 1560 3524 ipse
1576 3424 1741 3498 instituisti
1756 3419 1949 3495 colendos:
1974 3420 2008 3489 dt
2019 3418 2059 3489 fic
2069 3418 2099 3487 iu

476 3519 524 3597 lia
552 3525 694 3617 paradisi
719 3526 859 3603 obtinet
875 3549 957 3599 arva
976 3570 987 3594 ·
1016 3525 1070 3597 Sic
1086 3524 1166 3599 Noe
1180 3519 1275 3607 justi·
1322 3526 1372 3600 eis
1389 3526 1471 3614 iussa
1484 3545 1624 3601 tuorum
1640 3518 1837 3614 impleamus
1851 3532 2100 3609 preceptorumr
2172 3587 2173 3646 p

407 3644 457 3727 '3⁰
478 3619 565 3691 ciam
579 3618 719 3695 servans
736 3624 916 3719 inopere:
942 3618 1055 3697 resinr
1076 3645 1153 3696 arce
1167 3621 1275 3695 faetus
1321 3643 1362 3697 ut
1379 3625 1512 3716 semper
1525 3644 1561 3695 te
1576 3616 1817 3693 conlaudemus
1833 3615 1976 3685 admixti
1989 3612 2021 3682 in
2031 3615 2102 3682 cho·
2172 3679 2173 3718 p

436 3770 442 3777 .
478 3714 526 3786 est
541 3715 577 3785 in
589 3714 710 3791 diluvii
728 3722 946 3817 tempestate.
973 3720 1029 3792 Sic
1043 3720 1210 3795 Habraam
1222 3716 1276 3789 di·
1323 3746 1368 3795 ro
1382 3722 1585 3797 Sanctorum
1598 3714 1854 3813 proclamantes
1879 3730 1982 3807 atque
2000 3710 2101 3783 itadi·
2121 3706 2157 3793 85

477 3811 561 3886 vino
574 3835 744 3913 precepto
759 3818 942 3895 obediens=
970 3818 1275 3893 dumdomumre-
1322 3839 1468 3893 centes.
1546 3832 1553 3842 ’

477 3904 625 4005 liquit&
641 3913 1274 4006 patriamramicurDeiesiesiurhea-
1878 4004 1882 4009 ¹

478 4008 659 4087 titudinem
673 4012 810 4090 obtinet
826 4016 1015 4089 infinitam.
1039 4014 1094 4086 Sic
1111 4014 1200 4087 Isaac
1216 4034 1273 4085 ca·
1370 4016 1568 4115 pachorus.
1591 4013 1733 4095 sandius
1748 4012 1912 4090 manens
1926 4003 2102 4086 sanun.

409 4130 431 4207 '3
440 4134 457 4206 5
481 4107 634 4185 stimonit
662 4112 754 4183 dono
775 4112 976 4209 prefulgens
1004 4112 1037 4183 in
1063 4110 1187 4184 semine
1209 4110 1273 4181 suo
2172 4161 2173 4198 p

403 4228 413 4267 7
480 4202 656 4278 hereditat
669 4232 787 4283 omnes
806 4229 953 4307 gentes.
973 4206 1030 4282 Sic
1044 4207 1150 4285 Jacob
1163 4204 1274 4281 humi·
2124 4226 2173 4312 pop

479 4297 640 4375 litatis&
659 4305 857 4379 sufferentie
875 4304 985 4402 gratia
997 4308 1121 4379 fretun
1134 4300 1276 4400 pr'omis·
1592 4311 1673 4396 2³0st
1691 4312 1852 4387 Sanslur.

479 4399 552 4475 sum
564 4395 723 4477 dilatavit
736 4426 934 4500 paternum.
954 4404 1009 4476 Sic
1022 4402 1150 4499 loseph
1167 4422 1275 4497 prava

478 4496 637 4573 studenti
658 4498 793 4591 Obiefia
811 4498 980 4597 repellens
996 4530 1007 4571 ι
1041 4502 1122 4577 dum
1146 4502 1276 4599 nepha-
1434 4506 1498 4581 Ere
1511 4502 1643 4579 sandius
1660 4529 1743 4578 vere
1759 4501 1959 4577 benedidius
1985 4525 2020 4573 ts
2035 4504 2104 4575 Do·

408 4618 461 4695 ’ρο
480 4595 570 4673 rium
597 4599 769 4675 recusaret
795 4600 973 4695 stuprumr
1005 4596 1187 4696 principari
1204 4623 1275 4675 me·
1442 4605 1531 4678 mine
1545 4605 1641 4677 Deus
1659 4605 1797 4675 noster.
1818 4602 1890 4700 Qi
1906 4626 1969 4676 nos
1980 4626 2039 4695 per
2051 4624 2102 4693 pe·

406 4718 417 4783 ,ζ
441 4752 443 4763 .
481 4694 550 4769 ruit
573 4694 607 4771 in
624 4698 791 4797 Egypto·
820 4698 875 4774 Sic
889 4695 1032 4793 Moyses
1048 4699 1211 4795 negando
1240 4700 1275 4773 se
1325 4701 1504 4776 nitentiam
1517 4702 1643 4775 invitas
1657 4704 1699 4773 ad
1715 4698 1848 4773 veniam
1865 4728 1874 4769 ι
1907 4720 1945 4771 ιιι
1960 4699 2101 4793 purifica·
2117 4711 2157 4786 95

480 4791 546 4866 esse
561 4795 666 4869 filium
680 4795 887 4873 Pharaonisr
903 4797 982 4871 dum
995 4793 1205 4890 temporales
1220 4819 1277 4869 re·
1326 4797 1372 4870 tis
1387 4801 1555 4872 concedas
1572 4798 1677 4871 vitam
1690 4820 1867 4873 eternam.
1893 4797 2024 4873 Christe
2036 4796 2100 4869 Do·
2172 4839 2173 4862 ι

480 4888 572 4985 spuit
596 4890 868 4968 delediationesr
896 4893 1001 4991 magis
1024 4889 1156 4992 eligens
1171 4916 1278 4968 cum.»
1326 4895 1416 4971 mine
1430 4919 1470 4971 ac
1483 4898 1688 4991 redemptor
1702 4914 1850 4970 eterne.

479 4988 618 5083 populo
645 4989 714 5061 Dei
731 4993 856 5063 habere
881 4992 1124 5067 afflidiionemr
1154 4991 1276 5067 extitit
1795 4989 1798 4997 ’

412 5106 458 5181 ιρς
483 5083 516 5154 in
532 5084 765 5163 miraculorum
783 5089 1002 5183 patratione.
1026 5089 1276 5188 Dum·&Egy·
2172 5131 2173 5140 ι

387 5248 392 5255 .
479 5185 1276 5285 ptumdecemquassitplagiss&virgaequo·
1524 5184 1747 5288 Pollpridie·
1776 5188 1916 5264 Oratio.
2118 5187 2174 5261 sod

479 5304 519 5359 ra
546 5282 660 5356 divisit
686 5282 780 5357 rubri
793 5283 920 5355 maris.
952 5284 1117 5356 Producit
1142 5282 1273 5378 limpha
2172 5351 2173 5378 p

478 5406 525 5456 ex
539 5383 651 5457 saxisr
677 5386 713 5457 δι
729 5378 952 5478 quadraginta
980 5380 1111 5454 dierum
1133 5380 1190 5456 vel
1208 5401 1272 5451 no·
1421 5387 1533 5461 Heiste
1551 5388 1699 5461 Domine
1725 5392 1821 5471 cuius
1841 5381 2001 5481 parrionis
2018 5370 2100 5453 mor·
2152 5459 2159 5473 ,

480 5479 583 5559 filum
607 5481 718 5576 spatia
745 5478 983 5554 continuando
1008 5476 1129 5564 ieiunii
1157 5475 1271 5577 legem
1432 5485 1476 5558 tis
1507 5488 1544 5559 dt
1571 5485 1828 5561 resurrediionis
1863 5484 1950 5559 ideo
1977 5480 2100 5555 neimo
2172 5535 2173 5550 ,

408 5592 460 5672 '50
481 5578 678 5677 promulgat
694 5580 727 5651 in
745 5574 907 5675 populis.
929 5576 1095 5653 Siclosue
1109 5578 1191 5649 dum
1205 5579 1273 5653 ho·
1317 5582 1702 5659 commemorationem
1728 5585 1808 5675 quia
1837 5604 1899 5677 per
1930 5582 1964 5653 id
1992 5600 2050 5653 nos
2071 5600 2100 5645 a·
2172 5665 2173 5674 ρ

392 5702 398 5767 j
480 5678 543 5751 lles
559 5676 710 5751 conterit
726 5674 846 5774 populi
863 5675 930 5747 Dei
945 5704 954 5746 r
970 5674 1061 5749 Solis
1072 5674 1203 5750 cursum
1218 5700 1274 5749 re·
1323 5678 1516 5789 gnoscimns
1544 5684 1704 5776 recepisse
1723 5679 2020 5774 redemptionemr
2046 5670 2096 5765 qui
2119 5677 2174 5761 105

477 5774 570 5849 tinet
584 5777 618 5847 in
631 5774 767 5853 climate
780 5772 873 5851 celi.
900 5773 956 5848 Sic
970 5772 1088 5849 David
1113 5774 1191 5849 dum
1208 5772 1274 5849 mi·
1321 5797 1356 5845 ln
1380 5774 1629 5873 prothoplausti
1668 5781 1819 5873 parentis
1846 5778 1999 5872 improba
2025 5795 2099 5847 con·
2172 5791 2173 5794 ’

480 5871 627 5948 sericors
656 5892 754 5948 extat
777 5875 811 5948 in
841 5869 951 5970 gloria
977 5872 1100 5969 regnis
1128 5895 1273 5968 regnare
1322 5871 1473 5949 sensione
1506 5900 1637 5951 eramus
1676 5875 1897 5950 condemnari
1926 5877 1960 5946 in
1976 5877 2099 5945 damm-
2172 5911 2173 5938 ι

406 1684 454 1765 'io

480 5990 560 6049 cum
575 5970 714 6047 Chrillo
738 5970 774 6045 in
795 5968 1034 6069 sempiternum
1057 5971 1274 6073 promeruit·
1323 5971 1449 6055 tione·
1478 5972 1627 6055 Purilica
1648 5995 1713 6057 nos
1726 6000 1768 6075 ea
1782 5972 2102 6147 miserationgudffi
2172 5965 2173 5978 '
