4450 7209
723 721 861 801 FERIA
887 719 1031 795 SEXTA
1060 722 1112 799 IN
1139 721 1437 796 PARASCEVE.
1512 792 1518 805 ,
1872 746 1937 824 171

262 824 565 1002 lls‘pillllluiz
580 820 1070 1018 {illilsulltt‘tlss
1121 817 1607 1014 &illil'tltt‘tssltli'ss
1638 829 1941 998 tillidi?
1965 941 2009 1012 ss

261 1022 392 1102 Pilatus
419 1025 512 1112 jussit
544 1021 641 1096 reddi
670 1043 822 1117 corpus.
847 1019 890 1088 Et
919 1035 1067 1112 accepto
1118 1035 1201 1090 tur.
1217 1016 1389 1110 Episcopus
1401 1016 1517 1083 dicat.
1542 1012 1592 1082 Te
1606 1037 1787 1108 precamur
1808 989 1938 1093 Do'mi·

261 1147 413 1217 corpore
435 1120 534 1199 lesus
569 1115 719 1193 involvit
746 1139 826 1193 eum
863 1115 896 1186 in
926 1114 1068 1189 lindonc
1121 1138 1196 1188 ne.
1219 1109 1530 1207 P.lndulgentia.
1557 1110 1799 1198 vl0l’rocedat
1827 1113 1936 1190 abal.

213 1224 419 1318 5tnunda=
458 1222 492 1292 dt
522 1217 640 1316 posuit
667 1241 746 1290 enm
780 1213 816 1286 in
840 1234 1069 1288 monumento
1119 1214 1285 1287 tiffimo·
1320 1205 1645 1305 P.Iodulgentia.
1689 1207 1964 1299 vi08uccutrat'.

262 1322 324 1396 suo
354 1342 489 1392 novos
526 1317 837 1411 quod'exciderat
869 1311 912 1382 -in
944 1333 1069 1409 petra·
1120 1312 1220 1384 nobis
1247 1307 1404 1384 miseris.
1436 1319 1481 1378 P.
1499 1305 1747 1404 indulgentia·
1773 1305 1818 1476 p
1833 1310 1934 1397 Deli·
1982 1384 1987 1392 ,

259 1419 304 1492 Et
338 1414 495 1491 advolvit
523 1414 669 1510 lapidem
697 1435 852 1511 magnum
883 1411 926 1483 ad
950 1411 1069 1485 ostium
1119 1408 1176 1482 &a
1216 1425 1346 1504 purget
1387 1407 1586 1479 omnibus.
1627 1405 1935 1504 P.lndugentia.
1961 1412 2012 1486 60

260 1517 495 1591 monumenti:
523 1518 558 1587 dt
580 1513 692 1587 abiit.
716 1515 812 1586 Tunc
824 1528 1069 1584 convenerunt
1121 1505 1171 1600 pl·
1194 1507 1368 1582 Ptestetut
1395 1503 1660 1599 penitentibus.
1683 1514 1729 1575 'P-
1747 1504 1936 1605 lndulgen·

287 1615 436 1710 rincipes
464 1611 691 1687 sacerdotum
724 1604 923 1705 &pharisei
957 1610 1000 1682 ad
1017 1606 1074 1681 Pi·
1109 1605 1204 1679 tia·
1240 1601 1454 1697 &amona
1479 1602 1524 1674 lic
1548 1600 1779 1700 lugentibus.
1815 1615 1861 1676 Ρ.
1876 1605 1934 1678 ln.

212 1743 237 1795 ο
261 1639 368 1788 litum
395 1712 576 1785 dicentes.
606 1709 780 1785 Domine:
814 1703 988 1780 recordati
1017 1704 1073 1778 su·
1121 1698 1335 1800 dulgentia·
1375 1697 1425 1790 pl·
1451 1702 1614 1774 Errantes
1656 1701 1726 1772 fide
1752 1702 1934 1800 corrigat·
1975 1718 1981 1727 '

261 1836 333 1886 mus
369 1811 448 1905 quia
478 1807 639 1883 sedudlot
667 1803 726 1878 ille
755 1802 845 1878 dixit
879 1803 991 1877 adhuc
1019 1803 1073 1877 vi·
1121 1798 1432 1895 P.lndnlgentia.
1467 1794 1515 1901 pl
1530 1799 1656 1892 tapsus
1686 1799 1837 1893 peccatis
1865 1800 1933 1874 eri·

261 1933 373 1984 vens:
401 1910 476 2004 post
501 1905 641 1981 tertium
667 1906 760 1978 diem
788 1901 988 1999 resurgam.
1010 1903 1071 1979 Jn-
1123 1915 1210 1996 gat.
1236 1893 1542 1992 P.lndulgentia·
1570 1909 1619 1991 ξι.
1635 1897 1686 1969 Te
1706 1900 1933 1994 deprecamur
1960 1898 2010 2001 65

262 2007 306 2080 be
341 2031 432 2104 ergo
472 2005 632 2078 custodiri
670 2000 884 2099 sepulchrum
917 1998 951 2069 in
982 2001 1075 2072 diem
1123 1992 1300 2073 Domine.
1329 1992 1638 2093 P·lndulgentia.

265 2106 435 2179 tertium:
465 2127 509 2177 ne
541 2105 636 2180 torte
661 2103 804 2175 veniant
825 2094 980 2191 discipuli
998 2102 1074 2183 ejus

213 2229 235 2307 5
265 2205 391 2278 nonies
422 2208 457 2276 δι
483 2202 641 2274 furentur
659 2195 777 2271 ilium=
804 2198 840 2269 &
868 2193 984 2269 dicant
1001 2193 1077 2294 ple·
1172 2189 1252 2281 Post
1267 2192 1429 2268 hecdicus
1442 2193 1635 2273 Diaconos}
1660 2192 1791 2296 Erigite
1806 2204 1900 2279 vot:

264 2302 297 2375 bi
321 2300 402 2395 quia
431 2301 578 2373 surrexit
606 2324 625 2371 a
653 2298 825 2371 mortuisa
854 2295 890 2365 δι
919 2294 986 2365 erit
1011 2318 1075 2366 nn·

262 2399 415 2487 villamus
445 2421 542 2471 error
565 2399 667 2492 pejor
692 2397 835 2491 priore.
862 2397 912 2464 At
938 2388 1003 2465 illis
1019 2392 1076 2467 Pi·
1246 2400 1293 2467 nt
1310 2393 1466 2469 Sacerdos
1490 2393 1575 2467 dicit
1596 2393 1813 2472 ornassent.¹
1960 2413 2013 2493 70·

262 2494 379 2572 latus.
411 2495 557 2569 Habetis
582 2493 764 2566 custodes:
794 2490 870 2562 ites
904 2491 1073 2564 custodite

263 2596 351 2668 ficut
378 2594 496 2672 scitis.
529 2588 580 2663 illi
604 2611 716 2667 autem
739 2606 862 2662 euntes
877 2590 1072 2664 munierunt
1227 2586 1397 2690 Nigenite
1428 2586 1480 2663 lili
1507 2589 1575 2664 Dei
1601 2591 1734 2688 patrina
1768 2594 1935 2679 cuiuscass

211 2691 503 2786 osepulchrums
529 2691 702 2788 signantes
728 2685 878 2785 lapidem
907 2708 985 2762 cum
1010 2708 1071 2759 cu·
1238 2712 1280 2763 to
1312 2687 1645 2786 preciosa'aludeis
1669 2693 1861 2767 dannatuta
1889 2695 1935 2767 ab
1976 2706 1989 2747 “·-
2046 2721 2048 2725 ·

217 2834 220 2839 -
261 2791 438 2868 llodibns.
655 2867 660 2880 ,
1121 2785 1267 2885 ingratis
1295 2786 1488 2862 inluditur:
1518 2790 1556 2862 dt
1576 2790 1807 2888 crucifigenda
1823 2793 1934 2867 latro-

311 2885 545 2961 DicatPresb.
570 2899 721 2958 Preces.
753 2881 958 2957 Penitentes
988 2908 1069 2958 ora·
1121 2908 1202 2958 num
1232 2889 1439 2984 corporibus
1465 2906 1717 2981 comparatur.
1757 2888 1930 2975 Baculus
1960 2904 2011 2991 75

260 3008 321 3064 tes
344 2989 472 3063 flectite
501 3010 609 3081 genua
624 2986 729 3056 Deos
753 2983 980 3078 deprecemur
995 2984 1070 3056 Do·
1119 2981 1230 3057 latere
1263 2984 1412 3084 sanguis,
1438 2985 1475 3055 dt
1502 3006 1588 3078 aqua
1621 2984 1790 3080 profluxit
1818 3017 1829 3055 ι
1857 2986 1933 3061 'sed

261 3089 389 3165 minum
410 3086 523 3156 Deum
545 3084 716 3157 nolltums
746 3100 787 3151 ut
813 3076 1068 3175 indulgentiam
1120 3081 1321 3180 sanguinem
1352 3106 1422 3158 non
1441 3081 1550 3155 miror
1577 3105 1623 3152 ex
1647 3106 1782 3159 carnea
1811 3106 1932 3177 aquam

211 3209 232 3283 5
263 3185 440 3260 criminum
462 3183 743 3255 &remissionem
760 3195 1070 3273 peccatorumno·
1117 3203 1207 3252 vero
1244 3203 1290 3253 err
1325 3202 1372 3256 eo
1407 3183 1504 3273 quod
1531 3176 1700 3279 intelligo
1732 3205 1799 3256 nnn
1829 3179 1936 3257 mira·
1978 3200 1987 3213 ⁸

211 3298 216 3304 '
262 3284 313 3358 bis
342 3286 473 3357 donare
501 3281 688 3377 dignetur·
1116 3278 1209 3356 bot·
1239 3275 1303 3350 llla
1332 3279 1380 3352 est
1406 3277 1500 3354 enim
1528 3275 1647 3371 utique
1671 3305 1755 3376 aqua
1776 3304 1845 3376 que
1859 3303 1925 3356 nos

312 3384 551 3480 Reiteretnra
588 3377 720 3449 choto·
754 3369 872 3456 Pallen
893 3371 1068 3472 presbyter
1115 3373 1292 3474 qnondam
1322 3380 1520 3473 persidam
1541 3394 1706 3455 mortuos
1734 3378 1931 3454 vivificavit
1958 3386 2010 3464 80·

259 3483 374 3554 dicat.
404 3477 538 3575 Erigite
565 3499 657 3546 vos:
689 3492 812 3547 orate:
843 3471 973 3544 flectite
1003 3498 1068 3573 ge·
1117 3495 1382 3579 regeneratos:
1425 3477 1617 3572 procedens
1665 3501 1716 3551 ex
1761 3497 1929 3554 mortuo.

259 3600 328 3650 nua
353 3580 457 3651 Deo·
483 3576 717 3669 Deprecemur
747 3569 932 3644 Dominum
954 3572 1069 3647 Βειιω
1117 3573 1349 3651 Clementiam
1366 3597 1456 3674 ergo
1477 3591 1569 3651 tuam
1588 3575 1794 3668 quesumusa
1815 3594 1855 3651 ut
1871 3578 1934 3650 lic·

211 3705 231 3757 n
262 3677 411 3750 nostrum
446 3692 483 3745 ut
511 3670 610 3768 laplis
635 3694 768 3744 manunt
796 3668 993 3766 porrigats
1029 3675 1067 3745 ἃ
1118 3676 1171 3749 uti
1204 3696 1414 3768 prosatore
1444 3673 1579 3772 generis
1610 3695 1680 3747 non
1719 3676 1930 3776 dedignatus
1972 3688 1988 3767 ζ

213 3790 218 3796 ·
259 3775 442 3869 prelidium
468 3773 563 3864 qnod
592 3770 635 3843 ab
648 3795 695 3842 eo
709 3769 887 3862 requiritis
914 3766 1067 3841 clemen·
1115 3799 1154 3848 es
1176 3772 1351 3850 adsumere
1372 3793 1518 3848 mortem
1547 3771 1717 3848 uolitantis
1747 3773 1798 3848 ita
1825 3776 1933 3847 &re·
2049 3781 2051 3784 ⁴

259 3891 316 3946 ter
346 3868 542 3967 impertiat·
596 3882 646 3957 132·
675 3866 896 3942 Penitentes.
932 3867 1067 3964 Erigite
1116 3871 1262 3968 surgens
1301 3869 1496 3953 amortuis
1525 3871 1691 3945 obtinere
1729 3896 1796 3948 nos
1824 3871 1928 3948 facias
1956 3876 2004 3976 85

258 3994 353 4046 vos:
380 3988 480 4044 orate
504 3965 632 4039 nenne
659 3983 773 4061 genua
799 3963 907 4035 Deos
941 3967 1068 4060 depre·
1116 3968 1161 4043 de
1187 3966 1404 4062 triumphato
1431 3967 1527 4043 none
1552 3966 1764 4047 victoriam.

258 4088 374 4142 cemur
405 4065 594 4140 Dominum
619 4063 733 4137 Deum
747 4063 926 4135 nolltums
954 4082 992 4134 ut
1013 4086 1067 4136 te·
1166 4070 1371 4159 porimen-

211 4192 235 4264 5
260 4166 475 4241 miniscentes
497 4162 585 4236 mala
608 4185 674 4254 que
689 4162 872 4260 geliintusa
901 4160 1065 4256 deinceps
1167 4166 1239 4239 Per
1263 4162 1535 4242 misericordiam
1562 4184 1657 4242 tuam
1670 4168 1767 4242 Dens
1793 4168 1927 4245 noller:
1976 4179 1987 4254 ζ

259 4265 413 4340 vitemus
436 4261 574 4336 infidias
599 4260 749 4332 inimicia
775 4276 812 4328 ut
827 4280 916 4351 quos
930 4257 1066 4334 diaboli
1113 4260 1175 4357 qui
1208 4262 1301 4338 vivis
1340 4286 1418 4338 cnm
1460 4265 1541 4340 Deo
1581 4266 1685 4340 Patre
1729 4268 1765 4339 δι
1802 4290 1927 4366 regnas

259 4365 475 4459 persuasione
499 4360 581 4432 suas
623 4358 664 4431 ab
686 4354 821 4431 altario
837 4356 904 4427 Dei
936 4357 1067 4434 subtta·
1113 4382 1191 4439 cunt
1204 4359 1339 4459 Spiritu
1357 4360 1486 4439 Saudo
1512 4362 1549 4436 in
1572 4361 1681 4441 secula
1707 4361 1929 4441 seculorum.
1949 4390 2003 4464 90

257 4482 358 4534 xerat
375 4494 391 4557 a
412 4479 557 4557 patrona
580 4474 725 4529 revocet
740 4452 860 4527 effulio
873 4450 1067 4552 lachryma·
1170 4474 1219 4557 ῃ.
1236 4466 1373 4536 Amen.
1399 4452 1412 4467 '

259 4583 360 4633 rum.
398 4574 447 4654 132.
464 4556 685 4630 Penitentes.
711 4550 847 4648 Erigite
876 4576 939 4625 vos
965 4578 1065 4628 com·
1107 4588 1110 4593 ¹
1166 4557 1821 4666 QaexpletaexclamatDs'achosus.
1859 4557 1920 4632 ln·

211 4653 354 4756 opleta
407 4656 568 4729 oratione
619 4651 766 4725 vestras
830 4670 947 4722 omnes
991 4651 1065 4745 pati
1115 4653 1358 4754 dulgentiam.

257 4777 347 4830 voce
392 4749 639 4849 indulgentiam
686 4776 706 4822 a
749 4745 905 4823 Domino
946 4750 1065 4843 politt-
1166 4755 1347 4827 secundam
1365 4754 1555 4851 suscipiunt
1580 4753 1696 4830 clerici
1715 4761 1850 4850 pariter
1875 4761 1921 4832 θ’

255 4851 394 4928 lentus.
468 4869 472 4879 ·
706 4875 708 4878 ·
1111 4851 1295 4926 clamantes
1326 4874 1388 4925 son
1417 4852 1596 4949 plusquan‘r
1640 4853 1798 4929 ducentis
1836 4855 1922 4931 vici·
1944 4877 1995 4954 95

305 4949 449 5047 Impleta
465 4965 564 5048 prece
589 4942 757 5018 exclamat
770 4945 1061 5019 Archidiacnnvs.
1110 4953 1199 5027 bus.
1221 4951 1301 5024 CC.
1612 4988 1614 4993 ·
1897 4970 1904 4987 ··

256 5048 479 5147 indulgentia
525 5038 678 5116 (imiliter
721 5044 756 5114 &
797 5044 904 5116 omnis
950 5038 1061 5116 clerus
1162 5056 1206 5119 tt
1231 5042 1301 5143 poll
1317 5045 1377 5118 hec
1407 5047 1491 5117 dicit
1515 5064 1630 5145 preces
1648 5050 1829 5125 sacerdos.
1865 5054 1920 5126 Tu

211 5174 227 5248 5
257 5147 314 5224 vel
344 5145 491 5245 populus
521 5165 588 5217 non
615 5137 788 5237 plusquam
817 5139 983 5215 trecentis
1009 5141 1063 5214 vi·
1110 5140 1226 5240 pallor
1249 5143 1367 5215 bone.
1391 5149 1436 5214 vt
1453 5141 1560 5241 supra
1579 5147 1744 5244 scriptum
1774 5145 1842 5232 eli.
1876 5161 1921 5223 Et
1966 5212 1968 5217 .

256 5248 351 5323 cibus
371 5295 382 5316 .
1109 5243 1402 5316 Diaronnsdicat.
1428 5254 1476 5336 Bt.
1493 5245 1711 5320 Peccavimus
1724 5246 1787 5318 tibi
1805 5246 1916 5322 Densa

273 5406 275 5410 .
306 5340 423 5425 vollen
462 5344 552 5415 dicat
571 5358 712 5438 preces.
751 5340 804 5412 Tu
835 5341 943 5433 pallor
967 5336 1060 5414 bone
1111 5342 1429 5415 recedentesatea
1456 5343 1557 5415 nobis
1573 5346 1833 5422 confussostibi
1846 5346 1916 5420 cle·
1946 5371 2015 5430 100

256 5443 402 5518 animam
417 5462 511 5513 tuam
530 5464 594 5532 pro
607 5441 732 5512 ovibus
751 5439 913 5534 posnilli·
1107 5442 1241 5514 mentia
1270 5445 1307 5515 8(
1329 5439 1561 5536 propitiatio.
1588 5455 1632 5516 P.
1645 5442 1696 5512 Tu
1721 5445 1851 5535 pallor.

308 5541 500 5636 Reiteretur
515 5562 535 5605 a
550 5539 647 5612 cnoro
661 5577 678 5608 .·
698 5542 750 5610 Tu
767 5540 879 5631 pallor
896 5545 1011 5611 bone·
1158 5534 1236 5621 Poll
1266 5539 1326 5612 laec
1347 5541 1440 5610 dicat
1463 5540 1754 5614 Archidiacsnns.
1778 5540 1917 5641 Depre·

211 5672 229 5724 ῃ
308 5642 472 5712 Diaconos
499 5636 628 5705 dicat.
667 5636 913 5710 l‘rollemimus
943 5652 1060 5731 preces
1108 5658 1224 5713 cemus
1249 5637 1462 5712 Dominum.

258 5758 341 5813 ante
367 5735 623 5808 facienttuarns
649 5733 796 5807 exaudi:
825 5731 983 5828 placare:
1006 5732 1059 5804 in·
1161 5734 1337 5902 Episcopus
1383 5736 1473 5807 dicat
1501 5778 1540 5804 .·
1577 5732 1628 5807 Te
1663 5734 1916 5830 deprecamur:
1984 5772 2024 5821 ,-

257 5834 363 5931 dnlge
391 5831 539 5904 Domine
565 5829 779 5904 &miserere
794 5831 990 5906 nobis0'P·
1007 5833 1059 5903 Tu
1112 5843 1157 5905 tt.
1189 5830 1443 5930 lodugentia·
1483 5829 1531 5922 sl.
1556 5833 1632 5909 Nos
1664 5839 1756 5909 Patri
1788 5860 1912 5912 recon'·
1944 5863 2013 5940 105

258 5935 399 6032 pastor·
1105 5929 1237 6006 ciliet·
1298 5943 1343 6004 P.
1372 5927 1631 6028 indulgentia.
1697 5931 1744 6024 tl
1784 5937 1939 6010 Cltrilli¹

303 6029 699 6105 Archidiaconusdicat·
724 6030 959 6125 Deprecemur
981 6031 1056 6106 Do·
1103 6032 1290 6109 confirmet
1351 6027 1503 6201 gratip.
1570 6042 1616 6104 P·
1651 6028 1875 6229 lndnlgpntia
1899 6028 1947 6106 ’.Ἰ

1493 6151 1513 6203 2
1612 6196 1624 6209 .
1794 6133 1917 6208 scon·
