4450 7209
1243 709 2426 818 DOMIN'ICA
2572 716 3274 831 PRIMA
3912 763 3944 813 1

640 889 2365 1126 “ADVENTUS
2538 853 4088 1053 DoM1N1r⁵⁵

1007 1142 1129 1216 Ad
1165 1138 1447 1237 Miffam
1477 1139 1768 1231 Officium
1798 1189 1823 1214 .

482 1216 533 1296 ⁵
774 1288 994 1308 -

1099 1354 1129 1399 ἒ
1219 1292 1403 1364 CCE
1451 1289 1650 1384 super
1689 1306 1962 1364 montes
2006 1293 2220 1389 pedes

590 1533 591 1543 κ
646 1476 740 1559 fl,
790 1491 793 1533 ὁ
833 1532 834 1535 ,
918 1518 954 1548 aa
998 1512 1014 1552 ι
1047 1484 1141 1576 ss]
1239 1484 1415 1568 luia.
1454 1487 1543 1560 Et
1573 1488 2048 1559 annunciantis
2081 1489 2210 1562 bo-

646 1608 658 1616 ⁴
858 1651 861 1659 ,
1032 1572 1087 1636 Ἦ
1156 1588 1159 1640 ἶ
1243 1612 1323 1656 na
1351 1580 1657 1667 alleluja:
1684 1579 1952 1658 celebra
1972 1588 2222 1660 Juda„

766 1672 782 1704 ³
958 1676 1642 1764 1-“1-.,-3·festivitates
1695 1698 1843 1753 tuas
1899 1678 2167 1769 alleluja
2201 1695 2222 1755 ‘-

1127 1803 1131 1820 ⁶
1243 1784 1327 1852 Et
1347 1781 1557 1852 redde
1585 1777 1890 1852 Domino
1918 1797 2083 1855 vota
2101 1798 2220 1854 tua

990 1884 1079 1972 ψ.
1107 1878 1443 1952 Dominus
1470 1874 1661 1949 dabit
1688 1877 1975 1950 verbum
2006 1898 2218 1955 evan-

594 1884 1047 2076 agelliizuajriti'bus
1106 1979 1174 2052 in
1223 1979 1485 2048 virtute
1517 1969 1729 2049 multa
1756 2022 1776 2044 .
1829 1985 1918 2046 P.
1945 1975 2032 2048 Et
2062 1978 2217 2048 red-

596 2077 685 2148 de
709 2124 732 2146 .
787 2079 884 2171 γᾷ.
918 2075 1162 2150 Gloria
1218 2077 1292 2147 &
1320 2075 1546 2145 honor
1578 2071 1765 2148 Patri
1820 2072 1892 2144 ἆ
1927 2069 2107 2146 Filio
2141 2077 2214 2148 δε

473 2192 549 2329 '15
599 2173 1168 2346 ἱρίἕέιὲἰεέἓὲῗὶο
1194 2170 1266 2243 in
1295 2166 1520 2245 secula
1548 2164 1926 2246 seculorum
1967 2193 2159 2243 amen
2189 2219 2212 2242 .

654 2374 901 2465 ‚Dicat
925 2363 1172 2444 ‘Presb-
1220 2368 1359 2441 Per
1407 2365 1641 2443 omnia
1698 2363 1965 2461 semper
1989 2361 2212 2440 secula

602 2463 988 2543 seculorum
1020 2515 1041 2538 .
1094 2481 1192 2560 ξι.
1224 2467 1445 2536 A-men
1477 2512 1499 2534 .

693 2572 771 2636 In
801 2568 1094 2638 adventu
1133 2563 1399 2635 Domini
1440 2583 1565 2633 non
1593 2561 1868 2631 dicimus
1895 2590 1916 2629 a
1969 2554 2215 2631 Gloria

476 2683 562 2742 20
603 2659 668 2734 in
700 2661 982 2734 excelsis
1036 2659 1398 2733 Dominicis
1421 2655 1651 2729 dzebus
1700 2655 2048 2744 &feriisz
2086 2654 2217 2753 sed

486 2790 493 2797 ·
603 2773 866 2830 tantum
898 2753 1462 2847 diebusfestivt‘si
1734 2757 1969 2825 oratio
1993 2801 2023 2825 ,

498 2919 505 2927 .
599 2853 789 3032 D
820 2859 950 2930 Ens
986 2838 1100 2948 qui
1146 2877 1273 2949 per
1300 2848 1654 2950 angelicos
1679 2851 1930 2926 choros
1957 2852 2217 2924 adven-

602 2998 611 3005 ·
793 3028 801 3037 ,
857 2973 1009 3025 tum
1066 2948 1190 3037 filii
1254 2952 1356 3023 tui
1436 2948 1726 3024 Domini
1786 2947 1996 3024 nostri
2058 2947 2214 3026 ,lesu

486 3090 493 3095 ·
603 3051 858 3125 Christi
888 3050 1296 3126 annunciare
1327 3045 1598 3128 voluisti
1628 3075 1646 3115 ε
1675 3044 1788 3138 qui
1822 3070 1943 3140 per
1969 3048 2215 3142 Ange·

473 3176 556 3251 ²5
602 3144 824 3222 lorum
854 3148 1184 3242 preconia
1242 3142 1459 3241 gloria
1514 3147 1579 3217 in
1614 3141 1898 3216 excelsis
1949 3143 2113 3217 Deo
2140 3148 2213 3237 &

598 3250 665 3320 in
733 3267 921 3320 terra
969 3269 1104 3341 pax
1154 3243 1546 3316 hominibus
1611 3242 1793 3315 bone
1825 3239 2211 3316 voluntatis

600 3344 1134 3419 adclamantibus
1161 3339 1620 3416 demonstrasti
1654 3368 1672 3407 =
1698 3340 2003 3413 concede
2033 3357 2109 3410 ut
2146 3340 2213 3411 in

598 3443 797 3529 hujus
833 3441 1200 3516 Dominice
1230 3436 1770 3511 Resmreetionis
1792 3434 2214 3508 Festivitate=

598 3565 733 3636 pax
768 3540 972 3613 terris
1023 3536 1294 3611 reddita
1328 3533 1806 3611 convalescat:
1859 3537 1928 3606 δι
1966 3532 2216 3609 frater·

473 3669 561 3744 30
601 3662 688 3711 ne
737 3636 1148 3713 delectionis
1193 3635 1525 3709 charitate
1576 3632 1910 3708 innovata
1942 3653 2214 3724 perma-

605 3755 763 3809 neat
808 3786 831 3805 .
881 3750 977 3821 ξι.
1011 3743 1230 3807 Amen
1265 3780 1286 3801 .

700 3837 910 3905 Dicat
963 3833 1275 3904 sacerdos
1315 3878 1338 3900 .
1419 3832 1556 3904 Per
1607 3828 2211 3903 misericordiam-2

599 3950 783 4007 tuam
822 3934 1012 4004 Deus
1068 3927 1300 4006 noster
1350 3928 1463 4019 qui
1516 3953 1586 4002 es
1640 3927 2037 4002 benedictus
2067 3955 2086 3994 ε
2138 3931 2209 4000 &

601 4031 788 4104 vivis
825 4034 900 4103 &
930 4030 1152 4104 omnia
1200 4025 1383 4122 regis
1418 4026 1487 4096 in
1521 4023 1740 4097 secula
1773 4024 2155 4117 seculorum
2185 4072 2207 4094 .
2292 4085 2294 4088 .

463 4151 550 4229 35
610 4143 706 4222 ξι.
735 4134 955 4204 Amen
986 4176 1005 4198 .
1059 4126 1157 4217 ἦ.
1183 4124 1528 4198 Dominus
1559 4125 1639 4194 fit
1669 4122 1931 4220 semper
1969 4122 2206 4197 vobis·

496 4282 503 4287 -
603 4251 761 4301 cum
794 4277 816 4298 .
870 4216 967 4323 ξι.
994 4227 1077 4298 Et
1105 4247 1263 4301 cum
1294 4221 1540 4317 spiritu
1578 4241 1702 4295 tuo
1729 4268 1749 4292 .

702 4326 925 4396 Leftio
976 4322 1142 4399 libre·
1192 4320 1394 4417 Esaye
1439 4318 1762 4415 prophete
1794 4366 1817 4388 ·
1896 4334 1996 4415 ξι.
2046 4317 2209 4392 Deo

603 4425 865 4518 gratias
895 4470 916 4490 .
1972 4425 2210 4511 .Cap.X.

788 4522 932 4598 Cae
980 4518 1373 4595 dominator
1399 4514 1736 4587 Dominus
1787 4515 2206 4590 exercituum

806 4617 1207 4714 confringet
1236 4609 1654 4713 lagunculam
1691 4611 1753 4682 in
1792 4632 2108 4687 terrores
2137 4614 2205 4681 &

448 4768 457 4775 .
601 4711 851 4787 excelfi
908 4717 1158 4789 statura
1188 4712 1669 4790 succindentur
1702 4734 1722 4775 ε
1771 4711 1840 4781 &
1894 4706 2207 4781 sublimes

442 4818 457 4829 '
601 4812 1197 4890 humiliabuntur=
1247 4813 1317 4883 δι
1349 4808 1836 4884 subvertentur
1868 4804 2208 4881 condensa

605 4906 810 4982 saltus
849 4917 993 4998 ejus
1022 4912 1256 4983 ferros
1309 4912 1379 4980 ἃ
1406 4908 1691 4980 Libanus
1741 4930 1897 4984 cum
1928 4901 2208 4977 excelsis

421 5018 544 5083 xl.
596 5009 799 5083 cadet
826 5054 849 5078 .
899 5010 982 5081 Et
1014 5008 1422 5106 egredietur
1456 5004 1657 5100 virga
1706 5006 1790 5074 de
1825 5003 2047 5076 radice
2065 4999 2210 5084 Jes-

432 5132 537 5206 45
596 5105 709 5177 se:
759 5108 831 5179 ὅτ
864 5107 992 5181 flos
1025 5110 1113 5179 de
1141 5101 1366 5180 radice
1393 5109 1540 5188 eius
1569 5100 1887 5172 ascendet
1915 5126 1934 5168 ε
1987 5103 2058 5173 ὅ(
2092 5123 2205 5170 re·

595 5204 904 5299 quiescet
951 5203 1159 5299 super
1187 5225 1345 5275 eum
1378 5199 1651 5292 spiritus
1677 5197 1961 5271 Domini
1995 5223 2014 5266 =
2070 5196 2206 5290 spi·

590 5300 772 5374 ritus
809 5301 1141 5394 sapientie
1167 5303 1238 5374 &
1270 5295 1655 5371 intellectus
1691 5294 2007 5392 espiritus
2035 5316 2204 5368 con-

579 5395 726 5472 filii
774 5401 844 5473 δι
908 5399 1330 5481 fortitudinis
1364 5423 1383 5465 z
1435 5392 1715 5491 spiritus
1776 5387 2065 5465 scientie
2131 5394 2202 5463 &

586 5495 885 5591 pietatis
912 5522 933 5564 ε
984 5498 1054 5567 &
1089 5495 1380 5594 replebit
1412 5515 1565 5566 eum
1619 5488 1898 5586 spiritus
1935 5488 2199 5563 timoris

421 5617 535 5699 ,ο
587 5592 882 5667 Domini
916 5642 938 5664 .
990 5595 1155 5670 Non
1202 5593 1562 5666 secundum
1597 5590 1928 5661 visionem
1954 5582 2199 5662 oculo,-

580 5716 742 5767 rum
768 5692 1147 5778 judicabitx
1198 5715 1422 5786 neque
1474 5688 1832 5759 secundum
1885 5684 2199 5761 auditum

576 5788 850 5866 aurium
879 5808 1125 5888 arguet
1161 5821 1180 5860 ε
1231 5790 1347 5862 sed
1372 5784 1706 5875 judicabit
1764 5785 1832 5853 in
1863 5780 2200 5867 justicia-0

569 5911 926 5986 pauperes
960 5916 980 5958 ε
1032 5893 1106 5963 &
1137 5906 1376 5987 arguet
1413 5885 1478 5955 in
1510 5883 1814 5976 equitate
1846 5903 1971 5973 pro
2008 5902 2200 5957 man-

574 5984 803 6086 {netis
848 6005 1038 6061 terre
1071 6033 1095 6059 .
1150 5986 1228 6057 Et
1285 5982 1642 6083 percuciet
1695 5998 1949 6056 terram
1997 5977 2203 6079 virga

784 6083 973 6176 Mis-3·
995 6093 1261 6171 Moza?-

943 1433 945 1435 -
1018 1376 1127 1484 -,’·;”ἷξ
1239 1385 1776 1484 evangelizantis
1804 1388 2226 1482 pacemalle-

2328 1103 2472 1176 oris
2502 1103 2602 1178 sui
2635 1133 2653 1174 ε
2684 1110 2752 1180 δι
2786 1101 3035 1198 spiritu
3066 1103 3401 1184 labiorum
3429 1111 3700 1185 suorum
3731 1109 3949 1182 intera'

2326 1200 2520 1276 ficiet
2546 1203 2943 1298 impiumAEt
2964 1203 3099 1274 erit
3118 1205 3377 1290 justicia
3402 1207 3752 1306 cingulum
3779 1206 3943 1284 lum·
4037 1277 4052 1288 ,

2329 1293 2575 1376 borum
2609 1307 2758 1388 ejus
2793 1328 2811 1368 =
2862 1300 2932 1368 δι
2982 1300 3155 1372 fides
3197 1301 3607 1381 cinfiorium
3645 1326 3941 1381 renum-³
3985 1322 4089 1396 60

2326 1398 2471 1477 eius
2498 1444 2520 1465 .
2569 1393 2936 1471 Habitabit
2999 1393 3194 1492 lupus
3223 1421 3371 1477 cum
3401 1426 3583 1500 agno
3613 1425 3633 1472 ε
3684 1404 3754 1474 &
3786 1425 3946 1498 par-

2324 1491 2448 1564 dus
2483 1516 2635 1568 cum
2662 1495 2845 1567 hedo
2876 1493 3223 1568 accubabit
3253 1545 3275 1566 .
3324 1498 3597 1573 Vitulus
3630 1503 3699 1572 δι
3731 1497 3844 1571 leo
3870 1501 3972 1585 δε,

2323 1589 2486 1663 ovis
2513 1591 2705 1664 fimul
2742 1589 3238 1667 morabuntur=
3291 1596 3363 1670 ἃ
3411 1617 3585 1688 puer
3612 1593 3938 1685 parvulus

2318 1686 2603 1762 minabit
2646 1715 2769 1764 eos
2796 1739 2817 1762 .
2869 1685 3146 1762 Vitulus
3203 1691 3276 1763 ὅ(
3302 1691 3492 1765 ursus
3519 1693 3881 1789 pascentur
3911 1720 3932 1763 ε

2315 1783 2503 1858 fimul
2560 1785 2989 1882 requiescent
3042 1785 3259 1859 catuli
3315 1811 3554 1863 eorum
3603 1819 3624 1857 ε
3688 1792 3761 1864 &
3819 1789 3936 1867 leo
3983 1805 4082 1902 65

2315 1881 2498 1974 quasi
2528 1885 2653 1958 bos
2686 1883 3005 1960 comedet
3040 1880 3264 1980 paleas
3291 1932 3313 1957 .
3370 1887 3455 1958 Et
3489 1885 3939 1962 delectabitur
4072 1889 4088 1904 ‘

2317 1977 2545 2054 infans
2573 1983 2655 2054 ab
2681 1984 2891 2056 ubere
2916 1979 3119 2073 super
3148 1982 3484 2059 foramina
3510 1984 3761 2080 aspidis
3795 2013 3816 2056 a
3863 1987 3940 2058 δι

2315 2073 2385 2148 in
2445 2100 2739 2248 caverpa
2765 2074 3031 2190 regul-iz
3082 2080 3198 2173 qui
3241 2077 3938 2251 §gladiatusbfiieritsscz
4021 2118 4027 2124 ·

2315 2196 2579 2251 manum
2668 2202 2817 2251 uam
2889 2194 3127 2254 mittet
3153 2224 3177 2247 .
3363 2204 3401 2250 n
3447 2202 3621 2252 noce
3675 2197 3801 2251 unt

2324 2294 2465 2344 non
2516 2276 2839 2352 occident
2894 2273 2963 2345 in
3021 2273 3353 2352 universo
3408 2295 3650 2350 monte
3692 2273 3927 2351 saneto
3974 2305 4082 2387 70]

2313 2391 2524 2443 meos
2572 2371 2727 2462 quia
2772 2367 3042 2466 repleta
3097 2374 3193 2444 est
3227 2392 3412 2448 terra
3461 2371 3739 2447 scientia
3773 2370 3933 2448 Do·-

2310 2464 2519 2538 mini=
2568 2468 2740 2542 ficut
2778 2491 2949 2563 aque
2979 2469 3185 2542 maris
3210 2469 3634 2565 operientis.
3685 2468 3761 2540 In
3810 2470 3931 2544 die

2314 2560 2428 2637 illa
2462 2565 2660 2636 radix
2676 2563 2846 2647 Jeffe
2888 2565 3002 2657 qui
3028 2568 3154 2640 stat
3212 2565 3278 2638 in
3318 2569 3588 2666 signum
3622 2563 3932 2664 populo·

2314 2682 2466 2733 rum
2517 2690 2537 2732 ε
2607 2662 2627 2733 i
2684 2661 2826 2736 sum
2876 2682 3126 2759 gentes
3175 2663 3729 2760 deprecabuntur
3771 2691 3791 2735 ε
3828 2665 3936 2738 '&
3969 2734 3984 2752 ,

2315 2755 2449 2828 erit
2477 2756 2637 2854 sepu
2668 2759 2904 2834 chrum
2923 2765 3077 2845 ejus
3112 2757 3485 2858 gloriosum
3511 2811 3534 2834 .
3562 2767 3929 2856 lje-Amen.
3973 2800 4020 2879 7
4030 2792 4078 2874 ς,
4139 2755 4155 2767 “

2413 2856 2618 2927 Dicar
2649 2854 2891 2930 ‘Presb-
2928 2859 2997 2928 In
3024 2881 3223 2929 cornu
3240 2856 3567 2948 sinistrum
3596 2860 3883 2933 altaris
3906 2904 3933 2933 0

2315 2948 2653 3025 Dominus
2679 2955 2760 3026 sst
2792 2953 3058 3049 semper
3082 2952 3437 3031 vobiscum
3460 3004 3481 3027 .
3534 2960 3721 3055 ljrAEt
3738 2980 3923 3032 cums

2410 3049 2759 3139 Psalle-ndo
2791 3099 2813 3120 .
2859 3051 3001 3140 Qi
3031 3052 3149 3123 dat
3204 3051 3435 3125 nivem
3462 3055 3631 3128 ficut
3661 3053 3881 3127 lanam
3904 3080 3931 3125 s

2310 3146 2628 3220 nebulam
2660 3145 2857 3220 velut
2892 3147 3187 3222 cinerem
3220 3149 3628 3248 spargitzqui
3660 3150 3931 3226 emittit

2312 3242 2719 3318 christallum
2758 3245 2939 3317 suam
2969 3247 3138 3319 ficut
3167 3246 3405 3321 frustra
3435 3251 3625 3342 panis
3661 3299 3681 3321 .
3734 3257 3924 3322 Ante
3968 3266 4072 3350 80

2313 3340 2555 3418 faciem
2583 3342 2861 3442 frigoris
2896 3348 3041 3433 eius
3061 3341 3188 3436 qui
3213 3343 3517 3420 subsistet
3550 3352 3584 3419 ἓ
3634 3341 3726 3442 ᾖ.
3750 3345 3925 3420 Mit-

2313 3437 2405 3510 tit
2431 3441 2713 3514 verbum
2747 3440 2934 3516 suum
2960 3443 3028 3516 δι
3056 3438 3447 3533 liquefaciet
3479 3467 3560 3518 ea
3588 3473 3607 3514 ε
3646 3445 3763 3517 fiat
3793 3440 3933 3539 spi-

2311 3535 2488 3609 ritus
2519 3564 2556 3610 e
2562 3544 2669 3624 ius
2699 3541 2768 3612 &
2797 3540 3013 3614 fluent
3042 3560 3212 3634 aque
3234 3589 3260 3613 .
3309 3551 3400 3616 P.
3423 3543 3613 3618 Ante
3632 3588 3657 3615 .
3719 3545 3927 3632 Πίσας

2315 3638 2666 3711 Sacerdos.
2700 3634 3061 3710 Silentium
3096 3638 3304 3715 facite
3332 3688 3357 3713 .

2414 3741 2771 3828 Sequentia
2799 3732 3077 3829 Epestole
3100 3739 3313 3811 Pauli
3345 3736 3658 3835 Apostoli
3680 3741 3767 3814 ad
3792 3744 3926 3830 Q·
3969 3752 4075 3851 85¹

2312 3853 2558 3903 manos.
2587 3832 3129 3928 Responaehorus.
3159 3837 3321 3910 Deo
3355 3839 3636 3935 gratias.
3671 3840 3927 3908 Ces-XV.

2306 3930 2446 4111 F
2478 3930 2727 4002 Ratres
2765 3957 2783 3999 =
2835 3931 3095 4002 Certus
3127 3931 3263 4004 snm
3311 3956 3454 4030 ego
3483 3934 3626 4029 ipse
3668 3933 3757 4004 de
3788 3959 3930 4010 vo·

2503 4025 2647 4098 bis=
2698 4025 3016 4120 quoniam
3069 4029 3141 4097 δι
3199 4027 3314 4123 ipsi
3343 4028 3525 4124 pleni
3560 4030 3711 4103 estis
3744 4028 3928 4102 dile-

2308 4125 2542 4197 ctione
2576 4151 2594 4192 ε
2647 4122 2902 4218 repleti
2929 4123 3121 4198 omni
3148 4122 3475 4200 scientia=
3525 4129 3626 4203 ita
3658 4145 3735 4198 ut
3761 4126 3971 4223 pos-·

2306 4221 2448 4293 fitis
2482 4217 2896 4295 alterutrum
2926 4244 3216 4297 monere
3245 4270 3268 4292 .
3317 4224 3664 4299 Audatius
3693 4244 3923 4299 autem
3961 4259 4069 4332 90

2279 4317 2535 4412 scripfi
2573 4319 2774 4394 vobis
2807 4320 3059 4393 fratres
3087 4344 3177 4392 ex
3203 4340 3398 4411 parte
3433 4346 3453 4391 ε
3506 4341 3828 4417 tanquam
3852 4322 3926 4396 in

2309 4416 2704 4491 memoriam
2737 4442 2868 4492 vos
2900 4422 3229 4490 reducens
3262 4447 3281 4488 τ
3312 4437 3601 4514 propter
3630 4420 3921 4516 gratiam

2305 4536 2438 4605 que
2469 4513 2624 4587 data
2652 4515 2747 4586 est
2780 4514 2947 4586 mihi
2998 4540 3035 4587 a
3067 4517 3278 4588 Deo:
3332 4535 3410 4589 ut
3452 4518 3572 4588 fim
3618 4516 3929 4589 Minister

2306 4609 2556 4683 Christi
2576 4611 2731 4686 Jesu
2768 4610 2833 4684 in
2867 4610 3209 4710 gentibus=
3238 4612 3657 4687 sanctificans
3699 4615 3920 4686 Evan-

2308 4704 2559 4804 gelium
2592 4709 2723 4779 Dei
2754 4737 2769 4777 ε
2823 4728 2901 4782 ut
2935 4709 3051 4780 fiat
3079 4706 3351 4783 oblatio
3386 4712 3697 4806 gentium
3727 4732 3922 4786 acce·
3959 4748 4060 4820 95
4206 4764 4211 4769 -

2362 4823 2429 4878 ta
2479 4809 2547 4879 &
2583 4804 2989 4879 sanctificata
3024 4805 3091 4874 in
3126 4807 3385 4901 Spiritu
3422 4805 3677 4879 Santsto
3703 4853 3725 4874 .
3776 4810 3921 4882 Ha·-

2308 4832 2448 4976 geo
2522 4903 2740 4999 igitur
2797 4901 3093 4999 gloriam
3172 4905 3239 4975 in
3295 4903 3578 4979 Christo
3624 4903 3778 4986 Jesu
3835 4908 3926 4981 ad

2309 5001 2533 5101 Deum
2563 5047 2583 5069 .
2633 5001 2799 5074 Non
2828 5002 3009 5071 enim
3039 5001 3256 5073 audeo
3289 4999 3542 5094 aliquid
3572 5002 3761 5097 loqui
3792 5026 3921 5078 eo-

2308 5121 2452 5171 rum
2481 5121 2612 5191 que
2661 5123 2784 5192 per
2816 5122 2923 5171 me
2951 5121 3092 5172 non
3120 5099 3329 5173 efficit
3361 5100 3667 5175 Christus
3698 5127 3716 5170 =
3768 5101 3922 5176 in.)

2305 5194 2772 5269 obedientiam
2842 5197 3157 5293 gentium
3213 5242 3234 5265 .
3314 5197 3389 5268 In
3457 5199 3685 5275 verbo
3739 5226 3759 5267 a
3797 5264 3803 5268 .
3843 5202 3913 5272 &
3971 5218 4114 5286 106

2304 5291 2564 5364 fafflsz
2645 5295 2713 5366 in
2776 5295 3041 5366 virtute
3116 5294 3464 5390 signorum
3544 5298 3614 5367 &
3683 5295 3919 5406 prodi-

2302 5391 2615 5489 giorum:
2695 5392 2760 5462 in
2816 5393 3084 5464 virtute
3138 5392 3434 5485 Spiritus
3477 5390 3762 5464 Sanfiiz
3814 5391 3914 5467 ita

2300 5505 2381 5563 ut
2442 5489 2526 5560 ab
2589 5486 3024 5561 Hierusalem
3086 5513 3214 5581 per
3276 5489 3638 5564 circuitum
3708 5489 3919 5582 usque

2300 5589 2386 5666 ad
2468 5582 2794 5663 Illiricum
2910 5583 3322 5681 repleverim
3425 5585 3923 5683 evangelium-2

2300 5682 2551 5755 Christi
2583 5732 2604 5755 .
2653 5685 2762 5760 Sic
2819 5703 3047 5760 autem
3109 5681 3457 5777 predicavi
3522 5684 3655 5758 hoc
3710 5710 3920 5758 evan-
3974 5714 4109 5792 105

2303 5777 2556 5876 gelium
2613 5808 2631 5848 e
2717 5805 2857 5855 non
2920 5781 3033 5853 ubi
3098 5782 3488 5854 nominatus
3560 5784 3652 5853 cst
3707 5781 3923 5854 Chri-

2301 5880 2429 5949 stus
2494 5907 2513 5948 =
2613 5901 2716 5949 ne·
2763 5880 2962 5971 super
3024 5872 3324 5950 alienum
3410 5879 3923 5955 fundamentum

2298 5975 2690 6053 edificarem
2716 6005 2737 6048 z
2768 5976 2940 6052 ficut
2974 5973 3424 6153 scriptumAest
3444 6022 3464 6046 .
3491 5978 3753 6079 Qibus
3786 5998 3931 6149 nept

3830 6093 3872 6147 e
