4450 7209
287 666 379 794 ..ss
700 706 753 788 tu
777 715 856 787 urs
883 707 1287 789 assuumcrtouts
1313 705 1521 783 nouam.

290 809 325 877 ὃ(
344 799 433 878 Filio
460 807 495 878 δι
511 806 652 904 Spiritui
667 812 804 888 Sandio'
819 816 851 884 in
870 812 978 888 secula
993 815 1092 883 secu·
1658 903 1668 913 ·

290 901 402 977 lorum
419 910 1003 1007 memnonitoltirpeccatun·
1153 956 1155 961 ·
1417 902 1508 977 villa
1535 905 1669 977 Milo·

630 1103 751 1199 Missa.
1226 1100 1353 1174 Enedic
1379 1099 1490 1175 anima
1512 1123 1588 1172 mea
1603 1098 1782 1176 Dominus
1807 1105 1846 1176 &
1874 1104 1955 1178 tota

232 1216 253 1286 5
1242 1199 1352 1272 fidelis
1367 1198 1506 1273 Christo
1524 1192 1620 1293 plebs
1637 1200 1761 1294 gaudia
1782 1201 1952 1299 religiose

376 1294 499 1372 litetur
522 1300 654 1379 celetur
684 1301 875 1376 &exultet
898 1322 1017 1379 terrac
1048 1299 1095 1375 ri·
1146 1297 1384 1394 gratulationis
1399 1296 1634 1393 consequere·
1659 1299 1782 1372 Amisit
1799 1301 1953 1373 vetustas
1978 1305 2022 1373 60

390 1396 468 1468 deat
498 1426 613 1476 marea
647 1400 706 1474 Sol
735 1399 889 1497 fulgeat:
927 1397 1091 1474 serenitas
1142 1397 1366 1495 opprobrium
1390 1416 1415 1464 ι·
1439 1419 1533 1468 mors
1560 1387 1749 1470 aculeum.
1785 1394 1955 1472 Custodia

286 1491 418 1563 rediit:
448 1500 546 1588 pellis
567 1500 703 1596 fugiit.
746 1501 938 1592 Tempestas
966 1498 1093 1572 desiit·
1143 1517 1260 1567 reum.
1286 1498 1420 1567 Catena
1445 1497 1658 1566 dannatum.
1680 1494 1762 1570 Nou
1791 1494 1894 1570 nobis
1912 1496 1951 1568 in

285 1587 383 1660 cessit
412 1593 627 1673 obscuritasz
656 1620 767 1670 aerem
797 1619 881 1670 crux
909 1595 1097 1693 purgavit:
1148 1592 1343 1687 prejudicio
1358 1616 1441 1665 caro
1457 1586 1593 1664 rebellis
1607 1580 1794 1691 adsurgat:
1820 1619 1894 1668 ιιοιι
1918 1596 1954 1666 in

209 1711 254 1767 ιο
291 1680 446 1760 tellurem
474 1692 611 1790 sanguis
627 1696 804 1768 abstersit:
834 1692 964 1790 lignum
979 1715 1099 1769 corre·
1149 1694 1332 1763 dannatum
1347 1690 1480 1785 sanguis
1498 1687 1689 1783 paricidalis
1701 1695 1778 1776 iure
1798 1692 1954 1765 criminis

182 1822 186 1827 ·
287 1781 362 1854 xit.
389 1788 518 1862 Affirtus
535 1794 652 1863 Deus:
680 1793 852 1866 hominem
866 1792 910 1864 fic
928 1791 1096 1864 redemit.
1148 1787 1372 1860 intumescat.
1396 1791 1511 1861 Homo
1524 1788 1571 1859 est
1585 1787 1641 1881 qui
1657 1791 1832 1883 perdidit=
1859 1792 1956 1866 Deus
1979 1796 2022 1888 65

291 1881 357 1957 Sed
372 1906 536 1975 quantum
564 1895 605 1964 ad
620 1887 929 1963 immutabilitatem
945 1890 1098 1974 majella·
1147 1887 1253 1958 homo
1283 1885 1390 1959 factm
1416 1884 1544 1978 estqui
1573 1888 1745 1961 redemit.
1776 1890 1958 1976 Maiorem

290 1978 335 2046 tis
365 1983 551 2076 expeslat:
576 2012 714 2065 munere
744 2013 813 2060 non
836 1984 981 2061 labore.
1007 1987 1099 2078 Qia
1147 1983 1212 2055 tibi
1229 1988 1349 2081 exegit
1378 1984 1529 2057 Domine
1547 1983 1712 2078 pietatem
1728 1989 1843 2062 uoslra
1866 1986 1959 2063 cala·

283 2096 365 2243 pum
389 2085 575 2172 perditioni
603 2089 712 2158 nollre
742 2083 959 2159 miseratione
977 2083 1099 2157 consu·
1148 2083 1248 2153 mitas
1266 2109 1275 2150 a
1291 2105 1390 2172 quam
1407 2081 1603 2177 perdiderat
1619 2084 1958 2180 prothoplaustorum

210 2206 255 2279 15
304 2196 362 2244 ens
378 2176 533 2254 doluisset
551 2213 559 2253 ι
587 2209 655 2259 non
685 2184 725 2254 ad
742 2185 810 2255 hoc
823 2206 995 2278 corporee
1011 2181 1097 2253 ima·
1145 2177 1249 2250 eflusa
1266 2178 1432 2252 libertas.
1459 2183 1555 2252 Tunc
1577 2179 1669 2252 servi
1686 2183 1922 2258 dicebanturs
1941 2227 1960 2243 ·

290 2272 405 2368 ginem
424 2274 566 2353 vilitatis
584 2283 748 2374 assumpfit
765 2310 774 2347 a
791 2283 879 2372 quasi
895 2301 1020 2355 contra
1036 2283 1097 2352 de·
1149 2277 1244 2350 turia
1270 2301 1358 2353 nunc
1381 2275 1441 2349 filii
1453 2325 1463 2347 .
1491 2277 1586 2350 Tunc
1617 2281 1861 2358 obedientibus
1890 2281 1957 2356 im·
1981 2311 2024 2385 pa

286 2373 428 2466 ‚generis
459 2378 643 2454 adversarii
674 2380 879 2455 tirannidem
901 2404 970 2455 non
987 2383 1094 2473 posset
1147 2373 1340 2447 mortalitas
1352 2400 1417 2468 pro
1430 2377 1744 2451 mittebaturtnunc
1755 2385 1958 2479 augetur&

283 2465 399 2561 aliter
414 2469 613 2551 subvenire:
644 2479 700 2551 scd
717 2498 862 2574 propter
875 2480 908 2550 id
922 2479 1016 2572 quod
1030 2475 1097 2548 eis·
1148 2474 1298 2569 dignitas
1320 2521 1330 2543 .
1356 2476 1449 2544 Tunc
1472 2474 1591 2567 portio
1608 2475 1761 2553 habenda
1776 2505 1852 2556 cum
1869 2480 1957 2555 deli-

285 2565 368 2639 dem
381 2574 630 2667 prophetarum
642 2577 804 2651 vaticinia
815 2573 1098 2671 erantcomplen·
1147 2572 1208 2643 ciis
1225 2598 1233 2637 =
1250 2595 1338 2642 nunc
1351 2572 1545 2646 communio
1560 2571 1678 2648 sutura
1693 2601 1771 2650 cum
1788 2579 1958 2678 Angelis.

208 2695 261 2758 ²0
293 2658 336 2736 da
349 2667 542 2746 miraculis.
568 2679 618 2750 Eo
633 2675 740 2772 magis
771 2694 808 2746 ut
822 2672 1003 2748 liberandis
1017 2677 1099 2744 esset
1149 2673 1246 2741 Tunc
1258 2691 1343 2768 cum
1361 2690 1517 2749 creatura
1530 2671 1744 2749 vivendum:
1769 2701 1861 2750 nunc
1880 2701 1955 2750 cum

293 2761 485 2843 indubitata
499 2775 684 2870 cognitio:
707 2775 800 2869 quod
811 2774 848 2858 in
875 2773 974 2868 primi
1003 2791 1099 2844 tran·
1147 2785 1308 2839 creatore
1325 2775 1562 2865 regnandum.
1577 2770 1674 2844 Tunc
1686 2775 1871 2849 evitandus
1884 2776 1955 2849 dia·
1978 2796 2018 2877 75

209 2862 216 2877 “
289 2860 471 2958 sgressoris
493 2872 622 2947 offensa
636 2890 886 2967 morsoperata
912 2872 982 2942 ell.
1011 2871 1094 2943 Non
1149 2862 1286 2938 bolus:
1322 2891 1410 2939 nunc
1441 2869 1728 2953 &subjiciendus
1759 2876 1951 2948 ediscitur·

289 2958 533 3044 imbecillitate
549 2971 684 3046 artificii
699 2999 708 3042 ι
735 2969 794 3045 [εά
816 2969 995 3066 iniquitate
1011 2990 1094 3062 pec·
1145 2962 1241 3036 Tunc
1254 2985 1329 3038 erat
1345 2966 1547 3046 ammonitio
1569 2970 1612 3038 de
1625 2967 1754 3043 cautela
1770 2973 1928 3066 precepti
1944 2997 1954 3042 ι

286 3061 385 3133 cati.
411 3069 518 3160 Qud
551 3069 638 3147 male
667 3071 786 3145 utendi
814 3066 977 3165 pereundi
999 3067 1096 3143 causa
1145 3086 1237 3134 nunc
1257 3066 1457 3140 adhortatio
1479 3067 1524 3137 de
1547 3090 1671 3162 pompa
1683 3069 1828 3156 iudicii.
1857 3072 1953 3143 Tunc

205 3189 257 3269 ³5
289 3180 361 3232 nun
390 3163 456 3237 suit
482 3164 672 3265 fragilitate
698 3169 757 3242 sed
781 3165 963 3243 uoluntas.
989 3167 1096 3260 Qud
1148 3165 1404 3258 proponebatur
1420 3168 1454 3238 in
1469 3163 1547 3262 lege
1561 3185 1695 3238 metusa
1725 3191 1813 3239 nunc
1838 3169 1873 3241 in
1889 3192 1950 3242 vu·

169 3306 172 3313 ·
286 3260 465 3356 originem
482 3265 635 3363 supplicii
664 3286 735 3343 non
752 3267 867 3362 operis
883 3265 1095 3341 habuitcor·
1145 3257 1280 3335 luntate
1302 3265 1496 3360 suggestus.
1525 3266 1622 3336 Tunc
1644 3289 1712 3336 uon
1741 3265 1837 3339 licuit
1852 3290 1951 3369 para·
1979 3265 2018 3343 80

286 3357 447 3455 ruptelaa
460 3362 518 3439 sed
533 3367 682 3445 criminis
700 3414 710 3436 .
735 3366 841 3459 Quod
855 3366 1094 3442 conditionem
1144 3358 1254 3432 disum
1267 3361 1392 3436 habere
1406 3387 1468 3458 per
1482 3356 1637 3456 culpam:
1652 3387 1740 3435 nunc
1753 3361 1863 3438 celum
1876 3365 1953 3461 spe·

285 3476 378 3548 pene
401 3485 471 3536 uon
502 3464 614 3539 sensus
638 3461 751 3542 statuit
766 3490 776 3534 t
801 3463 861 3538 sed
887 3465 1095 3538 consensus.
1146 3480 1223 3533 rare
1237 3460 1338 3534 datur
1353 3485 1414 3554 per
1430 3457 1575 3560 gratiam
1591 3509 1602 3529 .
1619 3460 1745 3535 Melius
1760 3485 1853 3558 ergo
1866 3461 1951 3534 mul·

284 3558 394 3648 ouod
430 3559 586 3636 babentia
624 3562 752 3640 vicium
786 3561 1003 3638 coutumacia
1028 3558 1096 3636 suit
1145 3555 1384 3652 toquemeiius
1403 3555 1575 3631 crevimus
1594 3561 1842 3651 postruiuam.
1865 3564 1952 3635 Pro·

205 3680 258 3765 30
286 3660 420 3732 creatis
448 3684 519 3735 non
548 3661 763 3762 negligentia
792 3660 963 3737 creatoris
991 3706 1002 3731 .
1040 3661 1092 3733 Te
1146 3672 1227 3752 pter
1243 3658 1336 3751 quod
1354 3655 1533 3731 humillimi
1549 3654 1619 3726 fine
1636 3660 1817 3731 cessatione
1844 3683 1951 3753 roga-

285 3753 397 3848 ipsum
413 3756 495 3830 mihi
508 3757 731 3861 interrogare
744 3756 871 3835 liceat:
898 3758 1092 3835 redimente
1141 3775 1241 3828 must
1266 3773 1306 3828 ut
1334 3756 1447 3828 donec
1472 3776 1535 3827 nos
1561 3772 1618 3824 tua
1647 3754 1827 3828 curatione
1845 3757 1950 3849 perfi·
1979 3759 2018 3853 85

285 3853 441 3930 Domino
453 3879 554 3934 meos
577 3863 648 3948 jam
662 3863 782 3935 auctor
798 3879 962 3933 extranee
975 3883 1039 3952 qua
1054 3877 1092 3933 te
1142 3853 1212 3924 cias
1228 3873 1237 3918 a·
1264 3852 1384 3927 nostris
1407 3873 1498 3933 tuam
1512 3848 1706 3927 vulneribus
1729 3877 1802 3930 uon
1818 3854 1953 3945 subtra-⁴

254 4043 256 4046 y
287 3951 435 4047 primum
461 3957 616 4032 diabolus
648 3979 744 4058 parte
768 3958 956 4055 corrupit?
981 3958 1094 4030 Num·
1142 3952 1201 4027 has
1229 3951 1458 4027 medicinam.

286 4051 369 4144 quid
393 4055 425 4124 in
445 4056 599 4132 facientis
615 4056 770 4133 manibus
789 4057 918 4131 ruinam
931 4056 1092 4150 corporis
1199 4062 1248 4140 Bt·
1264 4052 1402 4124 Amen.

206 4168 256 4258 35
287 4147 339 4217 tui
355 4150 501 4227 fradura
519 4174 742 4230 contraxerat
758 4159 773 4224 ?
787 4155 913 4228 Fuerat
927 4173 1022 4226 certe
1035 4156 1098 4228 sla·

286 4243 365 4317 bilis
378 4251 539 4324 membris
552 4255 576 4326 fi
591 4277 662 4327 non
679 4253 788 4326 fuisses
804 4248 962 4325 instabilis
973 4251 1006 4322 in
1019 4275 1097 4346 pre·
1340 4247 1419 4334 Posi
1430 4255 1585 4326 nomina.
1611 4252 1727 4326 orario
1743 4295 1756 4320 .
1981 4262 2025 4338 9⁴

285 4343 420 4438 ceptis.
447 4347 606 4421 Animum
623 4368 718 4422 tuum
742 4367 901 4424 tentator
915 4347 1067 4423 obtinuit
1083 4377 1094 4420 a

285 4437 408 4535 inquo
425 4445 488 4518 tibi
506 4453 618 4532 major
634 4446 754 4540 portio
770 4448 898 4521 credita
915 4449 1026 4521 suerat
1041 4447 1095 4522 di·
1238 4445 1350 4521 Uditis
1367 4448 1556 4524 nominibus
1571 4445 1788 4522 offerentium
1803 4473 1812 4516 e
1831 4445 1955 4540 tepie·

285 4540 452 4637 gnitatis.
475 4545 643 4621 iudicium
665 4564 763 4619 tuum
780 4547 812 4617 in
829 4570 899 4637 quo
914 4548 1027 4619 fueras
1042 4547 1095 4620 di·
1262 4548 1342 4619 tatis
1357 4547 1542 4621 Dominum
1557 4549 1803 4640 deprecamur.
1834 4549 1880 4617 Ut
1896 4546 1951 4615 di·

209 4665 261 4744 φ
284 4640 395 4712 missus
412 4673 421 4710 z
449 4645 565 4740 exegit
582 4695 593 4715 .
618 4643 724 4718 Vides
754 4667 820 4716 non
837 4644 979 4720 Domini
996 4675 1004 4713 =
1036 4646 1093 4718 sed
1146 4648 1263 4738 gneris
1278 4646 1373 4717 nobis
1388 4665 1507 4719 oratus
1521 4648 1691 4718 assistere:
1716 4645 1826 4715 adesse
1839 4643 1952 4736 quesi-

208 4738 213 4743 ’
287 4737 448 4812 tuisuisse
476 4743 635 4816 arbitrii:
662 4744 756 4835 quod
782 4744 929 4838 perilli.
969 4741 1092 4818 Dicam
1145 4759 1227 4814 tus:
1258 4745 1390 4836 aperire
1418 4740 1592 4838 pulsatus.
1621 4742 1854 4816 Offerentium
1883 4765 1954 4834 nu-¹
1978 4755 2019 4837 95

282 4837 503 4930 omnipotens
522 4841 640 4913 Deus:
667 4844 765 4914 salsus
796 4839 924 4914 veteris
944 4839 1090 4915 bominis
1144 4839 1233 4912 mina
1250 4840 1428 4915 celestibus
1442 4840 1566 4914 scribas
1584 4838 1617 4912 in
1631 4839 1786 4935 paginis:
1803 4836 1952 4935 promis-

311 4937 516 5010 ravitatem:
542 4958 740 5015 nontamen
770 4939 813 5009 de
840 4938 988 5031 presenti
1008 4943 1093 5014 slatu
1141 4937 1267 5009 sionem
1288 4959 1380 5011 tuam
1397 4939 1586 5013 manifestes
1615 4939 1647 5009 in
1665 4937 1818 5011 Sanctis:
1851 4935 1952 5010 mise·

280 4960 454 5107 libertatis
471 5035 652 5131 ingratus:
678 5061 746 5110 non
767 5037 878 5110 fuisset
894 5037 1089 5132 captivitati
1142 5036 1324 5108 ricordium
1352 5039 1504 5111 ostendas
1535 5038 1567 5109 in
1598 5037 1770 5131 perditis.
1801 5038 1845 5107 Et
1871 5034 1951 5131 quia

208 5151 257 5230 45
285 5131 485 5202 obnoxiusa
511 5132 722 5207 filibertatis
740 5133 895 5207 dontinus
923 5161 993 5209 non
1011 5137 1091 5209 suis-
1141 5132 1314 5206 imbecilla
1340 5137 1386 5205 esi
1416 5138 1528 5211 nollre
1558 5132 1771 5207 infirmitatis
1813 5135 1947 5209 oratio:

208 5222 212 5228 ’
284 5224 360 5298 set.
387 5229 428 5299 Et
446 5230 479 5297 in
497 5230 564 5304 hoc
579 5232 697 5324 utique
715 5232 865 5303 clemens
879 5237 1032 5307 arbiter:
1051 5240 1087 5308 &
1138 5250 1178 5303 ut
1209 5233 1287 5323 quid
1315 5257 1415 5308 orare
1443 5250 1609 5332 oporteat
1621 5233 1809 5306 nescimusa
1836 5245 1950 5307 advo·
1981 5225 2032 5305 tsi

285 5324 1088 5424 tuepotestatiseminentiam=&presumptio·
1136 5353 1249 5401 camus
1288 5329 1321 5401 in
1363 5330 1525 5428 suffragio
1572 5356 1711 5424 precum
1753 5332 1945 5409 nostrarum

281 5424 335 5498 nis
361 5425 472 5496 uotlrc
488 5420 657 5499 licentiam
680 5428 908 5500 confitentes:
936 5430 1086 5521 petimus
1139 5445 1298 5518 receptos
1331 5427 1365 5496 in
1389 5425 1500 5502 celesti
1528 5426 1680 5528 collegio
1705 5432 1949 5506 Patriarchas:

282 5546 322 5595 ac
349 5545 546 5619 rogamus:
584 5544 624 5598 ut
651 5525 742 5596 dicta
771 5525 1003 5616 preceptionis
1028 5545 1088 5600 tue
1139 5520 1292 5615 repletos
1316 5525 1437 5596 divino
1463 5527 1584 5622 spiritu
1610 5528 1828 5620 Prophetas.
1856 5534 1950 5606 Mar·

105 5678 108 5682 .
211 5645 259 5722 50
282 5619 570 5693 consentientes:
598 5623 697 5696 facias
712 5625 776 5694 esse
791 5621 947 5704 judicio:
974 5641 1010 5693 ut
1025 5648 1088 5698 uo.
1137 5638 1236 5712 tyres
1277 5623 1496 5698 confessionis
1540 5626 1681 5699 floribus
1725 5649 1949 5705 coronatos:

181 5754 188 5761 ·
283 5719 337 5793 bis
364 5713 451 5789 ultra
482 5744 543 5792 nec
572 5717 674 5793 libeat
707 5743 845 5815 peccare
873 5739 936 5789 nec
967 5718 1086 5793 liceat.
1139 5717 1329 5810 Apostolos
1355 5723 1398 5793 ad
1413 5724 1560 5796 officium
1588 5723 1838 5818 predicationis
1874 5726 1943 5800 ele·
1977 5733 2030 5813 105

282 5817 1048 5916 muner.Permisertcordnmmamuc.
1139 5813 1252 5886 dos.
1306 5821 1373 5891 Per
1417 5842 1502 5913 quos
1542 5846 1677 5896 oramus
1733 5842 1770 5894 te
1818 5825 1945 5901 Domi-

1138 5934 1218 5980 num
1245 5915 1419 5987 nostrum:
1447 5939 1486 5993 ut
1510 5942 1629 5994 omnes
1657 5938 1753 5991 metu
1777 5927 1947 5999 territosz

1136 6007 1256 6106 inopia
1300 6011 1449 6091 affliuoa
1492 6041 1504 6089 t
1566 6015 1792 6096 tribulatione
1846 6046 1950 6096 vexa·

1877 6139 1958 6194 (082
