4450 7209
617 701 1617 781 SABBATOPOSTPASCHA·
1873 706 1953 795 2'15'

299 803 498 880 Christum.
526 803 567 876 Et
583 805 676 887 lussit
703 805 785 876 liare
803 827 962 878 currum:
986 809 1021 879 dt
1036 807 1097 877 de·
1149 803 1291 898 primurn
1316 804 1472 876 venerari
1490 824 1556 878 vos
1586 802 1753 876 condecet
1782 799 1949 897 obseque-
1982 822 2024 896 55

298 904 503 976 scenderunt
524 905 628 977 ambo
646 904 677 972 in
692 925 833 997 aquam:
856 902 1095 996 &baptizavit
1147 900 1203 975 la.
1228 902 1265 971 ln
1281 902 1349 976 hoc
1376 903 1504 998 quippe
1522 901 1602 975 olim
1616 899 1688 996 ipse
1706 901 1801 985 Deus
1826 902 1949 977 creatis

298 1024 376 1072 eum
408 999 610 1095 Philippus.
638 1001 679 1072 Et
702 1022 776 1075 cum
804 1000 1027 1075 ascendissent
1056 1003 1098 1077 ab
1149 997 1367 1096 expletisque
1381 1004 1541 1075 omnibus
1558 1023 1626 1094 que
1648 999 1816 1072 mundana
1832 1022 1953 1074 renen·

300 1122 385 1190 aqua
402 1127 410 1167 e
428 1097 563 1193 spiritus
590 1097 735 1174 Domini
763 1099 875 1193 rapuit
901 1099 1097 1197 Philippum
1149 1118 1205 1175 tur
1229 1124 1425 1199 compage:
1453 1099 1625 1192 requievit
1657 1097 1698 1171 ab
1728 1122 1837 1192 opere
1860 1099 1954 1193 quod

243 1219 265 1290 5
300 1196 341 1267 ab
356 1217 478 1267 eotet
495 1194 635 1292 amplius
666 1221 735 1269 non
766 1198 857 1271 vidit
888 1222 964 1274 eum
991 1224 1099 1274 eunu·
1149 1203 1564 1293 patratattutsaceret.
1591 1193 1950 1292 Inhocperactisque
1994 1241 2000 1251 ·

216 1336 226 1373 z
298 1294 410 1365 clius.
443 1294 515 1365 Ibat
543 1297 632 1371 enim
664 1297 755 1369 viam
792 1297 883 1372 suant
922 1300 1100 1397 gaudens.
1148 1293 1950 1394 creatasuneaquiesestillieinhocptoredi·
1980 1291 2030 1360 60

298 1390 480 1488 Philippus
501 1413 613 1465 autern
630 1394 791 1467 inventus
808 1397 854 1468 est
879 1397 1051 1472 advenisse
1066 1395 1100 1469 in
1149 1395 1279 1468 mendis
1295 1396 1329 1467 in
1346 1394 1504 1492 sepulcro
1520 1394 1673 1470 moriens
1687 1392 1887 1484 requievit·
1911 1390 1952 1463 ln

298 1492 454 1563 Azoto·
494 1495 591 1562 Unde
632 1514 811 1565 revertens
839 1494 1101 1590 evangelizabat
1151 1494 1540 1588 hocaboperecelsat:
1563 1488 1952 1586 inhocsepultussuum

301 1608 362 1679 per
379 1607 469 1663 totas
486 1589 649 1667 civitates
664 1618 672 1656 ι
687 1590 789 1687 usque
807 1594 885 1664 dum
901 1593 1046 1667 venisset
1068 1596 1101 1668 in
1153 1615 1241 1690 opus
1264 1593 1375 1686 quieti
1398 1612 1572 1690 perpetue
1590 1594 1724 1663 donat.
1748 1589 1815 1661 Hic
1833 1585 1952 1659 termi-

219 1710 266 1765 ιο
299 1685 485 1761 Cesaream
505 1733 518 1756 a
537 1687 739 1785 Respondeat
754 1688 899 1763 chorus.
915 1698 1053 1767 Amen.
1152 1715 1227 1765 mus
1241 1716 1411 1786 operum:
1435 1693 1490 1765 hic
1503 1690 1589 1763 salus
1604 1689 1651 1761 est
1670 1687 1953 1780 redemptorum.
2013 1728 2024 1777 ,-

217 1818 229 1875 ·,
1153 1791 1221 1864 Hic
1236 1789 1386 1887 septimo
1410 1792 1625 1865 consecratur
1639 1807 1685 1856 en
1711 1807 1856 1857 numero
1873 1781 1951 1853 :bic
1981 1776 2037 1871 65*

351 1881 462 1955 cestio
472 1883 584 1974 seram
596 1885 774 1982 Evangelii
779 1884 960 1980 secundum
976 1888 1107 1978 &ohar-
1156 1886 1240 1988 legis
1255 1891 1383 1965 veteris
1396 1883 1746 1977 jubetursanctificari
1762 1898 1954 1977 precepto·

299 1999 398 2051 aem.
959 1997 1103 2064 cmm.
1155 1988 1193 2061 ln
1211 1991 1279 2066 hoc
1305 1987 1481 2062 servitutis
1497 2006 1637 2082 operam
1660 1980 1784 2080 sugere
1799 2007 1809 2051 ε
1824 1977 1858 2051 in
1884 1981 1954 2054 hoc

1154 2087 1228 2161 otia
1251 2085 1437 2162 sanctitatis
1455 2084 1665 2182 percipimur
1690 2077 1882 2154 custodire.
1912 2075 1954 2155 ln

221 2198 279 2272 ις·
363 2172 428 2246 Llo
443 2175 474 2247 in
490 2181 866 2276 temporeaDominus
884 2185 1100 2271 nollerlesus
1150 2207 1223 2277 quo
1237 2184 1307 2282 ipse
1323 2184 1491 2261 Dominus
1508 2176 1831 2286 sepulcri'detentus
1857 2172 1954 2251 locu·
2012 2262 2021 2271 .

217 2310 231 2343 ,ν
375 2272 527 2347 Christus
544 2281 758 2372 posteaquam
771 2281 1100 2360 resurrexitamor·
1150 2281 1186 2355 lo
1201 2311 1211 2353 r
1227 2281 1389 2379 spoliavit
1406 2284 1540 2356 inferna
1558 2308 1568 2351 a
1595 2300 1670 2350 curn
1688 2275 1950 2371 predestinatam
1979 2274 2030 2369 7'0

303 2369 369 2440 tuis
384 2398 393 2438 ε
409 2372 495 2447 dicit
512 2378 657 2470 Symoni
677 2383 807 2453 Petro·
837 2384 1104 2475 Symonlohan·
1154 2404 1199 2453 ex
1216 2384 1379 2476 predonis
1397 2380 1548 2456 saucibus
1561 2372 1692 2451 abstulit
1708 2376 1868 2468 predam.
1882 2374 1953 2444 Un-

303 2466 355 2537 rtis
383 2469 500 2565 diligis
518 2497 571 2547 me
599 2475 673 2567 plus
691 2477 772 2550 his?
800 2476 897 2551 Dicit
912 2482 970 2553 ei.
994 2483 1103 2557 Etiam
1154 2480 1198 2549 de
1227 2481 1351 2575 adepte
1374 2479 1483 2577 gratie
1500 2474 1622 2570 spiritu
1640 2471 1825 2567 provocati
1841 2492 1953 2565 roge·

304 2562 459 2638 Domine
479 2597 487 2638 ι
504 2588 541 2641 ru
558 2570 620 2644 stis
646 2576 722 2668 quia
738 2599 816 2649 arno
842 2595 903 2650 te.
929 2580 1026 2656 Dicit
1040 2581 1071 2652 ei
1089 2625 1101 2651 .
1150 2598 1223 2649 mus
1248 2574 1453 2649 dilectisimi
1471 2576 1597 2647 fratres
1614 2571 1778 2666 pallorem
1791 2576 1952 2664 magnum

220 2688 269 2741 20
302 2662 406 2736 Pasce
426 2690 536 2760 agnos
553 2691 671 2744 meos.
700 2674 794 2747 Dicit
810 2674 1007 2750 eiiterum.
1033 2686 1100 2772 Sy·
1150 2667 1786 2758 &ammirabilemlesumChristum.
1816 2669 1861 2738 Ut
1885 2688 1950 2738 nos
2017 2750 2022 2761 ¹

221 2797 230 2861 ;
303 2786 385 2835 mon
396 2761 558 2844 lobannis
573 2767 689 2866 diligis
704 2775 788 2845 mc?
816 2773 880 2845 Ait
893 2773 964 2848 illi.
990 2776 1101 2853 Etiam
1151 2768 1188 2842 in
1204 2771 1269 2847 hoc
1284 2773 1340 2845 die
1354 2771 1403 2845 ita
1418 2769 1584 2843 concedat
1603 2785 1817 2862 peccatorum
1841 2762 1949 2834 servi·
1979 2774 2027 2856 75

301 2855 453 2934 Domine
472 2882 532 2934 :tu
561 2862 621 2941 scis
639 2868 716 2960 quia
732 2891 810 2944 amo
828 2887 889 2942 te.
918 2873 1015 2947 Dicit
1039 2873 1099 2946 ei.
1151 2887 1261 2945 tutem
1291 2890 1395 2964 atque
1421 2891 1565 2962 operam
1579 2867 1704 2961 fugere
1722 2893 1731 2932 =
1746 2886 1816 2957 quo
1831 2859 1951 2935 saneti·

299 2957 404 3032 Pasce
421 2984 528 3054 agnos
546 2986 668 3037 meos.
697 2965 793 3039 Dicit
811 2966 843 3037 ei
873 2972 1005 3045 tertio·
1033 2975 1100 3066 Sy·
1150 2967 1232 3041 tatis
1257 2970 1379 3041 muniti
1396 2969 1511 3059 quiete
1529 2959 1823 3037 :Resurreuionis
1841 2959 1952 3031 domi·

299 3078 381 3128 mon
395 3057 560 3134 lobannis
576 3060 692 3158 diligis
707 3088 759 3136 me
775 3068 790 3131 i
806 3066 1037 3142 contristatus
1051 3070 1098 3140 est
1148 3063 1223 3138 nice
1251 3066 1369 3139 festum
1385 3062 1419 3134 in
1437 3065 1538 3148 buius
1563 3059 1632 3134 diei
1660 3056 1793 3152 septimi
1824 3077 1945 3128 excur-

216 3178 265 3254 ²5
299 3155 538 3248 Petrusrquia
554 3156 639 3232 dixit
658 3161 691 3231 ei
707 3161 1099 3241 tertioramasmeettt
1147 3154 1949 3258 suntadrlacrimisqueamuslitater&mune·
2015 3195 2027 3247 ‚·

296 3250 382 3362 dicit
397 3251 429 3322 ei
449 3254 628 3327 ‚Domine
644 3273 683 3328 tu
700 3258 816 3332 omnia
828 3261 939 3334 nosti.
966 3264 1096 3339 Tuscis
1148 3286 1185 3333 ra
1196 3260 1462 3338 sacrificiorum·
1489 3258 1583 3357 Refp.
1599 3256 1719 3330 chorus
1733 3299 1744 3323 .
1760 3257 1898 3325 nmen.
1980 3244 2030 3320 80

293 3371 374 3440 quta
389 3372 466 3421 arno
480 3369 542 3422 te.
570 3350 665 3426 Dicit
679 3353 734 3425 ei.
763 3357 866 3429 Pasce
882 3385 969 3433 oves
986 3386 1096 3436 meas.
1426 3358 1670 3431 Aliaorasiu.
2069 3444 2072 3449 g

293 3450 410 3518 Amen
435 3472 535 3522 amen
559 3451 641 3524 dico
666 3450 753 3524 tibi:
769 3477 844 3532 cum
869 3460 951 3530 esses
975 3461 1095 3544 junior
1257 3461 1320 3537 Eos
1337 3457 1393 3553 qui
1410 3453 1533 3530 delida
1557 3444 1806 3524 noslraClrrisii
1832 3463 1947 3522 morte

292 3544 454 3639 ‘fingebas
475 3565 541 3619 tes
572 3552 607 3623 &
634 3550 704 3621 ibas
729 3549 784 3622 ubi
811 3548 981 3630 volebas.
1002 3561 1094 3633 Cum
1267 3557 1458 3634 mortificas
1488 3581 1497 3620 ι
1526 3545 1857 3639 &justificationem
1881 3570 1950 3619 no·

213 3664 264 3742 30
293 3662 409 3718 autem
425 3643 600 3719 senueris:
624 3649 789 3719 extendes
804 3675 919 3726 manus
934 3673 1007 3728 tuas
1030 3662 1093 3732 a&
1147 3658 1243 3728 sliam
1257 3658 1395 3730 Chrislo
1414 3653 1618 3746 resurgente
1644 3646 1855 3720 confirmas.
1887 3646 1947 3717 Sa·

292 3735 376 3813 alius
389 3759 425 3813 te
441 3746 559 3838 cinget
576 3774 585 3814 ε
605 3748 640 3820 de
656 3747 758 3818 ducet
776 3771 847 3841 quo
876 3771 913 3825 tu
927 3776 998 3829 non
1015 3754 1092 3828 vis.
1147 3751 1268 3828 lutaris
1285 3750 1407 3851 populi
1424 3749 1586 3827 sacrificia
1601 3742 1871 3819 misericorditer
1892 3738 1947 3814 su·
1980 3738 2027 3831 85

290 3839 372 3913 Hoc
399 3860 515 3914 autem
544 3842 633 3917 dixit
665 3843 856 3939 significans
884 3874 950 3944 qua
978 3871 1095 3926 morte
1146 3849 1238 3945 scipe
1266 3876 1276 3919 a
1306 3852 1476 3928 bonorum
1507 3844 1662 3921 omnium
1688 3839 1852 3914 desideria
1880 3861 1947 3932 que

291 3931 540 4013 clarificaturus
562 3944 643 4016 esset
656 3941 848 4017 Dominum
863 3997 874 4017 .
891 3963 940 4042 132.
959 3953 1096 4022 Amen.
1144 3947 1264 4021 dedisti
1294 3946 1456 4024 celeriter
1473 3947 1628 4041 perfice.
1656 3938 1710 4013 Sit
1735 3939 1804 4012 hoc
1819 3935 1948 4008 Sabba-

339 4037 443 4114 Dicat
469 4038 676 4135 Presbyter·
699 4040 869 4120 Dominus
897 4049 939 4121 fit
962 4046 1095 4146 semper
1145 4063 1219 4119 turn
1231 4043 1486 4122 inluminatioin
1500 4039 1630 4115 deliciis
1646 4034 1769 4112 nostris
1783 4062 1792 4106 a
1808 4050 1846 4106 ut
1863 4055 1949 4127 cun-¹

218 4152 264 4235 35
293 4130 499 4209 VOblscuffl·
1142 4145 1188 4222 cti
1203 4167 1276 4223 cum
1303 4143 1516 4242 regeneratis
1540 4134 1728 4217 infantibus
1751 4153 1943 4207 mereamur

220 4270 233 4295 ι·
340 4243 391 4321 Βι·
409 4232 452 4304 Et
471 4257 569 4307 cum·
1145 4241 1366 4317 sacramentis
1384 4238 1554 4320 vivificari
1571 4228 1805 4332 paschalibus.
1829 4230 1948 4306 Coru·
1976 4242 2030 4318 90

341 4330 475 4402 Lauda.
489 4329 640 4418 Alleluia
654 4378 665 4404 .
682 4331 731 4429 ᾖ.
746 4336 784 4408 ln
801 4334 857 4409 die
871 4338 1099 4421 resurreetio·
1147 4341 1217 4415 scet
1233 4341 1412 4435 quesumus
1426 4341 1459 4413 in
1477 4361 1588 4433 panes
1606 4331 1699 4426 quod
1727 4329 1891 4427 pependit
1910 4328 1945 4400 in

292 4423 345 4499 nis
370 4448 447 4500 mee
472 4431 557 4504 dicit
571 4432 743 4507 Dominus
769 4441 994 4534 congregabo
1011 4469 1098 4539 gen·
1147 4462 1248 4512 cruce
1263 4441 1388 4514 :micet
1414 4440 1447 4510 in
1465 4432 1570 4508 calice
1586 4459 1595 4501 ε
1614 4429 1708 4526 quod
1737 4429 1886 4502 manavit
1900 4448 1948 4523 etc

290 4542 346 4596 tes
361 4551 370 4593 ε
385 4529 422 4599 &
439 4527 603 4627 colligam
619 4531 734 4606 omnia
748 4557 858 4628 regua
873 4540 1097 4614 terream.
1146 4535 1278 4609 latere.
1306 4536 1381 4608 Fiat
1408 4532 1586 4628 quesumus
1611 4522 1818 4619 acceptabile
1845 4551 1854 4591 ε
1884 4524 1947 4596 fiat

215 4642 268 4727 qo
293 4617 423 4709 lebria·
703 4707 706 4710 ,
1145 4657 1257 4710 annue
1284 4628 1499 4706 solennitatis
1514 4625 1694 4703 intercessu
1709 4619 1864 4695 mirabile
1882 4666 1893 4690 .

223 4752 230 4765 ”
575 4725 784 4814 sacrificsum
802 4774 812 4799 ο
1145 4742 1197 4823 ΒΣ·
1209 4736 1323 4806 Amen
1337 4776 1349 4798 ο
1975 4739 2025 4817 95

365 4820 559 4898 Acerdotes
587 4826 644 4920 qui
676 4827 958 4922 appropinquant
972 4826 1098 4904 Domi.
1340 4820 1419 4909 Poll
1432 4826 1582 4898 nomina·
1599 4820 1741 4893 Oratio.

375 4942 421 4992 no
445 4947 455 4990 a
483 4918 534 4994 illi
547 4943 683 5019 ponant
702 4926 811 4999 sandia
839 4924 1033 5002 studiorum
1057 4932 1094 5003 dt
1256 4926 1320 4998 Eus
1336 4927 1432 5008 cuius
1449 4917 1609 5014 operatio
1636 4943 1706 4994 non
1725 4914 1827 4992 habet
1845 4912 1943 4994 labo-

290 5015 495 5094 sacrificium
517 5044 584 5115 pro
612 5040 780 5117 peccato.
806 5034 854 5096 P.
881 5026 971 5116 Qaia
998 5023 1094 5102 locus
1266 5015 1612 5097 remzmisetieordia
1637 5018 1746 5093 donat
1772 5015 1946 5109 quietema

211 5132 265 5215 ᾖς
291 5109 423 5191 sandius
449 5119 496 5192 est
521 5114 658 5205 alleluja
674 5117 838 5208 alleluia.
865 5119 1097 5219 prilleluia·
1145 5121 1296 5215 salusque
1325 5120 1471 5215 parturit
1500 5115 1663 5192 salutem=
1692 5132 1797 5209 atque
1829 5114 1945 5190 inimi·

291 5208 428 5285 claritas
444 5217 512 5292 Dei
526 5216 685 5292 veniebat
701 5243 765 5314 per
793 5222 884 5295 viam
900 5244 967 5315 que
993 5221 1040 5293 eli
1053 5225 1096 5298 ad
1145 5244 1220 5297 cam
1235 5221 1316 5293 Deo
1328 5215 1449 5313 procul
1464 5217 1597 5314 effugat
1611 5210 1853 5308 voluptatem·
1885 5223 1945 5293 Sa·
1980 5230 2050 5286 100

287 5310 489 5388 orientems
519 5316 555 5390 dt
571 5341 645 5398 vox
657 5321 731 5402 ejus
746 5316 829 5391 sicut
845 5344 918 5394 vox
936 5342 1095 5413 aquarum
1145 5346 1188 5396 na
1205 5342 1295 5393 nos:
1322 5318 1357 5388 dt
1375 5314 1561 5390 sanabimur
1579 5363 1590 5385 .
1618 5311 1741 5388 Salvos
1770 5335 1833 5384 nos
1862 5313 1913 5388 sac
1927 5339 1949 5407 a:

289 5405 496 5488 multarumr
513 5414 549 5487 ἃ
566 5435 659 5492 tetra
675 5412 873 5516 splendebat
889 5419 924 5492 in
945 5420 1094 5496 circuitu
1144 5423 1179 5494 dt
1193 5414 1277 5493 salvi
1291 5415 1413 5488 erimus
1431 5443 1440 5485 a
1456 5433 1496 5488 ut
1512 5413 1696 5492 Sabbatum
1710 5409 1859 5485 nosirum
1874 5411 1942 5506 spi-

287 5502 468 5584 alacritate
479 5558 492 5585 .
502 5521 548 5586 P.
559 5515 651 5609 Qla
666 5563 678 5586 .
1143 5515 1257 5594 rituali
1271 5512 1513 5590 benedictione.
1525 5509 1770 5586 sanctificatum
1782 5536 1790 5575 ε
1804 5506 1944 5601 pascha·

635 5609 753 5705 Miffim
1143 5614 1230 5692 libus
1244 5613 1476 5713 cognoscatur
1490 5608 1624 5708 gaudiis
1645 5609 1710 5679 esse
1728 5604 1941 5702 perfectum.

239 5630 269 5686 Ο

211 5620 239 5712 5
293 5707 507 5890 OMnes
531 5710 587 5805 qui
602 5710 818 5809 septiformis
835 5717 946 5815 gratie
961 5713 1093 5813 Spiritu
1144 5720 1228 5809 Qu
1249 5713 1370 5789 mortis
1386 5704 1713 5789 reresurrectionis
1741 5725 1799 5779 tue
1826 5703 1947 5796 leticia
1977 5727 2045 5806 105

419 5809 592 5902 adoptati:
608 5811 883 5890 [resurrections
895 5814 1021 5891 Chrilli
1036 5837 1095 5889 ce·
1144 5814 1252 5889 fundi
1271 5847 1280 5882 ε
1296 5816 1329 5885 &
1346 5809 1540 5888 viventium
1557 5805 1696 5881 salutent
1712 5807 1747 5878 dt
1760 5803 1943 5882 defundu-

294 5896 433 5976 lebratis
459 5905 610 5983 solennia
635 5937 644 5980 a
671 5912 761 5984 hune
788 5913 882 5987 diem
912 5914 1094 6012 septimum
1145 5931 1304 5988 runrate
1329 5930 1519 5989 mereamur
1549 5907 1734 6005 impetrare
1759 5901 1945 6002 quietem.

289 5998 466 6086 inlustrem
504 6005 621 6143 quiete
647 6010 819 6097 dominica
847 6011 951 6118 parili
988 6037 1094 6117 quam
1143 6025 1194 6121 pt
1210 6017 1350 6095 Amen·
1796 6056 1798 6061 ·
1888 6088 1950 6183 Aa.
