4450 7209
150 766 345 863 uxtt'
592 769 1347 859 PRAEFA‘TIO.

75 896 122 985 so
198 894 312 990 uibus
338 878 746 1001 interrogationibus,
786 889 858 973 nisi
889 886 983 973 fider
1010 882 1246 973 adhibeatur
1275 895 1497 1000 Anonymo
1526 876 1777 999 Spelmani3

153 1016 194 1099 n'
229 1012 289 1119 il,
319 1035 398 1092 non
429 1006 561 1090 dicam
594 1006 727 1114 certi,
767 1005 832 1090 sed
862 1005 969 1118 quod
999 1005 1202 1120 probabile
1233 1007 1318 1116 fit,
1350 1002 1575 1121 responderi
1613 999 1777 1117 potest.

149 1136 213 1220 At
243 1126 273 1212 sr
302 1124 493 1238 placuerit
519 1131 740 1238 Anonymo
770 1125 961 1236 credere,
998 1125 1263 1239 interroganti
1302 1154 1353 1240 an
1388 1126 1571 1238 Litutgia
1609 1119 1775 1207 Gotho·

153 1244 366 1358 Hispana,
397 1272 486 1356 quae
517 1245 788 1331 &Gallicana
819 1247 906 1356 est,
946 1268 1037 1330 orta
1067 1245 1116 1330 stt
1145 1247 1188 1330 in
1218 1243 1444 1359 Hispania,
1478 1271 1530 1328 an
1560 1239 1695 1356 potius
1730 1234 1775 1323 in

151 1356 308 1451 Gallia?
339 1361 555 1476 Responsio
572 1362 694 1451 facilis
721 1364 775 1449 ell
806 1369 845 1450 &
873 1361 1086 1481 expedita,
1117 1391 1365 1474 eamneque
1384 1364 1427 1448 in
1453 1359 1608 1468 Gallia,
1642 1379 1778 1466 neque

153 1480 197 1566 in
223 1479 449 1596 Hispania,
480 1479 544 1566 sed
575 1482 616 1568 in
642 1483 737 1572 Asia
764 1484 927 1568 initium
955 1482 1142 1599 coepisse,
1167 1480 1244 1569 ,ubi
1273 1509 1298 1566 a
1329 1479 1555 1604 S.Johanne
1577 1472 1774 1592 Apostolo

75 1603 118 1692 51
156 1596 338 1684 instituta
368 1599 471 1711 suit,
496 1597 600 1684 unde
626 1601 668 1687 in
694 1602 868 1690 Galliam
894 1630 919 1688 a
944 1607 1155 1692 S.1renaeo
1182 1602 1370 1687 translata
1398 1598 1475 1685 est.
1503 1595 1572 1689 Ad
1597 1598 1774 1682 alteram

153 1745 251 1804 vero
291 1717 680 1833 interrogationem,
719 1748 771 1806 an
802 1748 824 1826 e
854 1721 986 1812 Gallia
1023 1722 1065 1806 in
1099 1719 1338 1837 Hispaniam
1379 1717 1569 1804 translata
1607 1701 1778 1800 fuerit!

155 1836 358 1922 difficilior
383 1838 438 1923 est
469 1842 508 1924 8(
537 1841 665 1955 magis
696 1838 883 1928 intricata
908 1839 1136 1956 responsio.
1168 1845 1279 1928 Nam
1306 1864 1387 1924 non
1410 1854 1603 1952 apparet,
1629 1852 1780 1946 prater

154 1957 260 2045 hanc
300 1983 456 2066 unam,
495 1957 603 2072 apud
634 1958 831 2074 Hispanos
873 1960 1059 2070 antiquos
1097 1958 1219 2045 aliam
1260 1982 1560 2070 quamcumque
1600 1952 1782 2038 formam

154 2073 387 2188 liturglcam
415 2076 457 2160 in
488 2077 682 2190 mysteriis
710 2078 1015 2167 catholicorum
1045 2077 1231 2165 usitatam
1262 2075 1398 2162 suisne:
1436 2072 1588 2162 constat
1616 2069 1782 2178 etiam,

156 2217 342 2308 tempore
374 2196 592 2306 S·Irenaei,
624 2200 664 2282 8<
695 2198 819 2288 etiarn
851 2222 994 2306 antea,
1025 2196 1219 2284 Ecclesiae
1249 2196 1291 2279 in
1318 2193 1513 2310 Hispania
1543 2187 1660 2277 fuisse
1687 2215 1783 2275 con·

159 2313 359 2420 stitutar,
391 2341 479 2425 qua
511 2315 652 2427 utique
682 2316 978 2431 Liturgianon
1007 2316 1224 2399 carebant.
1257 2321 1295 2400 E
1325 2313 1468 2424 quibus
1498 2306 1782 2418 consequitur,

162 2437 203 2519 8<
236 2454 417 2546 tempore
448 2437 487 2520 S.
509 2431 684 2543 Irenai,
725 2439 764 2520 8(
796 2457 892 2519 ante
921 2434 1005 2546 ejus
1036 2456 1197 2518 atatem
1231 2431 1431 2548 Hispanos
1461 2432 1539 2516 hac
1568 2426 1702 2513 sorma
1734 2426 1781 2510 li·

161 2548 350 2664 turgica,
381 2578 468 2662 qua
496 2552 538 2637 in
568 2551 761 2666 Hispania
783 2551 1156 2668 Gotho-Hispana,
1185 2551 1227 2635 in
1248 2551 1409 2660 Gallia,
1439 2547 1646 2638 Gallicana
1673 2539 1787 2632 dieta

161 2664 242 2778 esi,
272 2666 360 2753 usos·
388 2668 499 2778 esse,
530 2672 629 2781 quin
660 2699 708 2756 ea
737 2699 789 2756 ex
817 2674 948 2760 Gallia
976 2672 1018 2757 in
1049 2670 1285 2786 Hispaniam
1300 2640 1554 2755 ldevenerit.
1583 2662 1780 2781 Quando·

159 2784 328 2901 quidem
359 2792 598 2875 S.1reuaeus
629 2816 720 2874 eam
750 2790 791 2875 in
816 2791 949 2877 Gallia
977 2788 1167 2875 adhibere
1197 2789 1350 2903 coepit,
1380 2784 1589 2902 postquam
1618 2781 1783 2898 Episco-

163 2934 237 3023 pus
267 2903 470 2990 ordinatus
500 2905 588 3015 est,
620 2930 666 2991 ut
694 2913 935 3022 Anonymus
966 2907 1164 3017 testatur,
1195 2936 1319 3020 quem
1350 2934 1509 3015 unum,
1540 2904 1582 2990 in
1609 2901 1686 2987 hac
1712 2929 1785 3013 re,

77 3033 130 3116 62
162 3025 307 3110 ducem
348 3022 568 3109 habemus.
608 3027 774 3138 Igitur,
812 3029 1004 3140 quoniam
1044 3025 1197 3113 vetusta
1237 3026 1321 3112 hac
1350 3023 1542 3138 Liturgia
1579 3020 1714 3110 sorma
1754 3047 1781 3106 e

164 3143 297 3234 Gallia
326 3142 369 3228 in
398 3141 636 3257 Hispaniam
666 3170 885 3261 propagata
912 3175 993 3232 non
1023 3144 1110 3255 est,
1142 3149 1448 3258 &Anonymus
1477 3139 1575 3231 dicit
1606 3153 1698 3224 eam
1727 3164 1782 3225 ex

163 3265 260 3355 Afra
301 3261 342 3346 in
371 3261 582 3370 Galliam,
620 3289 739 3378 opere
779 3270 819 3355 S.
848 3268 1024 3376 Irenaei,
1056 3264 1285 3350 devenisse.
1317 3259 1565 3351 ¹Incredibile
1604 3286 1688 3343 non
1726 3255 1785 3345 est

164 3377 368 3488 eandem,
406 3380 613 3490 aliquanto
650 3381 800 3493 oitius,
840 3414 892 3470 ex
919 3386 1012 3473 Asia
1053 3385 1105 3470 in·
1121 3383 1361 3498 Hispaniam
1402 3405 1582 3493 quoque,
1602 3375 1784 3466 delatam

165 3500 316 3607 fuisse,
348 3498 400 3582 ab
426 3497 474 3582 iis
502 3496 736 3613 Episcopis,
768 3529 898 3613 quoa,
930 3503 1044 3614 juxta
1074 3502 1269 3589 vetustam
1300 3499 1573 3614 Hispanorum
1602 3495 1787 3582 traditio-

166 3645 301 3728 nem,
327 3623 470 3702 Roma
496 3615 696 3700 ordinatos
726 3619 910 3732 Apostoli
938 3627 1075 3707 Petrus
1107 3626 1146 3708 8<
1177 3624 1317 3709 Paulus
1348 3625 1390 3704 in
1420 3615 1658 3732 Hispaniam
1687 3643 1787 3729 ptae·

167 3736 348 3823 dicatum
376 3732 597 3823 miserunt.
629 3735 717 3850 Qui
742 3738 843 3823 hanc
870 3737 1046 3826 formam
1073 3740 1287 3847 Afianam,
1318 3757 1460 3853 utpote
1489 3733 1596 3820 haud
1624 3733 1787 3820 diffimi·

168 3859 252 3943 lem
265 3853 501 3975 liturgia,
531 3881 612 3964 qua
639 3853 850 3969 Apostolus
878 3860 1020 3944 Paulus
1050 3859 1091 3944 in
1122 3858 1314 3972 Hispania
1344 3857 1430 3940 usus
1458 3855 1613 3963 fuerat,
1644 3854 1785 3943 Eccle-

168 3976 231 4063 sris
263 4004 287 4059 a
317 3971 355 4058 se
386 3971 608 4059 constitutis
648 3973 926 4064 tradiderunt.
969 3984 1068 4063 Haec
1101 3999 1146 4064 ut
1176 3978 1218 4062 in
1248 4005 1289 4061 re
1327 3973 1546 4061 admodum
1585 3972 1784 4081 obscura,

169 4099 210 4181 8<
235 4093 345 4204 cujus
377 4095 526 4178 nullam
552 4119 654 4205 pene
681 4094 869 4178 notitiam
898 4095 1110 4205 habemus,
1143 4118 1339 4208 tanquam
1366 4093 1519 4210 prorsus
1546 4120 1627 4178 non
1658 4091 1789 4178 incre·

169 4211 308 4298 dibilia
339 4207 445 4297 didla
471 4212 580 4320 smt,
611 4238 718 4301 nunc
747 4210 798 4302 ad
825 4209 1003 4301 auetores
1021 4215 1190 4304 Missalis
1218 4212 1469 4305 Mozarabiei
1493 4211 1697 4302 devenio.

904 4467 1058 4552 XVI.

128 4715 130 4719 ,
288 4642 361 4725 An
392 4639 434 4722 S.
452 4587 670 4747 leander,
700 4659 775 4725 aut
805 4645 850 4725 S.
874 4637 1085 4755 lstdorus‚
1117 4662 1192 4730 aut
1224 4647 1265 4726 S.
1273 4635 1481 4755 Julianus
1506 4605 1672 4727 'Audiui‘
1780 4604 1784 4622 Ι

632 4750 774 4872 fuerit
798 4754 866 4846 Mi
902 4756 984 4848 alis
1010 4753 1272 4875 Mogarubici
1290 4756 1321 4841 ?⁴

82 4941 135 5051 63
301 4934 387 5070 Pud
415 4933 656 5068 Hispanos,
686 4938 858 5074 aliasque
887 4964 1024 5055 gentes
1056 4940 1192 5053 passim
1223 4938 1421 5050 admissa,
1469 4960 1592 5053 atque
1624 4940 1788 5054 vulgata

167 5195 238 5258 ut
269 5054 556 5260 ,ustula
574 5059 1788 5291 ‚qllrlssifflrlllsfill’aliriollsiilllpilll

114 5350 117 5357 ·
169 5312 310 5377 tenet.
350 5298 406 5377 Et
439 5291 508 5377 alii
537 5290 701 5404 quidem
735 5295 776 5379 in
804 5297 881 5381 hoc
911 5298 1051 5413 insigni
1082 5326 1201 5413 opere
1250 5299 1398 5413 primas
1436 5320 1569 5412 partes
1600 5303 1639 5385 S.
1658 5303 1785 5383 Lean·

167 5408 265 5522 dro,
291 5405 474 5523 secundas
500 5410 691 5506 &Isidoro
722 5414 936 5525 tribuunt,
967 5417 1037 5503 alii
1066 5441 1204 5502 contra
1230 5416 1460 5504 Leandrum
1491 5443 1588 5531 opus
1608 5415 1786 5503 inchoas·

83 5537 140 5645 64
169 5531 233 5641 se,
253 5526 450 5618 Isidorum
470 5530 674 5645 perfecisse
700 5535 867 5620 volunt.
885 5533 961 5623 Sed
986 5537 1048 5622 ha
1066 5535 1272 5650 opiniones
1285 5536 1465 5646 antiquis
1494 5536 1639 5649 ignota
1660 5554 1790 5646 erant,

168 5679 242 5740 nec
281 5648 390 5735 enim
430 5676 503 5764 pro
533 5649 610 5761 iis,
654 5652 755 5737 ullus
791 5654 941 5742 citatur
965 5651 1151 5763 Audlor,
1192 5654 1386 5767 quiante
1421 5653 1625 5740 excidium
1654 5651 1791 5771 Regni

167 5769 472 5885 visigothorum
502 5769 724 5888 scripserit.
755 5779 850 5893 Qua
880 5775 996 5862 unica
1033 5773 1189 5860 ratione
1219 5775 1590 5890 argumentationes
1617 5800 1789 5884 omnes,
1820 5865 1821 5869 Ν

168 5891 210 5978 8(
241 5884 477 6001 conjeslurae
507 5891 777 5990 recentiorum
805 5894 893 6018 salli
920 5895 1239 6017 convincuntur.
1278 5892 1499 6017 Quomodo
1530 5893 1677 6008 enim,
1709 5894 1790 6027 line

1684 6033 1790 6128 anta:
