4450 7209
267 754 448 848 ¹34·
825 739 1662 823 ANNUN'CIATlO

389 873 454 925 cor
469 847 633 946 dignatur
651 843 867 945 ingredere.
888 841 966 916 'libi
981 839 1046 915 soli
1056 840 1104 914 'fit
1121 861 1199 937 per·
1247 860 1316 938 que
1330 835 1526 915 miraculum
1542 840 1614 916 vidi
1628 843 1661 914 in
1677 838 1818 941 virgine
1834 839 1847 913 a
1870 855 1912 918 ut
1926 843 2051 924 nomen
2083 869 2129 943 55

389 945 510 1022 riuma
535 945 590 1019 cui
618 943 680 1018 soli
709 944 746 1016 id
775 940 841 1014 else
856 941 1010 1036 cupimus
1036 961 1199 1033 prepara·
1248 935 1544 1032 virginitatianon
1559 939 1764 1014 amittereta
1790 963 1852 1014 nec
1917 944 2051 1018 nitricia

390 1062 486 1118 tum.
514 1047 561 1116 Ut
574 1065 650 1116 cum
667 1041 852 1115 nostrarum
867 1036 1032 1109 mentium
1057 1036 1189 1130 purita-
1238 1034 1332 1106 ferre
1346 1033 1501 1128 pondera
1522 1034 1686 1108 didicisset
1700 1083 1712 1108 .
1744 1039 1819 1110 Hec
1834 1036 1872 1111 so
1888 1064 1905 1110 a
1920 1033 2051 1115 memit

389 1134 793 1232 tembeneplacitamtibi
809 1135 871 1231 ipti
886 1132 1079 1210 fecerimus:
1099 1153 1188 1226 ope·
1236 1129 1331 1204 ferre
1359 1127 1470 1205 Deum
1496 1133 1570 1228 post
1590 1130 1726 1206 celuma
1756 1136 1792 1207 dc
1820 1132 1891 1208 sola
1923 1137 2051 1218 meruit

339 1251 358 1326 5
397 1236 451 1310 ric
470 1236 518 1308 tui
534 1235 644 1307 custos
664 1235 700 1304 dc
716 1250 905 1328 perpetuos
931 1228 1111 1306 habitator
1132 1225 1200 1301 effe
1252 1224 1510 1325 virgoinveniri
1526 1230 1600 1323 post
1614 1227 2052 1321 partumilecsolameruit

393 1333 568 1433 digneria.
593 1334 791 1422 norimcu·
1248 1324 2052 1422 Deum&hominemrDeumimperiissuisladle
2084 1333 2135 1403 60

1245 1420 1357 1494 uberis
1368 1425 1599 1514 portat.Hunc
1612 1426 1703 1496 diem
1715 1425 1813 1497 nobie
1828 1447 1928 1515 quem
1943 1425 2054 1498 devo·

612 1516 986 1608 terminatorum.
1246 1515 1372 1590 timue
1384 1515 1591 1594 celebremur
1604 1519 1765 1594 instituita
1792 1521 1828 1589 δι
1841 1520 1945 1593 homo
1961 1521 2056 1592 redi·

1244 1613 1375 1688 mendis
1390 1614 1580 1690 homnibus
1595 1613 1703 1690 facim
1727 1619 1770 1690 de
1784 1616 1921 1690 secreto
1942 1635 2049 1690 utero

317 1729 363 1788 10
488 1719 603 1792 Tarne
618 1714 687 1788 Dei
701 1711 816 1789 filiunt
835 1714 895 1811 qui
908 1711 1068 1809 virginee
1079 1708 1211 1786 matria*
1245 1707 1409 1806 virginali
1428 1711 1660 1788 immaculatus
1675 1712 1811 1786 emicuit
1829 1756 1840 1780 ·
1862 1712 2053 1786 Nuntiatur

499 1836 635 1889 uterum
650 1813 694 1882 fic
708 1813 837 1886 intraili
860 1834 904 1882 ne
924 1831 1125 1906 rumperes.
1155 1807 1201 1881 lic
1248 1805 1295 1878 eli
1309 1807 1552 1902 concipiendus
1569 1809 1611 1882 ab
1628 1806 1769 1905 Angelo
1786 1837 1796 1878 a
1813 1825 1998 1902 conceptus
2010 1809 2052 1882 li·
2081 1815 2108 1884 6
2110 1833 2131 1904 ς

257 1995 268 2010 ··
397 1903 1201 2102 {tillim}lr”it⁰¹llrrit;³?¹trrr
1248 1900 1747 2094 itillrlz‘i’nzlrrnl
1760 1901 2053 2093 lizinii?

399 2106 462 2181 tibi
476 2109 524 2177 ob
542 2102 780 2176 incarnationis
800 2121 859 2176 tue
874 2099 1065 2173 dedicamus
1079 2097 1202 2189 myste·
1251 2119 1294 2168 ne
1306 2119 1400 2172 nova
1411 2099 1447 2171 de
1462 2100 1617 2172 inusitata
1629 2098 1818 2192 conceptio
1831 2123 1842 2166 a
1855 2099 1891 2162 8²
1902 2097 1974 2168 line
1988 2098 2054 2170 do·

320 2212 364 2284 ²5
401 2205 513 2278 rium·
540 2199 706 2273 Tribuens
732 2216 795 2294 per
818 2198 884 2268 hoc
909 2199 944 2270 dc
973 2194 1062 2270 vivis
1091 2191 1200 2266 anime
1250 2189 1383 2266 lorede
1399 2195 1656 2292 marrevirgine
1681 2189 1891 2270 inviolabilis
1921 2191 2055 2286 paritu-

401 2298 622 2392 corporisque
639 2293 806 2369 saluteme
838 2295 874 2366 dc
894 2287 1063 2370 defundis
1080 2307 1202 2364 eterne
1249 2291 1325 2361 do·
1350 2289 1438 2365 Huic
1453 2289 1558 2368 solum
1577 2285 1732 2386 possibile
1754 2289 1821 2364 fuit
1837 2287 1908 2360 line
1923 2287 2054 2362 semine
2085 2321 2134 2397 7⁰

400 2395 632 2489 reparationis
651 2391 876 2468 felicitatem.
1252 2381 1453 2460 mirabiliter
1475 2388 1639 2482 concipit
1662 2393 1698 2460 dc
1728 2387 1799 2460 line
1824 2387 2059 2478 corruptione

450 2488 653 2592 Respondent
668 2490 813 2563 chorus.
838 2489 945 2559 Amen
960 2532 972 2557 .
1253 2479 1401 2558 feliciter
1414 2486 1526 2560 nasci.
1557 2489 1708 2581 Propter
1721 2483 1814 2578 quod
1825 2483 1970 2555 eundem
1981 2481 2056 2556 Sal·

847 2625 859 2659 ·.
1253 2598 1414 2654 retorem
1426 2586 1575 2656 nostrum
1588 2581 1800 2678 unigenitum
1813 2596 2055 2654 tuumatecnm

320 2693 368 2750 ao
631 2681 818 2779 Adparent
833 2681 976 2752 Orneiai
1254 2675 1520 2768 semper&cum
1535 2679 1666 2771 Spiritu
1680 2675 1806 2756 Sardio
1820 2695 2053 2772 regnantcmr
2200 2698 2201 2762 3

487 2805 490 2810 ·
1251 2771 1316 2846 celi
1330 2769 1479 2850 celorum
1492 2773 1689 2872 &angelice
1701 2773 1890 2869 potestates
1901 2774 1971 2845 linc
1984 2771 2056 2844 ces·
2084 2802 2131 2880 ῃ
2200 2785 2201 2870 ᾗ

498 2868 612 2951 lirille
623 2874 767 2949 verbum
779 2871 895 2946 summi
914 2872 1045 2968 patrica
1071 2869 1129 2964 qui
1145 2891 1203 2944 ca·
1250 2869 1379 2942 satione
1408 2871 1615 2946 conlaudant
1630 2873 1678 2946 ita
1702 2871 1881 2942 dicentes.
1911 2870 2055 2964 Respa.
2200 2875 2201 2884 ’

402 2878 486 3058 C
506 2999 544 3047 ro
558 2973 665 3049 fabius
687 2996 754 3044 ece
782 2989 822 3043 ut
846 2969 1016 3044 habitaret
1030 2971 1063 3040 in
1079 2966 1203 3038 nobisa
1250 2968 1327 3040 dear
1341 2965 1485 3042 chorus.
1510 2971 1674 3044 sandius·
1690 2963 1857 3042 Sanstuh
1880 2965 2021 3040 sanctm
2035 3013 2054 3039 .

400 3068 541 3145 illabere
565 3069 711 3142 seolibue
736 3068 880 3140 nostrisa
907 3091 977 3160 quo
1003 3060 1202 3155 omnesqui

319 3179 365 3254 ,²5
403 3185 464 3240 tue
484 3164 727 3243 incarnationis
742 3162 907 3259 mysterio
933 3163 1045 3236 sumus
1071 3160 1206 3234 redem·
1546 3153 1624 3244 Poll
1638 3163 1797 3234 Sardus.
2131 3229 2135 3234 .

397 3261 477 3358 pria
504 3281 671 3360 perpetue
702 3282 892 3336 maneamus
916 3262 1011 3358 pacit
1037 3257 1205 3335 societate
1361 3255 1426 3328 Ere
1442 3255 1572 3331 sancius
1588 3285 1602 3326 a
1618 3281 1700 3331 vere
1715 3255 2052 3332 benedictusbomi-
2085 3265 2135 3338 80

396 3360 580 3438 connexi.
600 3373 651 3452 ξι.
666 3359 801 3432 Amen·
1302 3357 1303 3362 ’
1373 3376 1433 3423 nus
1448 3357 1561 3430 noster
1574 3354 1662 3427 lesus
1675 3355 1827 3431 Christus
1843 3353 1936 3428 filius
1950 3373 2053 3427 tuus:

1249 3449 1325 3544 lpse
1351 3453 1397 3524 est
1412 3453 1469 3546 qui
1484 3453 1671 3528 callitatem
1699 3450 1852 3530 contulit
1869 3479 1879 3519 a
1903 3449 2054 3546 virgini-

723 3545 874 3624 nlntio:
1248 3545 1819 3626 tatiadecusnonabstulitnnri.
1848 3547 2051 3642 Qi&pro

167 3695 171 3698 -
320 3663 368 3741 po
1246 3641 1710 3742 nobieexeademdignatut
1734 3648 1782 3719 est
1805 3645 1912 3720 nascit
1935 3647 2053 3736 &pto
2201 3633 2202 3676 ³

397 3739 493 3919 D
509 3734 813 3838 ignum&iustum
828 3746 902 3818 esta
928 3766 993 3818 noc
1006 3735 1074 3816 tibi
1084 3740 1198 3815 omni·
1245 3741 1358 3816 nostra
1374 3742 1566 3839 adoptione
1579 3767 1649 3817 non
1674 3743 1852 3819 abborruit
1880 3737 2051 3832 suscipere
2082 3745 2133 3840 85

495 3843 764 3933 potenaPater
782 3842 911 3938 gratian
934 3863 1067 3939 agere·
1088 3840 1199 3912 Side·
1245 3853 1421 3914 mortenr.
1450 3839 1526 3936 lpse
1557 3839 1727 3916 Domum
1762 3861 1801 3915 ac
1830 3841 2050 3932 Redemptor

397 3935 573 4010 bitoribut
598 3936 658 4030 qui
683 3939 829 4012 reddere
856 3941 1003 4013 debeant
1034 3936 1197 4032 dignatur
1246 3953 1414 4012 eternus.

399 4033 506 4108 biteris
521 4055 714 4132 prorogare
726 4025 1196 4133 perlesumChristumfilium
1537 4026 1762 4132 Polipridiei

318 4151 365 4231 35
398 4145 496 4203 tuum
507 4129 697 4206 Dominum
720 4134 892 4206 noilmm.
919 4135 971 4204 Ex
986 4152 1023 4206 te
1039 4132 1122 4205 Deo
1136 4136 1202 4206 Pa·

255 4234 262 4261 ‘
398 4245 453 4300 tre
466 4225 537 4298 line
552 4223 655 4320 initio
677 4247 820 4303 natuma
840 4228 973 4325 tibique
1001 4227 1200 4307 indifferen-
1358 4223 1538 4305 Unciamirn
1567 4227 1723 4301 Domine
1753 4231 1850 4324 qnod
1862 4225 2052 4306 erenum
2080 4247 2134 4320 9⁰

398 4340 477 4395 tera
500 4337 604 4413 atque
630 4322 921 4400 indemutabiliter
943 4341 1141 4400 coeternum
1161 4347 1201 4398 ac
1358 4323 2049 4403 11ectacemus.retotisvisceribusde-

396 4438 463 4514 per
476 4416 589 4491 omnia
599 4418 819 4516 coequalem.
840 4421 925 4497 Non
940 4420 1127 4516 adoptione
1142 4421 1200 4493 sed
1248 4437 1455 4513 precantesa
1482 4440 1522 4498 ut
1549 4418 1608 4514 qui
1632 4421 1791 4517 genitrici
1813 4419 1982 4521 prestitisti
2009 4435 2052 4492 ut

399 4535 554 4613 generet
577 4537 641 4588 nec
669 4514 781 4613 gratia
805 4516 864 4589 sed
893 4535 1039 4592 natura·
1062 4517 1133 4610 oni
1164 4517 1200 4591 in
1248 4529 1358 4588 meter
1373 4518 1457 4592 erret
1473 4522 1509 4592 dc
1524 4516 1649 4612 virgoa
1679 4517 1806 4592 tribuas
1825 4517 1968 4593 Ecclefie
1991 4535 2052 4588 tue

316 4633 367 4712 40
398 4628 504 4687 utero
526 4606 735 4688 sanctificate
762 4611 873 4689 sande
895 4636 935 4689 ac
960 4611 1105 4712 virginis
1131 4610 1203 4686 cle·
1246 4609 1338 4683 utlit
1355 4613 1421 4685 fide
1438 4615 1662 4706 incorruptae
1689 4619 1727 4689 dt
1754 4617 1905 4692 castitate
1935 4617 2056 4690 fecun-

334 4772 338 4779 .
396 4725 533 4784 menter
550 4706 700 4807 illapsura
725 4711 761 4783 dc
775 4711 846 4784 line
860 4709 928 4785 ulla
947 4707 1049 4785 sorde
1062 4711 1195 4808 peccati
1244 4707 1311 4778 dar
1340 4723 1442 4804 atque
1455 4714 1519 4783 hec
1531 4709 1688 4786 libamina
1702 4712 1753 4788 ita
1767 4730 1828 4786 tue
1842 4713 1956 4812 gratie
1969 4709 2048 4785 dul·
2077 4731 2127 4805 95

396 4801 617 4880 ineffabiliter
630 4827 752 4883 natus.
773 4807 854 4880 Vidi
866 4806 1036 4907 virginem
1051 4835 1061 4878 a
1079 4827 1118 4882 ut
1127 4830 1197 4879 ma·
1244 4802 1333 4894 cedo
1360 4802 1546 4883 sanctificet
1561 4829 1636 4904 etut-
1661 4807 1870 4886 sumentibus
1899 4811 1936 4884 &
1966 4806 2051 4882 salu·

396 4901 1198 5084 pppppaspadicegpaaptrlirgipeplquidpligerpp
1244 4919 1593 5098 pilistecirpfflnie
1610 4906 1646 4977 dl
1674 4903 1879 4986 dmuorm
1908 4906 2050 4984 veniam

587 5023 1161 5077 ‚rauexoommta
1354 5023 1420 5071 n.
1594 5023 1643 5074 n·

315 5095 366 5190 45
398 5089 575 5179 hominem
596 5090 725 5192 ligabat
742 5141 754 5164 .
774 5026 973 5171 includitur
986 5097 1076 5172 intra
1086 5096 1200 5169 homi·

394 5207 476 5298 pem
487 5185 610 5258 Deuca
638 5174 691 5267 cul
708 5207 804 5263 totus
821 5217 947 5287 parvus
961 5195 1008 5266 est
1031 5193 1174 5268 mundus
1189 5219 1219 5263 r.
1394 5191 1457 5268 'Ad
1466 5201 1657 5272 Orationem
1671 5195 1906 5280 Dtnrr'rirami
2078 5197 2151 5272 'roo

395 5279 469 5353 rlltc
484 5285 667 5358 tenebatur
680 5303 783 5360 utero
796 5289 913 5362 matris
928 5315 938 5356 a
955 5287 1023 5363 illic
1038 5289 1122 5362 tedii
1136 5311 1201 5382 pu·

395 5377 493 5450 doris
509 5377 660 5490 pulfitur
686 5382 831 5456 tumoris
847 5382 1005 5460 invidiae
1030 5385 1199 5490 &secura
1349 5385 1536 5474 Eumenius
1548 5387 1754 5488 magnitudo·
1771 5387 1963 5467 divinitatis
1976 5389 2051 5485 capi

397 5475 445 5546 eli
458 5474 667 5552 conferentia
681 5525 691 5548 ·
708 5478 902 5552 Maternum
914 5504 1042 5553 nomen
1050 5481 1199 5574 accepite
1373 5507 1440 5556 non
1457 5493 1591 5578 potede
1612 5485 1736 5580 quique
1750 5487 1819 5558 fine
1832 5487 1938 5562 inicio
1951 5489 2050 5560 Deua

319 5591 365 5665 po
396 5574 432 5643 dc
457 5571 616 5646 damnum
639 5574 855 5673 uirginitatis
886 5578 1031 5650 nescivit
1054 5624 1065 5646 ·
1089 5576 1199 5652 Maria
1247 5579 1390 5654 sumumr
1405 5584 1441 5653 δι
1457 5603 1557 5676 pater
1572 5584 1646 5657 estr
1664 5582 1887 5678 deprecentur
1901 5579 2052 5657 dileciis·

312 5733 316 5741 .
395 5667 478 5777 quid
505 5672 612 5764 agis?
635 5669 732 5768 Elige
756 5679 824 5758 jam
851 5675 930 5765 qnid
950 5673 1114 5748 voceris.
1141 5675 1198 5747 Sic
1246 5675 1319 5748 fimi
1334 5673 1457 5750 fratres
1470 5706 1479 5747 a
1493 5699 1532 5753 ut
1547 5679 1637 5753 idem
1651 5680 1819 5774 paterqui
1835 5679 1923 5752 nasci
1942 5680 2052 5756 filium
2080 5693 2147 5764 105

395 5764 560 5836 castitatis
572 5770 720 5859 potestas
730 5769 950 5844 obumbraria
975 5795 1038 5844 nec
1051 5769 1199 5869 virgini·
1249 5771 1342 5843 suum
1370 5770 1484 5850 voluit
1515 5800 1560 5848 ex
1588 5793 1691 5849 utero
1719 5775 1871 5876 Virginis
1905 5779 2052 5852 matrice

399 5881 452 5932 rat
468 5857 652 5953 aliquando
665 5867 831 5939 mentiri.
851 5868 1203 5942 Tuucelienimute·
1250 5867 1392 5940 mundet
1415 5893 1481 5943 noc
1507 5873 1547 5944 ab
1562 5870 1656 5945 omni
1691 5869 1950 5966 inquinamento
1979 5895 2054 5946 car·

399 5977 485 6040 eutr
510 5955 916 6059 &alienarestpartum
947 5964 1087 6044 Novum
1103 5965 1203 6067 deni·
1251 5963 1303 6064 pir
1323 5965 1379 6038 :dc
1403 5965 1614 6070 unguium..
1643 5971 1726 6060 Quo
1769 5969 1856 6046 uem
1896 5968 2052 6139 digna„

1982 6087 2053 6141 um·
