4450 7209
430 722 496 821 φ·
637 743 642 767 =
868 670 1683 803 rumararuuonrum

435 810 606 901 Perillam
630 818 691 893 nos
708 814 881 913 ploravitz
909 814 1076 909 perillam
1093 836 1232 886 notcu-
1450 818 1551 888 Dr'cat
1562 818 1683 891 Prerb.
1696 816 1764 915 post
1773 816 1910 913 pridie}
2121 843 2152 912 55
2192 839 2193 850 ¹

434 922 528 995 ravit
555 934 570 987 a*
603 917 635 989 in
665 911 721 987 illa
758 917 892 986 infanta
922 911 955 981 in
985 909 1047 986 ista
1086 909 1230 1005 giganst
1285 967 1289 975 .
1392 909 1452 981 EC
1480 916 1626 987 Domine
1652 919 1744 988 dona
1774 936 1832 985 tua
1856 919 2087 1013 &precepta

433 1018 483 1089 ibi
497 1012 609 1089 exulat
627 1010 718 1080 =¹hic
732 1011 941 1102 triumphat·
972 1009 1039 1080 Per
1055 1004 1231 1081 illamcre·
1404 1005 1581 1096 servantes
1599 1040 1609 1079 r
1638 1012 1674 1083 in
1688 1009 1795 1085 altare
1809 1029 1906 1087 tuum
1933 1014 2084 1108 panitae
2192 1021 2193 1058 l

434 1113 557 1207 pundia
574 1106 741 1203 gestavit:
764 1106 932 1201 perillam
949 1126 1055 1199 regna
1069 1102 1229 1187 subjecit.
1278 1106 1352 1176 vini
1379 1102 1577 1179 holocausta
1615 1106 1868 1203 proponimus.
1897 1111 2082 1207 Rogantes

382 1248 400 1316 5
432 1208 528 1279 illam
544 1199 686 1301 parvuli
711 1202 927 1284 iocunditate
952 1195 1230 1273 demulsitailiam
1277 1199 1537 1292 prosufissamam
1558 1220 1617 1308 tue
1644 1203 1875 1279 misericordie
1892 1207 2080 1300 pietatem=

430 1302 543 1399 sponsi
557 1296 758 1373 credulitate
782 1295 967 1391 despondit
982 1342 993 1363 .
1020 1297 1148 1368 Extant
1163 1296 1226 1367 de·
1276 1294 1363 1367 utin
1378 1298 1501 1370 eodem
1515 1299 1717 1394 spirituque
1744 1318 1779 1372 te
1796 1303 1829 1371 in
1851 1323 1952 1374 carne
1966 1303 2083 1395 virgi·
2113 1307 2153 1372 60

366 1484 374 1491 ,
430 1401 531 1492 nique
544 1397 689 1491 preciofi
705 1396 828 1469 amoris
844 1395 1046 1487 incorrupta
1060 1414 1232 1465 commer·
1281 1392 1367 1465 nitas
1397 1394 1598 1490 incorrupta
1642 1396 1835 1489 concepitr
1868 1399 1928 1471 has
1953 1398 2081 1477 hostiae

426 1496 476 1568 tia
501 1540 512 1563 .
535 1494 644 1567 Dedit
672 1490 814 1586 sponsus
840 1489 960 1586 sponse
986 1490 1042 1559 sue
1066 1510 1229 1563 munera:
1280 1482 1429 1559 Trinitas
1440 1491 1584 1565 indivisa
1597 1491 1812 1567 sanctificeta
1841 1514 1878 1565 ut
1892 1518 1967 1569 cum
1983 1521 2002 1567 a
2016 1518 2084 1567 no·

425 1610 530 1684 'aquas
560 1592 657 1665 vivat
682 1614 693 1659 a
723 1587 805 1661 idest
828 1586 980 1659 Christus
1014 1582 1229 1658 Ecclesieae
1283 1583 1333 1655 bit
1359 1586 1466 1657 fuerit
1490 1612 1558 1660 non
1573 1589 1699 1665 minori
1728 1590 1964 1683 trepidatione
1977 1612 2081 1683 quam

357 1724 402 1773 10
423 1688 551 1781 quibus
563 1684 665 1759 semel
685 1686 726 1757 ad
742 1683 896 1780 placendi
912 1680 1071 1757 meritum
1095 1679 1230 1754 lavare·
1277 1683 1505 1758 veneratione
1519 1684 1861 1780 perceptazquicquid
1874 1706 1996 1767 eontra
2011 1687 2082 1758 ani·

431 1802 514 1857 tur·
537 1781 645 1857 Dedit
658 1780 773 1854 oleum
801 1779 941 1859 leticiea
970 1800 1033 1872 pro
1043 1778 1229 1853 odorifero
1276 1798 1363 1853 mam
1390 1776 1474 1851 male
1495 1781 1584 1854 vivit
1610 1784 1781 1853 intereat:
1811 1783 1972 1875 quicquid
1994 1781 2085 1855 inte·
2111 1786 2154 1871 65

431 1898 611 2046 unguegto
642 1876 803 2043 csrismastir
831 1894 1024 2045 ungzretu}
1045 1919 1056 1941 ·
1074 1874 1229 2038 Vocavsit
1276 1872 1382 2059 tier&
1394 1874 1586 2045 xillatenm
1600 1876 1813 1954 reviviscat.

377 2054 381 2061 ,
437 1998 542 2048 eama
578 1997 722 2048 menam
762 1996 861 2047 uamt
890 1994 990 2065 arpe
1020 1990 1168 2043 rumenti
1197 1996 1234 2043 a·
1429 1995 1530 2045 men.

431 2072 532 2145 tiavit
545 2068 657 2147 illam.
676 2070 769 2141 Vino
789 2063 1140 2159 suavitatiaimplevit
1154 2095 1164 2137 a
1176 2069 1232 2150 iu·

358 2205 400 2278 ¹5
432 2166 523 2241 siicie
537 2165 696 2266 imposuit
707 2167 976 2257 ornamentum·
1001 2163 1157 2239 Donavit
1171 2166 1233 2245 de,-
1279 2230 1283 2239 ,
1329 2165 1431 2235 Dicat
1445 2160 1621 2239 Parthas
1633 2169 1815 2242 orationem
1828 2170 2063 2243 uminum:

433 2284 585 2341 auratum
630 2263 796 2340 virtutum
833 2262 1009 2337 varietate
1046 2262 1232 2334 vestitum·
1300 2316 1306 2323 .
2113 2270 2157 2359 76

436 2363 589 2439 Animam
617 2358 710 2435 suam
738 2383 803 2455 pro
829 2357 886 2433 illa
908 2359 1045 2453 posuit.
1070 2358 1233 2451 suscepte
1395 2357 1472 2431 Uod
1490 2359 1571 2433 via:
1600 2378 1640 2433 ut
1668 2358 1888 2454 sequeremur
1909 2359 2083 2435 ostendite

425 2462 469 2531 dt
485 2458 612 2533 calcate
628 2456 749 2531 mortis
771 2455 879 2550 spolia
893 2455 927 2525 in
944 2462 1065 2532 dotem
1094 2451 1232 2526 ille-re·
1403 2456 1494 2546 quod
1518 2457 1590 2529 vita
1606 2484 1616 2525 a
1633 2475 1671 2530 ut
1687 2455 1906 2551 loqueremur
1919 2460 2082 2533 edocuita

426 2573 594 2653 gnaturua
610 2554 724 2631 vidior
740 2550 921 2624 exhibuita
947 2555 981 2624 se
995 2554 1100 2649 ipsum
1113 2547 1173 2622 ille
1196 2550 1231 2620 in
1414 2552 1508 2643 quod
1528 2551 1679 2623 veritate
1705 2570 1743 2627 ut
1772 2574 1966 2629 teneremus
1989 2556 2085 2627 insti-

353 2688 402 2741 ,ο
430 2651 513 2725 cibo
546 2678 584 2727 ac
617 2669 707 2747 potu
745 2648 1010 2747 indumentoque
1039 2648 1231 2723 conceffit.
1283 2644 1375 2716 tuita
1406 2648 1468 2718 tibi
1481 2647 1604 2721 summe
1614 2651 1718 2724 Pater
1743 2673 1819 2727 cum
1832 2671 1985 2726 tremore
2000 2674 2080 2725 cor·

353 2753 356 2761 '
434 2749 598 2823 Promisit
627 2748 660 2827 ei
681 2744 780 2820 seilli
801 2747 958 2822 daturum
983 2770 1129 2845 regnum
1140 2762 1234 2815 eter-
1282 2741 1332 2824 dis
1348 2740 1772 2836 proclamemuseterris.
1799 2753 1904 2825 Pater
1915 2748 2055 2823 noster.
2114 2768 2154 2843 75

432 2868 541 2917 num.
564 2843 667 2941 Ipsam
696 2840 870 2938 pollicitus
897 2845 944 2931 est
969 2842 1177 2919 statuendam
1197 2840 1232 2912 in
1282 2910 1289 2919 ,
2154 2880 2158 2887 =

432 2942 578 3013 dextere
596 2941 653 3012 sue
679 2961 777 3036 parte
802 2940 980 3037 reginam.
1007 2937 1232 3015 Concedit&
1460 2941 1560 3010 Dicat
1574 2937 1695 3012 Presb.
1708 2946 1913 3019 Benedimo.

431 3038 492 3133 ipsa
507 3064 516 3105 a
530 3039 627 3131 quod
639 3036 825 3139 concessum
838 3036 884 3109 esi
899 3038 1069 3137 genitricit
1085 3033 1231 3129 implerit
1384 3034 1629 3131 Qminutle'sut
1644 3036 1798 3111 Chrishta
1814 3069 1824 3110 a
1840 3042 1899 3133 qui
1911 3035 1995 3117 olim
2007 3062 2077 3133 pro

354 3168 375 3219 2
381 3170 399 3241 5
429 3158 507 3209 non
521 3134 668 3213 violari.
697 3137 843 3209 Parere:
872 3156 942 3208 non
961 3138 1158 3229 corrumpit
1181 3126 1231 3204 illi
1398 3131 1494 3205 nobit
1509 3131 1615 3203 hodie
1627 3132 1785 3230 dignatur
1797 3139 1844 3209 est
1857 3135 1947 3209 nasci
1964 3165 1974 3205 a
1998 3135 2057 3230 ips
2059 3159 2080 3205 e

352 3240 354 3245 '
431 3228 555 3303 semele
580 3236 631 3307 ilii
646 3232 802 3323 sempera
828 3229 945 3303 sedere
961 3228 1229 3324 tanquamspon·
1277 3247 1339 3301 vos
1367 3226 1424 3298 sua
1448 3228 1642 3301 Nativitate
1672 3231 1851 3305 vivificet.
1876 3237 2079 3324 stt-Amen·
2111 3228 2155 3299 80'

432 3328 502 3399 sam
532 3326 567 3397 in
595 3324 742 3401 thalamo
768 3325 1026 3421 pulcritudinisa
1054 3329 1090 3398 &
1117 3320 1232 3399 multi·
1281 3321 1323 3392 Et
1339 3322 1397 3412 qui
1420 3321 1595 3399 infantiam
1605 3323 1995 3402 sumenahumanitatist
2020 3328 2081 3397 vi.

431 3422 559 3517 plicare
586 3422 675 3499 filios
702 3423 836 3517 gremio
860 3421 1024 3515 pietatis.
1053 3418 1232 3493 Fectosam
1280 3414 1368 3489 libus
1393 3418 1531 3491 indutus
1546 3420 1593 3491 esl
1606 3420 1748 3519 panniaa
1777 3423 1947 3498 celestium
1972 3421 2083 3498 virto-

433 3519 498 3591 esse
523 3517 684 3613 prolema
710 3540 778 3589 non
793 3518 934 3595 fetidam
962 3517 1135 3595 voluntate
1152 3516 1230 3587 .sic
1278 3531 1349 3585 tum
1378 3537 1441 3589 vor
1468 3516 1588 3589 vestiat
1613 3519 1841 3593 indumentis'.
1867 3536 1917 3611 qt.
1936 3521 2083 3593 choras.

317 3672 320 3677 .
354 3646 401 3719 30
433 3618 470 3687 dt
498 3612 568 3707 ipsa
594 3610 718 3708 inipso
745 3631 806 3709 per
832 3615 939 3709 ipsum
964 3618 1062 3695 diver
1083 3613 1229 3687 essedae
1280 3612 1914 3713 Amen.Sitqoevestrorumcordium
1928 3615 2081 3691 interior
2147 3704 2154 3714 ,

436 3709 563 3805 sponso
589 3734 628 3784 ac
640 3713 782 3785 domino
806 3708 867 3783 suo
878 3712 1018 3788 humilia
1034 3711 1143 3785 refert
1159 3732 1232 3783 mu·
1279 3706 1414 3800 pasius:
1439 3712 1499 3801 qui
1524 3710 1560 3781 in
1575 3711 1737 3804 presepio
1761 3714 1891 3807 positus
1906 3714 2080 3787 credenti·
2110 3704 2153 3795 85

433 3828 544 3879 nera·
565 3808 645 3883 Hoc
657 3805 746 3885 enim
760 3811 803 3880 de
816 3807 962 3903 proprio
975 3811 1034 3883 suo
1052 3807 1232 3883 offerendo
1280 3801 1387 3873 buese
1404 3801 1517 3881 voluit
1530 3807 1705 3879 monstrari
1719 3808 1907 3883 vescendus
1921 3857 1933 3879 .
1949 3810 2082 3902 mebo-

430 3904 524 3995 quod
536 3901 705 3978 credidit·
733 3905 801 3980 hoc
816 3906 860 3976 de
874 3906 1035 4003 exemplo
1046 3907 1144 4002 quod
1156 3924 1233 3976 eum
1281 3921 1362 3985 rus.
1377 3903 1487 3973 Amen
1504 3950 1515 3973 .
1537 3904 1603 3976 Per
1618 3901 1881 3982 misericordiam
1898 3906 1997 4001 ipfiut
2011 3906 2081 3978 Dei

430 4000 621 4076 redamavit
638 4003 744 4080 siloc
760 4003 804 4075 de
820 4003 916 4084 dono
938 4006 1035 4101 ipsius
1062 4006 1100 4076 id
1126 4000 1232 4095 ipsam
1279 3997 1383 4069 nostri
1406 3997 1464 4091 qui
1478 4001 1525 4071 ess
1539 3997 1735 4097 benedidiua
1747 4003 1795 4093 a&
1808 4002 1896 4077 vivit
1912 4008 1948 4077 &
1964 4003 2082 4077 omnia

355 4125 399 4203 35
433 4096 576 4189 potuisse
602 4100 697 4193 quod
723 4098 836 4175 voluit
858 4132 868 4173 a
892 4102 930 4175 id
957 4102 1059 4199 ipsam
1089 4094 1232 4194 voluisse
1278 4091 1769 4187 regitinseculaseculorom.
1785 4106 1998 4191 periment

413 4192 525 4289 xquod
551 4192 668 4288 potuit
692 4241 704 4263 .
735 4195 846 4307 Dedit
874 4194 1106 4310 illiotanquam
1136 4196 1230 4271 rosas
1327 4191 1429 4262 Dicat
1442 4188 1741 4270 nasamonium
1756 4195 1799 4269 tit
1812 4194 1946 4293 semper
1961 4198 2080 4273 vobis·
2107 4208 2151 4279 90

428 4288 1025 4465 liircttiriteaiaeniiiitiiiiiilgilliii
1038 4294 1234 4485 iiiissmvtiti:
1277 4307 1643 4462 cuiiicdr'crttclaarus.
1673 4375 1818 4467 Gustare
1832 4390 1868 4464 δι
1882 4388 2033 4464 videte.

430 4480 517 4553 slroa
530 4480 721 4555 voluntatis
750 4489 822 4572 ejus
847 4509 866 4558 a
891 4486 1041 4562 ollolosa
1071 4486 1230 4563 conferta
1551 4564 1558 4574 ,
1730 4491 1736 4496 ’
1989 4564 1997 4579 x

350 4610 400 4683 40
428 4575 606 4672 operiasui
619 4574 770 4674 impensa
786 4599 841 4655 tra
878 4582 993 4656 misit.
1025 4586 1124 4656 Unde
1139 4607 1228 4657 nunc
1445 4578 1744 4667 Poflcommanioi
1767 4584 1912 4662 oratius
1997 4580 2008 4615 “·

416 4680 449 4757 'a
463 4673 597 4747 dextrit
618 4681 690 4761 ejus
716 4673 807 4751 felici
815 4680 887 4751 a&
901 4677 1052 4777 gloriosa
1069 4682 1229 4775 perenni·
1379 4677 1497 4755 Ratiaa
1513 4681 1577 4753 tibi
1591 4681 1721 4777 agimus
1733 4682 1886 4759 Domine
1899 4682 2022 4753 Danaa
2044 4682 2080 4753 tt
2107 4674 2154 4769 95,

431 4786 507 4843 rate
532 4772 740 4849 consistensr
767 4797 844 4853 eum
867 4792 983 4850 tecum
1010 4777 1228 4873 omnipotens
1384 4796 1419 4850 te
1431 4778 1544 4852 Deum
1556 4779 1784 4854 benedicimus
1796 4780 1840 4850 de
1854 4778 1909 4849 die
1924 4777 1959 4849 in
1971 4778 2076 4853 diem=

431 4868 536 4943 Pater
552 4869 680 4941 &cum
700 4866 827 4946 santio
854 4871 982 4965 Spiritu
1005 4868 1231 4971 regnantem:
1278 4878 1414 4969 quinos
1428 4874 1464 4944 in
1489 4873 1552 4949 hac
1564 4875 1620 4947 die
1635 4872 1748 4948 sancte
1772 4872 1988 4950 solennitatis
2018 4896 2079 4947 tue

430 4982 511 5033 cum
534 4964 690 5037 omnibua
715 4965 845 5062 angelis
870 4972 1073 5045 confitendo
1094 4970 1233 5045 conlatr-
1279 4971 1469 5065 perducere
1484 4971 1642 5067 dignatur
1657 4994 1694 5042 er
1708 5017 1719 5039 ·
1734 4973 1787 5046 sac
1801 4994 1865 5046 nos
1882 4970 1974 5042 diem
1983 4970 2080 5044 isium

350 5067 397 5161 4'5
430 5056 536 5131 dat&
548 5058 861 5151 dicit-gatham·
883 5064 1023 5143 mattas
1036 5066 1231 5165 „Sentium
1279 5065 1466 5141 nativitatis
1494 5085 1551 5139 tue
1581 5063 1765 5159 permulta
1788 5064 2081 5141 curriculaanno·

429 5147 567 5230 Sanfiius
583 5201 593 5224 ·
1279 5186 1354 5235 rum
1365 5161 1399 5232 in
1415 5165 1539 5253 pane&
1552 5160 1801 5254 tranquillitate
1815 5161 1985 5257 suscipere
1999 5186 2078 5239 cum
2113 5179 2176 5233 roo

725 5310 726 5317 κ
811 5324 815 5329 ,
1231 5254 1374 5333 ‘fideli
1389 5255 1521 5353 populo
1532 5277 1622 5330 tuo.
1653 5261 1859 5348 melotus.
1886 5263 2030 5332 Amen.

511 5378 516 5391 ·
579 5350 680 5425 uico
694 5347 815 5425 ansb.
828 5348 898 5448 poll
912 5353 1075 5427 smnus}
1327 5350 1374 5449 pl.
1385 5354 1452 5425 Per
1465 5354 1727 5430 misericordiam
1748 5375 1840 5430 tuam
1853 5354 1949 5427 Deua
1964 5356 2078 5427 noller

378 5539 381 5545 ¹
566 5539 568 5544 ¹
924 5500 936 5527 t
1275 5448 1334 5543 qui
1350 5475 1387 5523 es
1399 5447 1623 5523 benedisiust
1647 5455 1683 5524 δι
1699 5451 2077 5546 vivit&omniaregic

353 5566 397 5640 50
532 5541 597 5615 Ere
608 5543 769 5636 studiosa
792 5570 876 5621 vere
889 5546 1083 5619 beneditus
1098 5545 1227 5622 Domi·
1275 5542 1434 5620 insecula
1464 5544 1653 5621 seculorum
1675 5594 1687 5616 ·
1713 5553 1908 5643 alimen.
1933 5545 1982 5637 pl.
1998 5550 2078 5619 Do·

545 5666 604 5715 nua
626 5644 738 5718 noller
754 5642 847 5723 Jesua
859 5643 1011 5715 Christus
1032 5641 1121 5715 filius
1146 5664 1222 5718 tuor
1271 5641 1380 5716 minut
1405 5640 1445 5712 fit
1469 5642 1601 5737 semper
1617 5643 1819 5717 vobiscum.
1844 5656 1893 5738 lja.
1909 5644 2075 5717 Etcum.
2111 5657 2173 5729 105

424 5736 482 5827 qui
498 5738 627 5809 venite
643 5738 749 5810 celita
776 5759 814 5811 ut
831 5736 1094 5813 conversaretur
1106 5738 1141 5809 in
1153 5760 1223 5813 ter·
1272 5732 1319 5828 ql.
1333 5736 1493 5810 Solennia
1506 5738 1680 5833 completa
1695 5739 1772 5811 sunt
1786 5740 1819 5812 in
1836 5739 1976 5813 nomine
1993 5742 2074 5815 Do·
2192 5791 2193 5794 =

424 5830 495 5907 uisa
522 5852 601 5907 caro
626 5834 734 5907 satius
753 5836 800 5907 est
816 5835 1038 5909 uthabitaret
1061 5834 1096 5905 in
1120 5835 1219 5911 nobit
1267 5834 1349 5915 mini
1367 5831 1561 5910 nostrilesu
1574 5835 1713 5909 Christi:
1727 5856 1848 5909 votum
1864 5838 2013 5909 noslrum
2026 5838 2072 5911 sit
2097 5910 2101 5915 ,

98 5955 102 5963 ,
211 5966 221 5987 ,
299 5958 313 5999 q
425 5924 577 6007 chrissus
588 5928 757 6011 Dominus
770 5955 812 6007 ac
824 5934 1040 6029 Redemptor
1053 5948 1219 6016 eternus·
1266 5948 1447 6028 “testum
1462 5950 1537 6011 ‘¹¹⁰¹
1558 5952 1670 6029 ΡΜ·
1697 5934 2074 6103 linilgmm'm
