4450 7209
496 702 638 776 FERIA
662 696 866 791 Qtnttrn
891 697 1014 775 Post
1039 684 1475 773 RESURRECTIONEM
1489 712 1523 761 ι·
1765 674 1842 769 205²

177 803 315 880 nomine
339 800 417 881 Jesu
446 799 572 872 Christi
600 800 768 872 Nazareni
811 798 984 893 surge&
1813 836 1816 848 .
1863 798 1906 873 55

179 899 335 975 ambula.
361 901 404 972 Et
419 898 632 996 apprehensa
645 919 748 970 manu
774 899 849 981 eius
863 897 987 967 dexte·
1382 883 1498 978 Miffia.

178 1022 243 1075 ra:
268 994 436 1071 allevavit
451 1020 554 1068 eum.
579 998 623 1068 Et
650 994 805 1089 protinus
835 987 987 1065 consoli·
1037 988 1309 1169 DOminum
1334 985 1447 1063 lesum
1474 978 1645 1055 ebrinum
1680 970 1840 1073 perdito·

178 1095 260 1168 date
272 1093 350 1168 sunt
364 1093 459 1167 bases
474 1098 547 1180 ejus
569 1096 604 1167 δι
623 1090 762 1187 plante.
786 1094 829 1165 Et
842 1086 986 1163 exiliens
1160 1084 1477 1179 rumquesitorem:
1497 1081 1719 1152 inventorum
1737 1071 1840 1145 redu·

129 1214 150 1289 5
179 1192 272 1269 lietit
299 1194 334 1264 δι
348 1188 564 1265 ambulabat:
587 1187 802 1266 &introivit
829 1184 988 1263 cumillis
1036 1212 1137 1263 cem:
1169 1204 1386 1260 mortuorum
1399 1178 1679 1253 vivificatorem:
1698 1167 1755 1266 qui
1773 1188 1841 1259 pro

115 1328 119 1334 ·
184 1289 221 1361 in
233 1287 410 1385 Templum
426 1285 646 1362 ambulans&
664 1284 988 1361 saliens&laudaua
1038 1284 1278 1379 redemptione
1299 1277 1515 1373 captivorum
1530 1271 1621 1347 solas
1647 1269 1720 1363 ipse
1734 1262 1838 1339 solam
1867 1272 1917 1341 60

175 1385 320 1460 Deum·
349 1388 392 1459 Et
410 1384 499 1459 vidit
524 1408 601 1461 eum
623 1388 738 1461 omnis
751 1381 988 1482 populosam·
1037 1385 1269 1476 incorruptam
1297 1400 1432 1453 caruem
1461 1373 1678 1462 animamque
1709 1379 1843 1435 motta·

177 1481 357 1560 balantem
374 1481 620 1558 &laudantem
637 1485 778 1560 Deum·
794 1552 798 1560 ,
1036 1479 1121 1555 lium
1136 1476 1290 1573 suscepit:
1310 1472 1467 1568 portavit
1484 1502 1495 1539 ι
1511 1466 1634 1564 posuit:
1651 1468 1687 1537 δι
1706 1459 1836 1535 resum-

231 1598 283 1678 132.
296 1586 410 1659 Amen
427 1629 438 1652 ·
1033 1580 1125 1676 psit.
1150 1577 1285 1671 Quique
1302 1590 1442 1646 nature:
1461 1566 1574 1663 glorie
1590 1559 1739 1647 :justicie
1753 1582 1763 1626 :
1779 1577 1843 1653 po-

108 1704 152 1761 to
942 1685 949 1694 '
1036 1678 1146 1751 teutie
1163 1676 1220 1747 sue
1232 1679 1326 1761 iure:
1353 1671 1449 1742 Deua
1469 1666 1503 1738 in
1519 1665 1588 1738 hoc
1603 1678 1757 1753 corpore
1775 1674 1844 1749 pro
1906 1714 1915 1730 .

277 1778 389 1854 deliis
397 1779 509 1873 stalli
522 1778 704 1876 Evangelii
708 1780 891 1870 litandum
1037 1776 1138 1853 nobis
1155 1772 1277 1847 vixit:
1305 1764 1472 1865 pertulit:
1499 1760 1612 1838 obiit:
1632 1751 1840 1831 resurrexit:
1871 1760 1918 1851 σς

497 1888 644 1953 Lucam.
769 1885 988 1975 Capxxml.
1039 1893 1125 1957 toto
1140 1870 1325 1947 animatum
1339 1860 1476 1939 affeetu:
1491 1856 1679 1934 verborum
1696 1881 1706 1922 :
1733 1852 1844 1926 samu·

380 2013 385 2023 ·
1040 1973 1138 2051 latu:
1159 1968 1343 2042 studiorum
1359 1960 1536 2056 impendio
1549 1956 1673 2029 fratres
1695 1946 1846 2022 chariss:-

239 2070 302 2149 Llo
318 2072 352 2145 in
368 2084 550 2171 tempore.
570 2066 747 2150 Dominus
764 2074 880 2149 noster
896 2073 990 2158 iesus
1041 2073 1086 2147 mi
1101 2072 1322 2162 deprecemur
1336 2109 1346 2130 .
1374 2065 1417 2135 Ut
1430 2059 1473 2131 ad
1488 2050 1688 2155 contuenda
1701 2042 1843 2155 mirabi«

110 2191 151 2266 15
256 2171 413 2251 Christus
428 2174 653 2268 posteaquam
669 2173 990 2247 resurrexitamor··
1041 2168 1145 2245 liade
1160 2164 1240 2261 lege
1257 2163 1314 2236 sua
1328 2158 1438 2233 visum
1456 2155 1567 2229 nolite
1583 2146 1706 2227 mentis
1720 2144 1842 2219 enubr·
1903 2208 1913 2220 „

183 2271 251 2343 tuis
266 2270 360 2343 stetit
390 2270 424 2341 in
452 2270 568 2345 medio
592 2268 834 2366 discipulorum
854 2268 993 2347 suorum
1043 2270 1092 2343 let
1109 2294 1119 2337 :
1137 2266 1242 2339 aciem
1255 2256 1368 2338 cordis
1382 2271 1581 2354 expurget:
1606 2251 1641 2322 δι
1666 2247 1759 2317 ineo
1773 2264 1844 2335 quo
1870 2244 1928 2348 76

181 2368 220 2439 δι
244 2366 338 2441 dirrit
357 2368 433 2439 eis·
460 2372 533 2443 Pax
557 2368 734 2443 vobiscum
759 2390 884 2443 amen.
917 2369 996 2465 Ego
1046 2391 1109 2443 nos
1128 2360 1248 2435 vivere
1265 2357 1444 2455 precepit:
1468 2350 1590 2449 spiritu
1604 2339 1737 2420 revelet
1753 2387 1764 2408 ·
1782 2341 1847 2413 Fa·

184 2464 262 2537 sum
278 2462 414 2576 :nolite
431 2464 579 2538 timere.
604 2465 818 2541 Conturbati
843 2490 932 2539 vero
959 2468 994 2538 δι
1045 2469 1179 2554 alatque
1193 2456 1226 2529 le
1243 2452 1476 2553 intelligentie
1490 2448 1604 2523 nostre
1631 2444 1666 2516 in
1685 2438 1739 2513 sua
1756 2435 1849 2511 invia

182 2581 373 2635 conterriti
387 2562 600 2638 extimabant
626 2562 783 2639 sevisum
796 2562 940 2638 videre:
957 2566 994 2637 dt
1044 2559 1205 2640 fibilitate
1224 2551 1411 2629 vifibilem:
1437 2555 1520 2627 dans
1538 2545 1631 2643 pium
1645 2540 1681 2613 in
1693 2534 1774 2610 fidei
1787 2556 1860 2608 ve·-

110 2680 157 2736 20
184 2660 370 2770 diffleb-
397 2661 491 2747 Qid
520 2660 648 2733 turbati
663 2661 767 2735 ellit:
791 2662 828 2733 δι
855 2660 994 2759 cogita·
1045 2664 1150 2737 ritate
1179 2654 1421 2749 congressum:
1456 2640 1696 2721 informatione
1725 2630 1850 2746 conlo·

187 2777 306 2832 tronea
321 2756 563 2849 ascenduntin
578 2760 843 2834 cordavestra?
867 2760 996 2830 Videte
1044 2759 1187 2857 quiunt·
1212 2749 1336 2825 Gratia
1360 2747 1462 2822 nobis
1487 2737 1684 2840 opitulante
1709 2733 1848 2827 partict-
1873 2754 1927 2833 75·

189 2878 311 2930 manus
326 2879 432 2929 meas:
449 2857 484 2929 δι
504 2856 630 2950 pedes.
645 2853 787 2950 Palpate
802 2882 813 2924 :
826 2858 861 2929 bt
876 2857 996 2933 videte
1048 2876 1107 2955 pet
1119 2882 1131 2924 -:
1162 2850 1271 2925 verba
1286 2846 1398 2923 nolira
1413 2846 1455 2919 ad
1472 2842 1506 2913 se
1524 2833 1653 2913 diredla
1667 2827 1826 2925 suscipiat
1839 2874 1850 2898 .

186 2954 268 3047 quia
297 2951 439 3048 spiritus
466 2977 601 3028 earnem
631 2960 668 3027 δι
684 2951 753 3028 offa
780 2956 970 3029 nonhabet
987 2982 996 3024 :
1048 2954 1131 3029 Non
1146 2951 1403 3046 interrogantes
1420 2967 1483 3016 nos
1499 2938 1635 3017 audiat:
1652 2930 1711 3003 sed
1725 2951 1851 3023 rogan,-

185 3052 272 3125 sicut
288 3050 651 3125 mevidetishabere.
675 3051 718 3123 Et
747 3075 826 3124 cum
852 3054 921 3127 hoc
946 3051 999 3124 tli-
1046 3072 1125 3125 tes.
1153 3044 1327 3143 Largitate
1351 3042 1451 3115 nobis
1466 3034 1612 3111 muneris
1639 3052 1706 3126 pro
1721 3024 1852 3098 sermo·
1927 3070 1936 3083 -

115 3174 158 3248 25
188 3149 303 3223 xiffet:
320 3149 467 3221 ostendit
483 3150 533 3221 eis
549 3150 712 3221 manus&
727 3149 856 3242 pedes.
870 3150 997 3221 Adhuc
1046 3150 1099 3221 nis
1114 3146 1192 3219 vice
1209 3142 1436 3236 respondeat:
1465 3138 1521 3231 qui
1539 3156 1607 3209 non
1621 3131 1723 3200 datur
1736 3123 1850 3218 tangi:
1909 3185 1915 3193 ,

190 3244 387 3320 autemillis
417 3244 718 3319 noncredentibu:
743 3248 779 3317 δι
795 3246 995 3323 mirantibus
1047 3246 1080 3321 di
1112 3262 1213 3317 netur
1237 3238 1367 3311 inlabi.
1393 3234 1487 3308 Velit
1509 3228 1666 3308 infundi:
1692 3218 1749 3317 qul
1779 3241 1850 3292 non
1874 3232 1927 3303 so

189 3367 253 3441 pre
287 3341 416 3441 gaudio
442 3342 532 3417 dixit
560 3389 572 3414 .
607 3342 754 3417 Habetis
784 3342 840 3413 hic
868 3340 996 3437 aliquid
1045 3272 1423 3434 valetconqurehendi.
1446 3334 1501 3406 Sic
1517 3328 1574 3427 qui
1589 3340 1774 3428 pertotant
1790 3317 1851 3388 Ec·

188 3441 286 3535 quod
319 3443 574 3515 manducetur?
600 3460 637 3515 at
664 3437 712 3512 illi
735 3439 937 3514 obtulerunt
961 3439 994 3511 ei
1016 3521 1019 3527 ,
1049 3441 1183 3523 cleliam
1214 3432 1433 3508 credentibus
1461 3431 1637 3505 creditur:
1665 3416 1851 3493 credituris

191 3558 326 3634 partem
351 3537 451 3633 piscis
480 3540 567 3609 ani:
602 3536 925 3615 unvammeins.
953 3538 998 3610 Et
1048 3538 1465 3629 credendusappareatmt
1482 3528 1579 3605 nullis
1598 3516 1850 3619 percecitatem

119 3666 164 3740 30
192 3660 270 3711 curn
291 3636 515 3710 manducasset
530 3657 647 3711 coram
661 3635 897 3711 eistsumens
917 3634 999 3709 teli·
1049 3638 1178 3714 erroris
1191 3654 1249 3709 aut
1266 3629 1503 3729 ignorantibus
1519 3628 1652 3701 lateat:
1678 3633 1735 3690 aut
1752 3609 1853 3684 dubi·
1902 3674 1912 3687 ,

193 3733 721 3926 §gimeudeltlggzttufflsdlxitdad
734 3757 820 3809 eos·
835 3734 1002 3901 Hecdppnt
1050 3732 1203 3848 tsntlbus
1230 3727 1436 3897 ‘meds‘ffif
1468 3726 1545 3799 Nec
1576 3712 1716 3885 memnii
1729 3704 1852 3882 nlllsssgtcl·
1877 3726 1924 3811 85

242 3862 258 3909 r
565 3855 650 3907 uma
690 3855 906 3906 vosrcuma
958 3856 998 3903 uc
1050 3849 1326 3910 cram:neccre
1353 3848 1397 3897 en
1423 3836 1726 3897 :moramcomo
1836 3839 1853 3860 ·

192 3928 513 4039 ellemvobiscum.
539 3932 714 4027 Quoniam
729 3930 999 4001 neceueestim-
1049 3930 1181 4003 cuset.
1223 3926 1291 3999 Sed
1320 3926 1368 3996 ita
1395 3920 1583 3997 landarum
1613 3912 1853 4005 scripturarum

193 4023 284 4123 plen
298 4028 413 4105 omnia
429 4051 494 4120 que
510 4026 632 4121 scripta
646 4026 721 4101 sunt
739 4026 772 4098 in
782 4024 999 4122 legebloyli:
1050 4027 1182 4101 secreta
1199 4021 1355 4119 mylleria
1373 4020 1481 4093 indita
1508 4014 1605 4089 nobis
1623 4004 1785 4103 sapientie
1803 4000 1854 4073 sa·

125 4150 165 4225 35
194 4123 1001 4293 &prophetimdtpsalmiademe.Tuncape-
1052 4123 1181 4198 cultate
1212 4119 1450 4216 imprimens:
1492 4112 1687 4211 prostdlutn
1725 4097 1853 4173 dudior
1900 4163 1914 4204 ξ

192 4241 272 4299 rutt
301 4221 529 4295 iliasensumt
556 4242 595 4297 ut
611 4218 848 4319 intelligerent
861 4222 1019 4316 scriptu·'
1052 4224 1202 4317 aperiat:
1217 4238 1256 4293 ut
1272 4221 1304 4293 in
1333 4218 1468 4290 virtute
1487 4209 1616 4287 celestis
1636 4204 1733 4301 panis
1746 4200 1852 4271 bene·
1875 4223 1933 4297 9⁰

188 4346 277 4399 ras:
299 4323 335 4394 δι
361 4319 454 4394 dixit
476 4322 553 4394 eis.
575 4320 750 4409 Quoniam
777 4319 1001 4414 descriptum
1053 4319 1134 4397 didi
1153 4316 1307 4413 corporis
1333 4314 1405 4385 sui:
1437 4314 1628 4409 fragmenta
1648 4298 1853 4375 distribuat.

189 4420 268 4494 est:
296 4420 333 4491 δι
354 4420 400 4495 lic
417 4420 606 4513 oportebat
624 4415 797 4493 Christum
810 4420 881 4519 pati
895 4420 931 4491 δι
945 4444 1002 4493 re.
1053 4422 1100 4493 Ut
1116 4419 1149 4491 in
1164 4412 1399 4489 vivificatione
1418 4415 1607 4484 animarum
1632 4399 1740 4475 divini
1754 4390 1854 4485 verbi

191 4518 342 4611 surgere
366 4516 545 4592 amortuis
560 4514 616 4589 die
633 4515 763 4589 tertia·
1054 4520 1088 4588 δι
1106 4513 1173 4585 cibi
1198 4509 1354 4587 alimonia
1369 4524 1618 4585 concurrente:
1645 4520 1708 4573 nec
1734 4490 1856 4566 instru-

252 4628 302 4710 13:-
317 4616 485 4689 Amen„
1057 4611 1182 4685 silonis
1198 4610 1296 4685 nobis
1311 4606 1395 4681 defit
1413 4608 1537 4703 copia:
1567 4621 1628 4671 nee
1642 4590 1781 4667 salutis·
1892 4658 1907 4681 ,Ι

250 4716 352 4785 Dicat
366 4708 487 4785 amb.
502 4709 672 4787 Dominus
686 4708 728 4783 fi:
743 4706 876 4807 semper
889 4709 1005 4787 vobis·
1105 4724 1154 4807 gt.
1172 4712 1308 4782 Amen.
1876 4709 1925 4787 95

194 4833 305 4886 tum·
330 4824 380 4905 13⁸·
396 4808 560 4882 Etcum.
1335 4802 1424 4875 arlia
1440 4803 1573 4883 orario.

248 4910 364 4980 Lauda
381 4954 393 4977 .
416 4904 568 4992 Alleluia
585 4951 596 4976 .
636 4902 685 4999 ᾖ.
698 4906 785 5001 Qu
812 4908 909 4981 Deua
935 4932 1007 4983 ma·
1154 4900 1320 4979 Redimus
1334 4899 1483 4975 Domine
1493 4896 1570 4976 lesu
1586 4888 1719 4967 Chrilie
1733 4882 1855 4995 unige·

200 5030 289 5105 gnus
301 5006 386 5078 ficut
399 5004 497 5081 Deus
513 5005 649 5085 noller:
672 5024 712 5076 tu
724 5028 764 5077 es
777 5004 872 5081 Deus
885 5005 943 5100 qui
954 5008 1006 5081 sa·
1166 5003 1237 5076 nite
1251 5030 1269 5074 a
1285 5006 1386 5077 Patre
1401 4992 1575 5071 divinitati
1590 5012 1649 5063 tue
1663 5023 1672 5060 ι
1688 4983 1856 5057 credimus

121 5128 169 5204 45
196 5109 249 5180 eis
264 5100 463 5203 mirabilia·
504 5099 741 5190 P0Alleluia.
1054 5126 1224 5195 corporee
1240 5093 1664 5195 assumptioni2crcdinrus
1686 5078 1854 5179 panori:
1901 5152 1903 5160 .

1055 5198 1287 5293 adplaudimus
1314 5192 1468 5271 redeunti
1497 5192 1537 5266 ab
1570 5184 1688 5263 inferis
1706 5180 1855 5277 pollrata
1883 5180 1956 5257 too'

487 5297 720 5389 Slfflllclml
1055 5316 1183 5373 morte:
1200 5294 1414 5371 invidissrme
1429 5287 1613 5377 majestati.
1628 5278 1804 5380 Rogamus
1821 5292 1857 5345 te

309 5469 313 5477 ·
1056 5420 1121 5494 per
1149 5396 1249 5491 ipsius
1270 5395 1338 5467 diei
1364 5414 1486 5487 magna
1509 5390 1544 5459 δι
1571 5380 1725 5458 amabilia
1744 5374 1857 5446 sacra·

200 5508 204 5515 '
295 5496 356 5573 Rit
380 5495 438 5573 bic
451 5497 556 5573 vobis
580 5496 654 5575 dies
666 5494 874 5573 memorialis
889 5496 1007 5574 allelu·
1057 5514 1201 5567 menta:
1228 5514 1266 5565 ut
1295 5494 1379 5563 ficut
1404 5511 1465 5563 noa
1490 5480 1693 5559 resurreetio
1713 5495 1771 5547 tua
1786 5493 1856 5542 non
1926 5568 1929 5573 Ι

126 5620 172 5693 50
307 5602 365 5684 ja:
396 5598 432 5668 δέ
459 5596 549 5671 diem
579 5600 695 5671 felium
720 5594 934 5677 celebrabitis
951 5597 1008 5671 so·
1057 5592 1159 5665 habet
1173 5590 1327 5665 dubios:
1356 5588 1404 5661 ita
1431 5608 1494 5659 nos
1511 5578 1622 5655 nostra
1652 5574 1714 5675 per
1729 5565 1859 5641 miseri·
1895 5642 1905 5652 ,

141 5740 146 5747 ·
207 5697 347 5770 lennem
360 5692 519 5767 Domino
535 5691 569 5763 in
585 5694 771 5793 progenies
785 5696 938 5774 vestras:
958 5695 1008 5767 le·
1057 5690 1212 5765 cordiam
1227 5710 1319 5762 tuam
1335 5684 1457 5757 habeat
1470 5676 1661 5755 absolutos.
1675 5678 1717 5748 Et
1730 5692 1775 5741 eo
1785 5688 1858 5737 1110·
1884 5688 1952 5767 τος

208 5796 365 5892 gitimum
390 5789 633 5889 sempiternum
657 5792 749 5870 diem
765 5790 938 5885 alleluja:
960 5791 1008 5871 al·
1059 5789 1107 5864 do
1140 5784 1331 5859 exultemus
1356 5803 1390 5855 te
1420 5780 1512 5851 tuine
1532 5772 1742 5873 regressum=
1767 5786 1858 5855 (1Ηο-

197 5892 331 5995 leluia.
1059 5884 1167 5965 modo
1188 5908 1258 5959 non
1283 5876 1480 5975 ambigimus
1495 5874 1709 5947 rediturum.
1734 5860 1858 5955 Sitque

1055 6009 1123 6071 nos
1151 5980 1221 6057 fine
1234 6005 1323 6079 pena
1337 5980 1454 6069 iubeas
1479 5992 1617 6053 manete
1640 5961 1857 6132 dumveniig

1757 6081 1797 6140 ut
