4450 7209
576 768 609 849 Ρ
667 767 710 850 R
756 765 814 855 Ε
874 770 911 853 F
967 769 1010 854 A
1067 768 1113 855 Τ
1171 771 1195 855 1
1255 760 1327 858 0.
1681 795 1759 858 rxs

137 875 350 971 desiderari
380 875 579 966 rubricam
610 883 745 992 hanc,
775 912 900 995 quam
931 885 1146 997 Etherius,
1177 890 1217 972 &
1248 893 1391 975 Beatus
1421 882 1645 973 retulerunt
1662 883 1757 1002 (a):

134 1029 228 1095 cum
266 994 548 1116 Evangesium
583 1030 608 1086 o
636 997 793 1089 Levita
811 1000 941 1118 super
969 998 1124 1090 Altare
1162 998 1365 1114 levatur,
1391 1001 1569 1119 primum
1598 1003 1758 1095 dicitur

135 1125 243 1207 Laus
265 1119 373 1227 tibi,
400 1111 455 1206 ἐν
471 1111 523 1206 ab
549 1113 731 1208 omnibus
758 1116 1024 1236 respondetur
1054 1131 1160 1210 Laus
1191 1123 1266 1208 tibi
1283 1125 1461 1209 Domine
1479 1131 1571 1212 Rex
1602 1149 1758 1211 aterna
1856 1174 1861 1178 -

134 1237 303 1351 gloria.
338 1243 457 1324 Hanc
488 1239 623 1324 aliam
642 1241 840 1326 rubricam
868 1238 1029 1357 quondo
1047 1239 1210 1328 Chorus
1227 1236 1335 1332 dicit
1361 1271 1501 1368 pacem
1528 1272 1662 1330 meam
1682 1261 1759 1332 ac·
1801 1342 1804 1348 ,

133 1350 269 1471 cipiet
293 1353 486 1443 Sacerdos
509 1376 653 1471 pacem
681 1355 733 1446 de
753 1377 906 1475 patena
924 1420 935 1444 .
952 1418 993 1470 2.
1021 1352 1077 1447 (θ’
1101 1356 1173 1446 det
1201 1387 1288 1445 eam
1315 1365 1497 1448 Dracono
1526 1424 1540 1470 ,
1566 1356 1642 1449 vel
1663 1366 1788 1475 pue'

134 1501 217 1582 ro,
243 1480 298 1564 (9¹
315 1494 423 1589 ‚puer
449 1469 520 1561 det
542 1469 727 1590 populo,
758 1476 936 1564 additam
968 1475 1079 1562 suisse
1111 1477 1290 1581 Missali,
1323 1479 1531 1590 postquam
1564 1508 1644 1592 pax
1675 1478 1762 1564 dari

134 1615 264 1706 capta
302 1591 358 1678 est
400 1593 547 1678 tabella
584 1594 799 1704 quadam,
839 1623 927 1708 qua
952 1612 1077 1710 porta
1107 1615 1209 1710 poce
1240 1595 1428 1707 Hispanis
1470 1620 1762 1711 nuncupatur.

133 1717 331 1800 Formam
360 1712 522 1826 Hymni
552 1708 695 1801 Gloria
727 1709 772 1801 in
797 1707 1000 1826 excelsts,
1033 1742 1119 1826 qua
1151 1714 1192 1797 in
1223 1714 1373 1799 Missali
1398 1710 1583 1802 Ximenii
1614 1717 1762 1830 legitur

133 1828 394 1946 desumptam
435 1831 508 1917 else
549 1859 572 1915 e
610 1833 759 1918 Missali
789 1838 1033 1934 Toletano.
1063 1839 1278 1939 Demum,
1312 1831 1406 1917 teste
1440 1834 1625 1921 Roblesro
1653 1828 1715 1948 (b)
1745 1895 1760 1942 ,

134 1948 294 2036 Missale
319 1952 585 2038 Mozarabum
611 1950 845 2064 inscriptum
875 1950 986 2036 fuisse
1005 1944 1172 2064 Mqffase
1189 1945 1396 2059 mixtum,
1427 1953 1523 2061 quia
1544 1952 1760 2037 mandante

133 2063 330 2156 Ximenio
361 2072 550 2183 pleraque
575 2070 828 2179 recentiora,
859 2071 1141 2155 Mozarabibus
1171 2069 1342 2184 ignota,
1371 2069 1533 2157 fuerunt
1561 2071 1763 2179 immista,

132 2213 225 2298 qua
258 2215 282 2270 e
307 2187 461 2274 Missali
485 2188 688 2275 Toletano
716 2189 1039 2302 desumpserant.
1069 2196 1168 2279 Hac
1194 2188 1309 2297 sunt,
1335 2214 1422 2299 qua
1449 2188 1602 2276 Missali
1632 2189 1761 2275 nostro
1790 2214 1846 2299 93

132 2307 306 2420 opponit
336 2307 513 2392 eruditus
545 2308 581 2392 le
601 2307 738 2417 Brun,
770 2313 809 2395 8(
840 2308 1010 2420 quaeab
1039 2308 1124 2391 aliis
1157 2305 1294 2420 passim
1323 2307 1443 2416 objici
1474 2309 1625 2394 solent.
1658 2307 1763 2423 Qui·

131 2424 207 2508 bus
249 2423 330 2538 ipse
362 2427 551 2513 nonnulla
580 2425 735 2537 adjeci.
766 2428 809 2515 Si
839 2426 942 2536 quid·
965 2427 1072 2512 enim
1106 2425 1285 2534 offendi,
1309 2425 1423 2536 quod
1453 2455 1477 2511 a
1508 2427 1648 2513 ritibus
1680 2434 1765 2513 Go-

132 2543 416 2658 tho-Hispanis
448 2545 662 2660 discrepare
694 2541 933 2656 videbatur,
965 2546 1007 2631 in
1038 2546 1147 2631 notis
1169 2545 1374 2630 indicavi.
1402 2552 1506 2634 Hac
1536 2570 1672 2631 tamen
1703 2544 1763 2629 in·

133 2662 320 2774 tegritati
348 2664 538 2778 Liturgiae
565 2663 727 2750 Missalis
748 2665 925 2749 Ximenii
953 2694 1030 2750 non
1062 2665 1121 2749 ita
1149 2687 1316 2772 nocent,
1349 2684 1394 2746 ut
1423 2664 1760 2780 Gotho-Hispana

133 2778 213 2877 dici
242 2810 418 2892 nequeat
445 2843 455 2864 .
479 2781 697 2900 Quidquid
730 2785 837 2868 enirn
870 2783 1104 2869 Mozarabes
1134 2783 1379 2870 innovarunt
1409 2848 1423 2892 ,
1462 2782 1502 2867 id
1536 2811 1658 2868 omne
1688 2804 1761 2866 aut

133 2900 175 2984 in
220 2901 360 3013 paucis
386 2902 551 3010 Miffis,
588 2928 658 2988 aut
697 2902 740 2985 in
780 2903 944 2987 rubricis
983 2900 1219 3016 quibusdam
1261 2901 1535 3013 reponendum
1575 2902 1659 2987 est.
1699 2907 1762 2987 Ac

132 3016 270 3104 Missae
303 3020 567 3105 Mozarabica
599 3048 735 3107 omnes
775 3020 949 3107 sormam
989 3022 1204 3136 genuinam
1244 3021 1435 3131 Liturgia
1466 3019 1767 3131 Gotho-Hispa·

134 3165 194 3222 na
227 3137 513 3246 retinuerunt,
546 3167 615 3224 nec
649 3168 727 3226 una
758 3140 813 3224 est
844 3168 1014 3247 earum,
1047 3167 1135 3251 qua
1173 3136 1355 3223 ordinem
1391 3145 1659 3247 Romanum,
1690 3157 1762 3220 aut
1814 3202 1816 3208 .

134 3255 449 3342 Ambrosianum
476 3255 672 3345 sedetur.
705 3259 891 3346 Robrica
920 3269 1047 3367 vero,
1078 3285 1177 3369 quas
1203 3280 1406 3367 tanquam·
1423 3278 1631 3362 recentes,
1662 3255 1763 3365 obji·
1791 3282 1853 3363 94

134 3374 283 3482 ciunt,
315 3379 355 3460 8(
397 3375 528 3478 minus
567 3379 705 3465 multa
746 3377 867 3486 sunt,
899 3381 1076 3463 maxime
1118 3377 1146 3461 fi
1186 3403 1281 3482 cum
1321 3398 1409 3459 tota
1449 3376 1555 3459 mole
1589 3374 1765 3466 'Missalis

136 3493 424 3603 conferantur,
452 3499 491 3581 8(
518 3497 743 3610 integritati
769 3497 867 3580 ritus
885 3494 1210 3610 GothoHispani
1236 3520 1379 3612 parum
1409 3489 1763 3608 officiuntiQuod

136 3635 180 3694 ut
211 3613 353 3697 clarius
384 3637 546 3727 pateat,
573 3617 745 3701 rubricas
777 3615 848 3701 has
879 3615 922 3699 in
951 3614 1082 3702 classes
1103 3617 1257 3728 aliquot
1287 3612 1445 3699 divido.
1475 3619 1531 3698 Et
1557 3612 1599 3696 in
1630 3614 1760 3727 prima
1790 3635 1848 3722 95
1899 3597 1920 3624 ’

135 3731 250 3817 classe
291 3759 356 3816 eas
395 3732 567 3818 rubricas
609 3736 798 3843 colloco,
840 3762 929 3845 qua
968 3733 1142 3822 vetustos
1183 3735 1283 3819 ritus
1315 3729 1674 3845 Got'hoHispanos
1713 3728 1765 3816 ad
1807 3770 1843 3836 ⁴:
1948 3763 1956 3778 ⁵

136 3849 382 3937 memoriam
416 3878 605 3937 revocant
624 3906 651 3959 ,·
670 3881 843 3966 quorum
875 3854 1050 3966 reliquia
1081 3850 1266 3965 quadam
1295 3851 1419 3960 sunt,
1451 3852 1522 3963 qui
1541 3868 1662 3935 ¹certe
1692 3877 1761 3935 an·

137 3969 324 4081 tiquitati
354 3971 549 4079 Missalis,
582 3972 743 4084 ejusque
774 3973 964 4087 Liturgiae
995 3971 1219 4086 integritati
1252 3971 1422 4054 minime
1462 3966 1638 4076 obsunt,
1671 3968 1758 4052 imo

137 4087 439 4200 quodammodo
468 4087 888 4203 prosunt.'Ejusmodi
915 4089 971 4198 est
997 4090 1151 4175 rubrica
1169 4079 1258 4199 illa,
1286 4116 1365 4200 qua
1393 4090 1432 4173 in
1451 4080 1579 4200 Miffa
1600 4082 1761 4173 votiva

138 4203 394 4317 omnimoda,
426 4213 465 4294 8<
497 4210 537 4294 in
570 4210 695 4295 Missis
726 4205 1004 4294 desunsiorum
1034 4208 1218 4298 Sacerdos
1251 4229 1463 4315 monetur,
1494 4229 1540 4291 ut
1568 4198 1659 4321 post
1690 4211 1763 4290 Sa·

139 4315 347 4442 crificium
390 4325 495 4412 dicat
537 4325 671 4444 Kyrie
717 4322 908 4440 eleison,
949 4332 989 4414 8(
1029 4329 1205 4436 chorus,
1248 4352 1294 4412 ut
1325 4324 1555 4440 respondeat
1600 4314 1766 4440 Christe
1834 4380 1842 4420 ;
1902 4358 1903 4361 ¹
2057 4313 2059 4317 ’

138 4440 327 4557 eseifhn,
359 4438 494 4561 Kyrie
521 4440 705 4560 eleison,
740 4475 829 4558 qua
860 4445 1023 4560 vestigia
1054 4446 1236 4558 quadam
1266 4445 1433 4530 retinuit
1462 4462 1631 4560 precum
1650 4429 1762 4559 fide·
1904 4548 1906 4551 Ι

139 4558 280 4673 lium,
317 4563 357 4647 in
399 4565 574 4675 quibus,
606 4563 655 4650 ad
696 4566 863 4678 singulas
904 4566 1073 4650 Diaconi
1114 4566 1368 4680 petitiones,
1407 4563 1619 4679 populus,
1661 4561 1767 4644 elata

139 4711 275 4790 voce,
306 4680 564 4796 respondebat
594 4679 726 4800 Kyrie
753 4677 938 4795 eleison,
966 4688 1005 4770 8<
1034 4677 1199 4800 Christe
1225 4678 1405 4794 eleison·
1431 4679 1616 4770 Secunda
1642 4677 1762 4763 classis
1793 4684 1854 4786 96

139 4801 329 4889 Rubricae
360 4801 409 4884 ad
440 4802 573 4886 Missas
605 4803 778 4916 privatas
809 4803 1012 4916 pertinent
1032 4859 1058 4910 ,⁷
1076 4802 1128 4888 ad
1167 4831 1231 4887 eas
1261 4800 1409 4888 scilicet
1443 4827 1540 4912 quas
1570 4798 1768 4884 Presbiter

139 4921 222 5007 sine
241 4918 519 5005 Ministrorum
546 4945 741 5034 apparatu
768 4921 972 5030 faciebat,
1000 4921 1192 5033 ejusmodi
1221 4920 1342 5030 sunt,
1371 4947 1459 5031 qua
1485 4942 1653 5004 monent
1681 4924 1771 5003 Pte·

139 5040 338 5129 sbiterum
366 5062 412 5124 ut
447 5039 527 5151 ipse
553 5038 657 5124 dicat
684 5046 882 5149 Oramus,
910 5037 990 5153 ipse
1005 5047 1145 5133 Aures
1170 5035 1225 5128 ad
1251 5033 1501 5147 Dominum,
1527 5037 1607 5152 ipse
1635 5042 1770 5124 Evan-

142 5160 331 5275 gelium,
361 5156 633 5271 Apostolum,
666 5162 704 5244 8<
737 5159 994 5274 Prophetiam
1024 5160 1165 5273 legat,
1195 5159 1353 5270 aliaque
1383 5156 1523 5264 dicat,
1554 5161 1595 5243 &
1626 5156 1770 5266 saciat,

138 5291 258 5391 qua,
290 5277 471 5363 inMissa
489 5277 677 5386 solemni,
708 5277 980 5363 Diaconorum
999 5300 1142 5364 erant.
1174 5284 1250 5366 Hae
1281 5299 1420 5363 autem
1446 5277 1608 5362 rubrica
1640 5276 1769 5360 ferme

139 5396 284 5485 omnes
315 5397 491 5508 antiqua
523 5394 640 5482 sunt.
673 5399 785 5484 Nam
805 5395 1033 5486 Sacerdotes
1058 5395 1419 5510 Gotho-Hispani,
1450 5425 1545 5482 cum
1576 5396 1655 5479 stne
1690 5392 1774 5478 Mi·

142 5515 275 5606 nistris
301 5519 419 5604 Sacra
445 5515 653 5625 facerent,
683 5515 754 5631 ipss
785 5544 831 5602 ea
859 5517 1064 5632 agebant,
1090 5547 1178 5630 qua
1213 5516 1254 5601 in
1274 5515 1400 5603 Missa
1429 5513 1593 5600 solemni
1625 5510 1769 5597 Diaco

143 5663 221 5726 nus
252 5636 467 5724 faciebas.
494 5634 816 5722 Praetereundum
846 5664 926 5722 non
957 5635 1013 5721 est
1039 5637 1219 5723 Missalia
1249 5637 1410 5759 mixtg„
1441 5635 1521 5717 sive
1556 5631 1767 5746 plenaria,
1802 5658 1861 5745 97
1979 5642 1987 5656 ‘

142 5755 267 5872 quale
299 5753 355 5842 est
373 5752 541 5855 Missale
570 5755 778 5870 Ximenii,
807 5757 1002 5874 precipue
1030 5756 1081 5844 ad
1107 5757 1222 5844 usum
1248 5752 1534 5863 Sacerdotem,
1562 5755 1632 5863 qui
1659 5757 1775 5886 Sacra

1372 5909 1374 5913 ·
1591 5934 1593 5937 -
1642 5897 1777 5992 prisa-

190 6032 251 6127 (a)
274 6017 385 6096 Liba.
401 6028 516 6098 adver·
529 6027 750 6119 Elipantum.
827 6080 830 6085 .
877 6031 942 6122 ,(8)
963 6031 1001 6101 Io
1018 6023 1457 6103 vitacaroinasisximenii
1476 6042 1603 6118 sapqa.
