4450 7209
387 687 460 762 170
852 665 990 740 FERlA
1015 658 1163 736 SEXTA
1188 657 1240 734 IN
1268 655 1594 735 pamerras

386 765 559 859 spondent
590 763 768 841 universus
794 763 941 859 populna
966 759 1078 832 dixit·
1103 759 1190 830 San·
1240 782 1317 833 mor
1349 759 1422 832 ello
1449 757 1551 830 mei:
1591 775 1667 830 cum
1696 751 1834 830 venerit
1865 754 1900 830 in
1933 775 2108 858 regno'55

325 862 461 960 „guis
489 866 589 950 hujus
605 866 704 960 super
728 884 817 933 nor:
842 863 878 932 dc
899 857 1001 953 super
1016 853 1108 931 filios
1125 879 1191 928 no·
1242 863 1329 946 tiro.
1365 855 1462 929 Dicit
1491 855 1524 928 ei
1548 852 1673 930 desua.
1712 857 1822 926 Amen
1857 855 1937 930 dieo
1959 861 2045 932 tibir

384 961 501 1042 llror.
528 965 624 1034 Tunc
651 958 776 1032 dimisit
799 953 869 1030 illia
892 957 1098 1031 barrabamr
1129 956 1188 1031 le·
1237 955 1342 1028 bodie
1366 975 1501 1030 mecum
1530 953 1598 1025 eris
1625 952 1661 1024 in
1690 951 1874 1046 paradiso.
1904 963 1937 1030 A
1953 955 2047 1033 sexta

383 1055 458 1130 firm
484 1077 602 1131 autem
630 1050 774 1152 flagellis
800 1053 913 1130 cesum
939 1053 1083 1128 tradidit
1110 1050 1188 1123 eise
1238 1072 1354 1128 autem
1379 1054 1466 1128 hora
1490 1050 1634 1125 tenebre
1656 1051 1745 1128 salle
1767 1051 1844 1126 sunt
1871 1056 1906 1127 in
1935 1071 2047 1130 totam

332 1171 354 1244 ς
385 1172 424 1225 ut
449 1177 525 1226 eum
551 1152 821 1246 crucifigerent.
847 1155 947 1224 Tunc
967 1150 1094 1226 milites
1111 1171 1192 1244 pre·
1244 1169 1372 1226 terram
1397 1149 1503 1246 usque
1529 1148 1563 1222 in
1586 1150 1711 1225 horam
1738 1173 1864 1228 nonam
1891 1198 1903 1221 ·
1942 1151 2045 1229 Circa

383 1250 464 1324 lidia
485 1271 562 1321 cum
585 1248 789 1344 accepissent
809 1250 924 1326 lesum
953 1250 986 1324 in
1011 1247 1194 1346 pretorior
1245 1273 1368 1324 nonam
1394 1267 1508 1324 autem
1533 1249 1684 1326 horama
1722 1247 1930 1324 exclamavit
1954 1247 2054 1335 Jesur'
2073 1255 2112 1327 6ο

384 1363 699 1440 congregaverunt
738 1348 782 1420 ad
816 1372 895 1422 eum
923 1368 1033 1425 totam
1060 1347 1193 1422 cohor·
1242 1371 1333 1426 voce
1363 1371 1488 1446 magna
1514 1349 1655 1420 dicent.
1680 1345 1749 1436 Hel
1778 1373 1829 1443 pr
1846 1345 2049 1444 Heloyrla·

385 1460 481 1516 rema
505 1447 547 1516 dt
568 1443 754 1520 rellierunt
774 1467 851 1520 eum
878 1444 1055 1522 clamidem
1078 1445 1192 1518 cocci·
1242 1445 1503 1524 mazabathani·
1530 1447 1690 1522 Hocellr
1750 1467 1938 1522 enemente
1955 1447 2047 1521 Deua

382 1558 506 1612 neamr
537 1541 573 1613 δι
593 1567 745 1638 purpura
769 1547 1065 1620 circumdederunt
1085 1567 1195 1616 eum.
1243 1569 1361 1620 meunt
1398 1568 1585 1639 quaterne
1612 1539 1820 1640 dereliquilli
1847 1551 1867 1615 r
1897 1546 2046 1639 Quidam

222 1695 227 1706 .
312 1659 360 1712 ro
384 1637 427 1710 Et
453 1633 651 1714 intexentes
672 1644 902 1736 coronamde
927 1642 1055 1739 spinir=
1081 1641 1194 1736 impo·
1243 1663 1429 1716 tutemet
1459 1643 1509 1716 eir
1538 1645 1596 1739 qui
1629 1641 1698 1717 illic
1728 1642 1938 1716 adllabantr
1973 1667 2046 1720 cum

382 1732 528 1810 suerunt
557 1735 655 1836 super
679 1755 783 1834 caput
803 1744 901 1826 einer
924 1743 960 1813 δι
994 1739 1195 1816 arundinem
1244 1742 1403 1813 audirent
1428 1740 1615 1818 dicebant·
1652 1737 1790 1814 Heliam
1814 1740 1941 1816 clamat
1969 1745 2048 1816 ille.
2073 1745 2110 1836 ὅς

318 1908 323 1919 ,
350 1903 354 1908 .
383 1831 424 1908 in
449 1835 596 1909 dextera
615 1839 717 1920 einr.
741 1837 784 1909 Ee
810 1839 953 1932 pedibus
974 1844 1047 1928 ejus
1062 1859 1195 1932 provo·
1243 1838 1286 1912 Et
1311 1839 1480 1917 continuo
1500 1867 1584 1916 unus
1612 1837 1763 1913 cumrrrit
1786 1862 1831 1910 ea
1847 1842 1923 1913 eiar
1948 1843 2049 1914 &ac-

384 1927 472 2004 luti=
499 1932 690 2006 irridebant
711 1958 790 2006 eum
814 1937 993 2010 dicentes·
1019 1945 1097 2010 Ave
1113 1935 1193 2007 Rex
1242 1957 1344 2032 cepta
1378 1939 1522 2038 spongia
1547 1959 1696 2034 accepto
1716 1935 1816 2034 plena
1840 1939 2050 2015 circumdata

379 2025 570 2112 iudeorum
585 2078 596 2099 ·
620 2033 663 2104 Et
676 2033 954 2128 conspuentesin
971 2034 1090 2108 satiem
1103 2060 1121 2104 e
1125 2037 1190 2118 just
1241 2039 1431 2109 arundine=
1459 2058 1579 2134 potum
1605 2035 1705 2110 dabat
1720 2035 1753 2108 ei
1770 2083 1786 2106 .
1823 2039 1869 2108 Ut
1886 2036 2050 2134 scriptura

310 2147 329 2202 ι
335 2144 356 2218 5
384 2129 596 2224 recipiebant
625 2133 857 2206 arundinemr
883 2136 919 2208 dl
951 2133 1191 2226 percutiebant
1245 2130 1446 2230 impleretur
1468 2161 1537 2230 que
1562 2137 1673 2208 dicit.
1696 2133 2044 2208 Dederuntinescam

383 2246 488 2322 caput
510 2233 610 2315 ejus.
630 2229 725 2306 lesus
747 2248 859 2305 autem
885 2251 1028 2324 portans
1047 2231 1117 2324 ipse
1132 2230 1192 2304 srbi
1245 2255 1353 2308 meam
1377 2234 1435 2308 sela
1461 2240 1498 2307 dt
1514 2234 1550 2306 iu
1573 2233 1631 2308 sni
1654 2255 1728 2308 mea
1751 2249 1966 2330 potaverunt
1995 2255 2050 2304 me
2075 2260 2111 2335 7⁰

275 2355 331 2420 ‘e
382 2347 548 2398 erucemr
568 2329 735 2422 ¹pervenit
759 2327 793 2399 in
822 2331 936 2405 locum
961 2331 1018 2424 qui
1043 2327 1199 2424 appella·
1247 2352 1393 2436 accepto
1418 2381 1434 2405 .
1464 2333 1559 2412 lesus
1599 2353 1714 2406 aurem
1742 2328 1931 2404 exclamant
1965 2355 2051 2408 voce

382 2437 440 2508 tur
468 2422 653 2501 Calrarier
677 2429 771 2520 quod
792 2426 920 2505 dicitur
936 2427 1094 2501 hebraice
1111 2425 1197 2500 Gol·
1248 2451 1405 2526 magnae
1434 2430 1556 2504 dixit.
1596 2435 1727 2508 Pater=
1766 2427 1799 2499 in
1827 2452 1943 2506 manua
1975 2449 2048 2505 tuat

386 2521 522 2618 gotbar
547 2523 604 2598 ubi
630 2547 709 2598 eum
736 2529 1014 2601 crucifixerunt·
1052 2527 1095 2599 Et
1117 2549 1195 2600 cum
1249 2533 1466 2606 commendo
1492 2528 1649 2626 spiritum
1676 2549 1815 2602 meumr
1851 2525 2047 2602 &tradidit

307 2639 360 2698 ιο
387 2641 434 2694 eo
454 2623 542 2699 duos
564 2621 715 2700 latrones
744 2625 822 2698 binc
845 2647 946 2720 atque
977 2621 1095 2697 illinc:
1121 2648 1195 2698 me·
1249 2626 1431 2720 spiritum.
1456 2635 1495 2714 ᾧ
1521 2631 1562 2702 Er
1588 2649 1668 2700 ecce
1699 2623 1813 2704 velum
1840 2623 2049 2723 templileis

387 2717 482 2794 dium
507 2747 599 2799 vero
618 2721 757 2803 Jesum.
785 2725 928 2822 Scripsit
958 2740 1074 2798 autem
1101 2725 1137 2796 dt
1156 2722 1200 2797 ri·
1249 2723 1325 2798 sum
1346 2730 1396 2802 ert
1420 2729 1455 2801 in
1478 2728 1560 2802 duaa
1587 2744 1729 2822 partera
1753 2750 1772 2797 a
1800 2721 1931 2798 sursum
1947 2723 2048 2817 usque
2074 2741 2112 2822 75

318 2851 324 2862 ·
386 2813 501 2892 tulum
531 2817 689 2894 Pilatus:
713 2823 749 2894 δι
777 2823 894 2918 posuit
922 2820 1204 2918 supracrucem.
1248 2823 1435 2903 deorsum.
1457 2825 1500 2898 Et
1532 2844 1628 2900 terra
1657 2843 1752 2898 mota
1776 2821 1848 2894 elle
1882 2826 1918 2894 bt
1948 2839 2048 2918 petre

385 2913 471 2991 Erat
498 2936 615 2994 autem
643 2917 846 3015 scriptum.
876 2919 972 3001 Jesua
1002 2919 1205 2996 Nazarenua
1249 2921 1400 3020 disrupte
1414 2923 1513 2998 sunta
1537 2925 1807 2996 &monumenta
1820 2941 1939 3016 aperta
1956 2921 2050 2994 sunt·

383 3011 688 3094 Rerludeorum·
713 3019 815 3094 Hunc
841 3043 928 3136 ergo
944 3014 1090 3094 titulum
1101 3015 1206 3094 multi
1250 3021 1295 3094 Er
1330 3019 1435 3096 multa
1473 3045 1623 3118 corpora
1654 3017 1850 3094 fundorum
1875 3018 2054 3093 dormien-

305 3131 357 3212 ²5
386 3108 551 3211 legerunt
572 3119 800 3195 iudeorumr
838 3140 917 3216 quta
939 3141 1059 3218 prope
1077 3119 1207 3195 civita·
1251 3119 1337 3194 tium
1361 3119 1646 3195 resurrexerunt.
1671 3119 1714 3192 Et
1733 3137 1904 3192 exeuntes
1921 3119 2052 3190 demo-
2109 3141 2120 3184 r

384 3228 458 3286 tem
489 3232 566 3290 erat
601 3213 699 3292 locus
727 3217 786 3292 ubi
818 3241 901 3292 enm
924 3217 1174 3292 crucifixerunt
1188 3265 1207 3289 .
1249 3219 1444 3292 numentisr
1468 3237 1637 3293 venerunt
1663 3217 1699 3290 in
1719 3216 1893 3291 civitatem
1908 3211 2048 3290 standum
2074 3219 2116 3294 lo

320 3351 326 3360 ·
382 3311 416 3386 Τ
418 3333 486 3386 unc
500 3313 668 3389 dixerunt
684 3312 830 3393 Pilato·
852 3315 944 3394 Noli
954 3315 1106 3392 scribere
1121 3317 1203 3390 Rex⁴
1248 3316 1484 3394 Hierusalemr
1508 3323 1788 3413 &apparuerunt
1802 3312 1944 3388 multia.
1959 3315 2051 3384 Cen·

379 3414 591 3492 iudeorum
616 3413 674 3488 sed
696 3415 781 3512 quia
806 3412 882 3510 ipse
902 3413 1000 3490 dixit
1021 3415 1106 3487 Rex
1128 3413 1203 3488 sum
1249 3418 1347 3492 turio
1370 3435 1516 3493 autema
1549 3417 1585 3488 δι
1610 3415 1670 3512 qui
1696 3436 1770 3488 cum
1798 3409 1867 3486 illo
1887 3411 2052 3485 eullodie·

379 3507 588 3598 ludentum.
613 3515 693 3590 Res
736 3511 981 3590 nditl’ilaturc
997 3515 1106 3604 Quod
1119 3512 1202 3588 scri·
1247 3519 1329 3590 bant
1351 3516 1491 3594 lesum:
1515 3537 1596 3588 eum
1618 3511 1778 3587 uidissent
1797 3529 2050 3586 terremotum

304 3625 356 3715 30
383 3611 434 3710 pss
457 3609 600 3707 scripsi·
625 3613 677 3688 Mi
692 3611 767 3686 iter
785 3637 881 3712 ergo
901 3637 985 3686 cum.
1007 3611 1203 3688 crucifixis·
1247 3616 1283 3687 &
1313 3611 1373 3689 illa
1400 3613 1517 3690 omnia
1544 3635 1610 3708 que
1637 3611 1723 3687 ladla
1738 3612 1838 3684 sunta
1860 3611 2046 3685 timuerunt

382 3709 460 3786 sent
483 3707 595 3796 Jesum
611 3737 631 3782 r.
649 3732 861 3810 acceperunt
883 3711 1087 3789 vestimenta
1100 3714 1198 3797 eluar
1245 3710 1344 3788 nimir
1370 3713 1555 3789 dicentes.
1572 3711 1670 3784 Vere·
1691 3710 1761 3784 Dei
1790 3707 1877 3782 lilius
1904 3707 2047 3781 ellille·
2075 3711 2113 3804 85

319 3840 325 3848 ·
380 3811 420 3884 dt
448 3811 607 3886 fecerunt
634 3829 799 3907 quatuor
817 3832 972 3910 partera
1011 3811 1196 3906 uniruique
1244 3809 1345 3892 Judei
1370 3835 1464 3911 ergo
1482 3811 1646 3911 quoniam
1666 3830 1749 3882 cena
1776 3831 1859 3904 pura
1873 3825 1972 3880 erate
2001 3826 2047 3878 ne

384 3907 486 3988 militi
512 3929 676 4009 partem.
694 3913 756 3986 De
781 3912 899 3990 tunica
915 3929 1030 3988 autem
1058 3935 1124 4005 que
1152 3912 1198 3984 de
1248 3930 1474 3986 remanerent·
1512 3910 1548 3984 in
1573 3931 1677 3984 eruce
1704 3929 1854 4002 corpora
1875 3903 2047 3978 sabbator

384 4009 563 4108 superiori
585 4032 689 4107 parte
708 4036 782 4088 non
811 4010 1017 4088 consutiliaa
1043 4008 1101 4083 sed
1135 4031 1200 4106 per
1248 4007 1452 4086 eratenim
1490 4027 1631 4106 magnur
1664 4005 1736 4079 dies
1769 3999 1856 4076 illius
1889 4001 2045 4074 sabbati:

305 4127 356 4210 35
386 4125 509 4184 totum
535 4110 678 4184 textilia
696 4109 798 4184 suita
835 4112 961 4186 dicunt·
1000 4109 1043 4184 ad
1071 4105 1204 4182 alteru·
1247 4125 1466 4208 rogaverunt
1483 4105 1631 4182 Pilatum
1659 4123 1697 4177 ut
1713 4102 1954 4200 frangerentur
1970 4123 2052 4172 cru·

386 4223 477 4282 mum
493 4253 511 4278 0
530 4205 617 4283 Non
643 4207 831 4284 scindamur
857 4235 957 4282 eamr
982 4205 1042 4279 sed
1072 4205 1202 4280 sortia·
1247 4231 1433 4282 rarorum
1454 4209 1491 4280 δι
1512 4202 1740 4279 tollerentur.
1762 4205 1942 4273 Venerunt
1956 4219 2048 4293 ergo
2075 4219 2118 4290 9⁰

386 4327 466 4382 mur
491 4303 540 4378 de
569 4299 624 4378 illa
647 4307 744 4390 tulna
768 4305 836 4376 fir.
861 4311 912 4380 Ut
937 4305 1105 4401 scriptura
1133 4302 1204 4375 im·
1244 4301 1373 4378 milites
1397 4302 1548 4400 &primi
1577 4298 1716 4396 quidem
1738 4301 1920 4394 fregerunt
1932 4319 2047 4368 cruraa

387 4397 551 4502 piaretur
574 4423 641 4498 que
669 4399 778 4478 dicit.
813 4399 1020 4477 Diviserunt
1045 4399 1112 4473 libi
1137 4423 1198 4472 ve·
1247 4403 1287 4476 ἃ
1317 4399 1459 4477 alterius
1486 4395 1637 4477 similiter
1675 4397 1733 4494 qni
1757 4391 1857 4470 simul
1887 4392 2049 4468 crucifixi

389 4501 543 4594 lllmenta
572 4521 671 4578 metr
696 4499 849 4598 &super
865 4501 997 4578 vellem
1008 4521 1119 4577 meam
1133 4497 1199 4572 mi·
1248 4520 1347 4576 erant
1377 4524 1454 4574 cum
1479 4496 1542 4576 illo
1562 4543 1579 4568 .
1611 4494 1669 4569 nd
1690 4493 1800 4575 lesum
1827 4511 2049 4569 autemeam

305 4623 365 4708 φ
390 4596 507 4674 serunt
531 4597 689 4678 sortem·
713 4603 755 4676 Et
772 4599 904 4676 militet
915 4600 1055 4698 quidem
1067 4599 1132 4671 bec
1146 4597 1203 4672 se-
1247 4600 1415 4676 venisent
1440 4627 1456 4671 e
1488 4615 1527 4670 ut
1554 4595 1714 4669 viderunt
1743 4617 1822 4668 eum
1847 4610 2051 4665 mortuum:

386 4715 534 4774 cerunt·
560 4697 810 4777 Pretereuotet
838 4717 954 4776 autem
983 4695 1205 4792 blasphema·
1249 4721 1320 4770 non
1348 4698 1530 4794 fregerunt
1553 4715 1653 4769 crura
1680 4697 1780 4778 eiust
1804 4690 1866 4765 sed
1891 4711 1979 4762 unua
2002 4711 2049 4763 ex
2076 4697 2116 4776 95

334 4823 341 4833 ·
388 4795 473 4877 bant
500 4817 606 4872 eume
627 4818 818 4874 moventes
839 4795 953 4898 capita
975 4797 1197 4871 &dicentem
1249 4793 1417 4872 militibus
1441 4791 1556 4869 lancea
1579 4791 1666 4864 latus
1695 4796 1769 4876 ejus
1797 4787 1974 4886 pupugitr
2011 4791 2047 4859 bt

389 4888 472 4967 Valr
498 4892 562 4985 qui
582 4893 725 4970 delituit
756 4894 951 4992 templumr
974 4897 1010 4968 dt
1034 4894 1113 4994 poll
1139 4891 1206 4968 tri·
1250 4893 1363 4972 exivit
1396 4893 1563 4969 continuo
1596 4889 1733 4984 sanguis
1769 4891 1805 4960 dt
1841 4911 1965 4980 aqua·
2003 4885 2046 4959 Et

392 4987 502 5062 duum
519 4988 662 5066 edificat
684 4991 796 5065 illuc.
816 4991 958 5072 Salvum
984 4991 1039 5068 sac
1060 4991 1200 5066 temeti·
1248 4991 1309 5087 qui
1334 4991 1430 5066 vidit
1455 4987 1685 5064 testimonium
1706 4985 1899 5082 perhibuitr
1922 4987 1960 5057 δι
1984 5007 2050 5060 ve·

308 5115 362 5191 45
392 5085 518 5184 pluma
539 5088 578 5158 ilc
603 5089 774 5164 descende
799 5092 844 5160 de
872 5113 1002 5164 cruce.
1030 5088 1201 5170 Similiter
1247 5115 1324 5168 rum
1350 5093 1397 5164 eli
1427 5087 1657 5162 testimonium
1687 5091 1792 5171 eiua.
1811 5085 1853 5156 Et
1881 5103 1946 5154 noa
1968 5105 2050 5158 cre-

390 5202 504 5261 autem
531 5183 566 5254 δι
595 5207 688 5258 unna
710 5189 754 5260 de
785 5183 1002 5261 latroniburr
1035 5189 1200 5283 quicum
1248 5186 1583 5281 dimusquiaverum
1599 5185 1670 5257 ella
1693 5181 2048 5258 utcredentervitam
2080 5191 2135 5249 1⁰⁶

388 5279 458 5356 illo
490 5273 590 5354 unul
624 5283 785 5357 crucifixi
818 5300 918 5354 erant
943 5281 1200 5378 blasphemabat
1246 5287 1433 5363 habeamus
1454 5283 1487 5357 in
1504 5282 1644 5362 nomine
1659 5281 1770 5376 eluse
1806 5319 1811 5326 ·

387 5378 486 5458 illum
504 5407 515 5446 r
532 5373 648 5453 dicent
666 5425 683 5450 .
701 5379 830 5455 Nonne
847 5396 884 5450 ru
900 5399 937 5448 ea
952 5379 1135 5452 Chrillur?
1156 5377 1203 5452 li·

390 5477 522 5552 berate
545 5479 584 5552 bc
597 5500 661 5554 ner
677 5524 694 5549 .
713 5475 947 5570 Respondent
960 5494 1075 5548 aurem
1088 5470 1193 5550 aliurn
1298 5495 1353 5582 ῃ,
1365 5483 1476 5559 Amen
1490 5527 1509 5553 .

309 5606 363 5686 5⁰
389 5573 901 5673 rucrepabalillumrdicem.
933 5571 1014 5645 Nec
1032 5573 1196 5648 lictimer
2173 5645 2174 5650 ,

387 5677 547 5750 nenne
580 5697 656 5749 cum
675 5673 710 5746 in
730 5675 853 5748 eadem
877 5671 1096 5748 damnatione
1129 5675 1203 5746 er?
1525 5677 1776 5778 magellum.
2073 5679 2134 5752 τος
2173 5681 2174 5684 ’

383 5797 453 5848 not·
468 5776 613 5872 quidem
633 5773 748 5858 justu
768 5769 878 5868 digna
902 5771 998 5844 enim
1018 5767 1117 5845 faciit
1133 5795 1199 5845 no·

379 5869 462 5946 drie-
484 5871 696 5968 reeipimnre
727 5867 790 5943 hic
813 5865 1015 5941 veronihil
1036 5867 1112 5944 mali
1141 5870 1199 5942 fc·
1296 5937 1300 5969 ‚
1340 5879 1419 5952 linc
1452 5876 1556 5952 venit
1581 5871 1976 5972 quidambomodives
1997 5866 2043 5942 ab

382 5969 461 6046 eit.
479 5973 530 6052 Et
555 5968 700 6047 dicebat
725 5967 774 6044 ad
793 5963 932 6046 lesum.
951 5965 1107 6048 Domine
1121 5993 1193 6046 mc·
1297 5997 1300 6014 ·
1351 5974 1548 6055 Arimathia
1570 5977 1708 6056 nomine
1725 5971 1851 6070 loseph
1873 5997 1891 6042 e·
1924 5967 2049 6162 quiipdste
