4450 7209
412 714 1526 811 Posi-oc'r'nvnsuptuunulu.
1735 726 1786 807 69

82 898 86 907 ,
144 820 378 917 apostolorum
408 828 586 921 magistert
617 822 673 896 ille
695 827 843 901 omnium
866 850 941 903 cte·
991 826 1143 900 cordiam
1177 826 1369 921 ipfiusDei
1398 827 1525 900 nostris
1550 820 1607 917 qui
1632 818 1723 895 vivit
1748 827 1784 893 δι
1820 842 1862 915 55

147 922 302 993 dentium
323 938 443 1015 pater.
474 919 533 991 llle
559 919 720 997 debilium
746 926 939 1003 firmamen·
988 923 1099 995 omnia
1116 925 1206 1017 regit
1223 924 1254 993 in
1273 921 1379 994 secula
1392 919 1591 993 seculorum.
1608 921 1783 1001 Rsrlmen.

148 1034 247 1087 tumr
263 1014 318 1088 ille
332 1018 573 1091 infirmantium
589 1017 720 1113 virtus:
737 1019 793 1089 ille
808 1024 940 1093 redem·
987 1018 1158 1095 Dominus
1170 1020 1211 1093 st
1227 1019 1360 1113 semper
1375 1018 1548 1090 vobiscum
1564 1064 1575 1084 .
1591 1016 1684 1108 unfit
1697 1034 1785 1085 cum·

147 1111 222 1201 ptio
235 1113 470 1205 captiuorum:
498 1110 553 1183 ille
566 1114 735 1185 hereditas
746 1116 940 1209 redempto·

102 1216 118 1292 5
148 1228 247 1277 rum.
275 1206 333 1279 llle
360 1207 552 1281 viventium
568 1207 675 1281 salus=
701 1210 760 1282 ille
790 1214 938 1285 morien·
1156 1207 1232 1291 'Post
1246 1214 1451 1282 Communia.
1480 1211 1617 1292 Oratio.

126 1300 230 1375 ‘tium
242 1304 340 1376 vita.
365 1304 434 1395 Qi
457 1304 706 1379 sacrificandam
735 1332 860 1379 novam
887 1306 938 1379 le·
1077 1308 1184 1382 Efesli
1214 1307 1337 1377 Christi
1363 1329 1532 1399 corpore.
1560 1306 1702 1397 Require
1724 1300 1782 1371 tn,
1815 1309 1865 1374 60

146 1420 224 1491 gem
240 1400 406 1473 Sacerdos
421 1398 488 1471 Dei
504 1424 604 1473 verus
620 1402 758 1475 instituit
773 1430 783 1471 r
799 1404 939 1477 hostiam
1097 1408 1210 1499 primo
1222 1405 1390 1473 orminos
1408 1398 1476 1497 post
1492 1400 1627 1476 suavus
1639 1397 1786 1491 Epipha:

145 1492 179 1560 se
197 1492 259 1565 tibi
278 1494 432 1588 placitam
450 1496 567 1589 &ipse
584 1496 733 1570 obtulit:
757 1502 938 1573 &anobis
987 1507 1072 1573 nin.
1090 1498 1156 1588 fol.
1174 1504 1303 1570 LXVII.

145 1590 236 1672 jussit
251 1592 392 1662 offerri:
410 1590 559 1689 Chrislus
573 1592 736 1691 Dominus
752 1618 791 1668 ac
808 1596 943 1675 redem-

80 1697 122 1765 ,10
151 1702 236 1777 plor
248 1705 410 1761 eternus·
990 1688 1043 1779 IN
1055 1690 1231 1767 TERTIO
1243 1689 1492 1783 DOMINICO
1509 1680 1629 1767 POST
1637 1683 1788 1761 ocra:

610 1854 614 1861 .
1100 1791 1191 1864 VAS
1206 1788 1455 1861 EPll’HANlE
1471 1786 1677 1861 DOMINI.
1734 1811 1746 1833 ·
1816 1788 1864 1874 65

436 1878 656 1977 Postprr'cir'rl

150 1980 243 2153 V
256 1974 343 2047 Iram
362 1979 506 2051 nossram
524 1980 672 2055 Domine
695 1978 860 2079 unigeniti
888 1982 940 2055 tui
989 1986 1050 2058 Ad
1065 1976 1189 2071 Mifflrm
1204 1977 1351 2075 officium
1370 1985 1415 2054 d·
1430 1984 1558 2051 orarios
1582 1993 1621 2048 ut
1633 1980 1666 2049 r‘n
1675 1979 1785 2071 primo

267 2090 410 2145 mortem
433 2075 555 2150 votiva
579 2080 787 2151 confessione
803 2102 940 2171 prome·
1036 2081 1205 2149 Dominico
1223 2072 1290 2169 post
1306 2078 1441 2148 nonnas
1457 2072 1785 2170 apul-sommus.

79 2184 116 2251 15
149 2187 283 2240 rentes:
317 2170 350 2239 in
372 2168 655 2245 resurrectionem
681 2179 751 2265 ejus
776 2176 811 2245 δι
827 2177 940 2245 ascen-
1041 2176 1149 2246 restio
1163 2170 1245 2244 libri
1259 2172 1358 2266 Esaye
1372 2173 1550 2267 prophete.
1567 2169 1789 2267 lje-Deogra·

148 2264 277 2336 sionem
301 2262 333 2333 in
359 2263 440 2335 celis
465 2268 537 2339 vita
563 2268 748 2341 indubitata
767 2271 939 2343 fatemur:
991 2274 1081 2346 tias.
1576 2332 1582 2339 .
1675 2272 1789 2339 LXVI.
1816 2287 1868 2361 70

146 2382 247 2434 uetus
261 2384 394 2453 quoqne
408 2362 541 2433 rursus:
558 2386 595 2435 ac
611 2368 814 2457 promeritis
835 2370 944 2461 lingu-
1102 2372 1161 2443 EC
1172 2365 1256 2455 dicit
1268 2364 1453 2441 Dominus.
1467 2362 1586 2437 Celum
1606 2364 1697 2435 sedes
1714 2388 1787 2438 ntra

148 2454 200 2531 los
213 2459 422 2541 iudicaturus
436 2477 532 2531 reatu
545 2454 624 2533 licet
637 2462 762 2555 trepidi
780 2490 789 2530 ε
816 2460 871 2535 sed
886 2482 944 2535 tua
1118 2470 1184 2536 esl:
1202 2466 1236 2533 dc
1253 2484 1345 2536 terra
1361 2456 1537 2535 scabellum
1556 2462 1680 2553 pedum
1694 2483 1789 2535 meo-

147 2554 226 2626 sreti
240 2552 467 2626 misericordia
480 2554 772 2648 prestolamur-Ob
783 2559 850 2631 hoc
858 2584 945 2657 ergo
997 2570 1088 2635 tuin.
1112 2568 1190 2651 Qe
1206 2559 1263 2631 illa
1274 2564 1393 2633 domus
1407 2583 1505 2653 quam
1519 2551 1787 2632 edificabitismi·

75 2659 117 2713 20
148 2649 322 2743 quesumus
338 2648 554 2722 famulantes:
585 2672 622 2726 ut
638 2651 845 2729 oblationem
861 2659 944 2728 hanc
993 2658 1028 2729 hi
1045 2685 1054 2727 ε
1080 2663 1115 2731 &
1130 2658 1276 2755 quisniste
1292 2656 1384 2731 locus
1396 2656 1517 2748 quietis
1532 2676 1606 2726 mee
1622 2654 1636 2720 ?
1662 2652 1786 2727 Omnia

146 2746 284 2843 spiritus
300 2747 350 2818 tui
360 2746 589 2839 permixtione
607 2746 804 2827 sensificet:
818 2754 852 2825 δι
865 2776 945 2826 cot·
992 2756 1186 2829 hermanus
1202 2778 1274 2827 mea
1286 2754 1369 2847 fecit
1386 2781 1394 2821 ι
1412 2754 1446 2821 &
1461 2748 1546 2825 sada
1559 2750 1634 2821 sunt
1650 2751 1786 2822 univer·
1818 2761 1866 2843 75

147 2845 242 2937 poris
259 2868 297 2917 ac
311 2840 479 2938 sanguinis
492 2843 630 2916 Domini
647 2847 943 2923 nollrilesuCltri·
991 2850 1400 2923 sailladicitDominus.
1425 2848 1719 2939 Adquemautem
1733 2868 1786 2916 re·
1915 2911 1919 2919 ,

151 2942 186 3010 lli
204 2937 304 3033 plena
320 2940 626 3013 transformatione
647 2944 867 3016 conformes.
896 2950 940 3019 Ut
989 2946 1124 3039 spiciam
1138 2948 1196 3017 nisi
1211 2946 1252 3019 ad
1266 2941 1552 3039 pauperculum&
1564 2940 1783 3015 contritum:

147 3036 256 3135 hoslia
271 3059 336 3129 qua
351 3060 414 3109 nos
429 3039 622 3133 redemptos
634 3041 699 3111 effe
712 3040 938 3113 meminimus:
989 3042 1129 3137 spiritu:
1146 3045 1180 3113 &
1195 3058 1400 3113 trementem·
1410 3036 1579 3110 sermones
1592 3038 1699 3108 m'eos.
1711 3031 1783 3134 Qi

75 3140 114 3215 ²5
147 3132 300 3205 mundari
321 3131 506 3217 asordibus
530 3134 715 3207 facinorum
732 3158 939 3209 mereamur:
991 3135 1139 3211 immolat
1155 3138 1303 3212 bovem:
1329 3133 1418 3226 quafi
1447 3135 1504 3225 qui
1519 3130 1705 3210 interficiat
1727 3133 1779 3205 vi-

145 3252 210 3299 nec
224 3252 285 3299 nos
301 3230 482 3301 transfixus
498 3227 658 3302 vulnere:
680 3235 940 3325 atuareprobes
990 3254 1089 3307 rum.
1113 3234 1182 3323 Qi
1196 3247 1330 3305 mancat
1347 3252 1474 3323 pecus:
1499 3227 1589 3322 quali
1609 3226 1666 3317 qui
1681 3248 1785 3297 exce·
1818 3222 1867 3295 so
1954 3286 1965 3295 .

145 3325 349 3399 curatione.
373 3326 528 3397 Medicus
545 3326 682 3402 enimes
699 3353 708 3393 ε
724 3329 799 3423 egri
814 3328 940 3401 sumus.
975 3330 1105 3415 rcbret
1131 3353 1273 3404 canem.
1299 3326 1367 3417 Ql
1394 3326 1497 3397 offert
1521 3321 1786 3397 oblationenm

143 3421 344 3496 Misericors
359 3444 420 3491 ess
446 3446 509 3495 nos
525 3424 661 3496 miseri.
680 3424 776 3520 ,Ergo
799 3420 859 3518 qui
879 3424 940 3513 tibi
990 3427 1078 3518 quali
1105 3426 1161 3516 qui
1177 3424 1372 3521 sanguinem
1394 3419 1526 3493 suillum
1541 3419 1688 3494 offerat.
1712 3420 1784 3509 Qui

145 3518 254 3590 nostra
268 3542 338 3592 non
348 3516 580 3591 abscondimus
590 3516 730 3592 vulnera
738 3520 856 3610 quibus
870 3518 940 3614 pla·
990 3522 1195 3613 recordatur
1204 3524 1313 3595 thuris
1325 3548 1335 3589 r
1347 3518 1435 3613 quasi
1450 3519 1506 3611 qui
1519 3517 1697 3591 benedicat
1711 3514 1788 3599 ido·

67 3624 113 3697 30
144 3614 251 3687 caris:
266 3615 342 3687 sana
356 3638 417 3687 nos
435 3613 624 3689 sacrificio.
648 3620 835 3709 guAmen.
856 3617 938 3691 Pre-
989 3614 1049 3690 lo'.
1075 3621 1150 3689 Hec
1172 3618 1284 3693 omnia
1297 3618 1477 3713 elegerunt
1501 3614 1538 3683 in
1560 3611 1724 3686 viissuisr
1750 3612 1787 3684 dc
1868 3676 1874 3693 ,

143 3714 190 3783 lla
212 3714 314 3785 Pater
339 3712 492 3806 ingenite
520 3734 584 3805 per
609 3711 822 3807 unigenitum
840 3732 936 3785 tuum
988 3716 1021 3785 in
1037 3714 1366 3789 abhominationibus
1381 3710 1445 3782 suis
1469 3710 1578 3785 anima
1592 3730 1711 3781 eorum
1725 3706 1784 3778 de·
1806 3698 1865 3790 ’ὃς

142 3806 327 3883 Dominum
351 3810 500 3879 nollrum
518 3807 627 3883 lesum
654 3810 844 3881 Chrillumr
876 3834 938 3904 per
988 3808 1109 3885 lettata
1123 3813 1194 3882 eu.
1219 3813 1317 3883 Unde
1339 3810 1374 3879 &
1390 3830 1461 3903 ego
1474 3804 1598 3902 eligam
1616 3803 1785 3879 illusiones

143 3927 246 3997 quem
275 3922 313 3977 tu
327 3904 392 3975 hec
404 3902 519 3979 omnia
540 3902 639 3976 nobis
664 3905 811 4001 indignis
831 3904 939 3977 servis
974 3928 1107 3991 ,eorum
1121 3938 1130 3974 ι
1145 3902 1255 3999 &que
1270 3907 1433 3979 timebant
1447 3903 1608 3973 adducam
1621 3902 1682 3971 eis.
1695 3900 1785 3989 Qria

145 4004 212 4071 &a
989 4001 1135 4075 vocavi:
1161 4005 1196 4074 δι
1225 4026 1297 4079 non
1314 4018 1390 4072 erat
1405 3998 1461 4091 qui
1476 3994 1709 4091 responderet.
1721 3992 1788 4067 Lo·

69 4098 110 4177 35
177 4092 181 4100 ’
304 4099 365 4169 dd
377 4100 556 4169 orationem
571 4098 800 4169 Dominr'crm.
990 4096 1181 4171 cutussum:
1199 4094 1786 4184 &nonaudierunt.Feceruntque

233 4194 465 4287 Receptorum
478 4192 619 4267 Domini
635 4211 807 4268 memores
821 4194 941 4266 fratres
990 4190 1111 4267 malum
1128 4195 1162 4263 in
1181 4192 1286 4266 oculis
1303 4190 1388 4264 meis
1402 4215 1412 4257 r
1428 4192 1463 4262 δι
1476 4213 1542 4281 que
1557 4186 1651 4259 nolui
1667 4185 1785 4282 elege-
1818 4202 1869 4272 po

248 4289 426 4362 citariffimi
443 4288 613 4381 orationis
630 4290 815 4379 Dominice
835 4288 942 4362 vestra
991 4310 1094 4365 runt·
1119 4290 1248 4362 Audite
1260 4290 1402 4365 verbum
1414 4284 1650 4379 Dominirqui
1668 4284 1788 4354 tremi·
1893 4306 1896 4311 ·
1980 4359 1985 4367 4

143 4386 294 4458 disluri:
324 4388 530 4470 majellatem
552 4390 624 4469 eius
649 4389 868 4481 deprecemur
888 4410 943 4457 ac·
978 4386 1035 4473 ¹tis
1048 4386 1089 4458 ad
1102 4388 1242 4461 verbum
1255 4394 1347 4471 ejus.
1363 4384 1536 4456 Dixerunt
1548 4380 1669 4451 fratres
1682 4378 1784 4451 veliti

143 4480 273 4552 clives:
298 4500 337 4553 ut
350 4500 567 4575 peccatorum
578 4476 845 4555 misericorditer
857 4476 943 4551 obli·
993 4483 1149 4555 odientes
1165 4506 1254 4555 vos:
1280 4487 1315 4554 δι
1341 4479 1539 4565 abjicientes
1559 4495 1704 4569 propter
1719 4498 1785 4543 no-

59 4586 108 4659 40
131 4577 303 4666 ,viscenn
328 4578 424 4650 dono
450 4576 560 4671 gratie
586 4576 644 4646 sue
665 4601 815 4671 corpora
832 4578 942 4665 nollra
992 4601 1068 4649 men
1087 4600 1198 4649 meum
1216 4624 1226 4645 .
1251 4576 1477 4651 Glorilicetur
1497 4572 1662 4644 Dominus
1684 4572 1718 4639 &
1732 4566 1789 4639 vi-

142 4674 318 4767 cordaque
344 4670 561 4745 sanctificet.
588 4675 762 4762 Qatenus
791 4672 944 4764 omnium
993 4672 1144 4743 debimus
1159 4674 1191 4744 in
1207 4671 1322 4746 leticia
1340 4672 1471 4759 vestra:
1499 4664 1557 4757 ipsr
1580 4682 1791 4736 autemcon-
1819 4678 1868 4749 95

138 4770 324 4845 criminum
349 4766 422 4841 labe
437 4768 605 4863 purgatis
631 4766 737 4841 libera
752 4790 837 4842 uoce
853 4767 944 4840 dica·
994 4770 1183 4841 fundentur
1196 4814 1206 4837 .
1220 4766 1386 4843 letamini
1404 4784 1479 4833 curn
1494 4756 1728 4869 Hierusalem:
1755 4758 1791 4829 δε

138 4890 218 4939 mus
235 4866 381 4938 eterris.
405 4868 655 4955 Paternosler·¹
996 4863 1150 4938 exultate
1175 4864 1208 4934 in
1238 4890 1279 4935 ea
1305 4884 1421 4937 omnes
1451 4863 1510 4951 qui
1535 4852 1790 4949 diligttoeam·
1917 4950 1921 4958 ,

194 4960 381 5035 Humiliate
392 4984 455 5032 vos
469 4956 712 5035 benedislioni·
726 4956 889 5033 Dominus
904 4956 946 5033 sit
996 4962 1152 5033 Gaudete
1169 4982 1243 5031 cum
1261 4982 1300 5030 ea
1320 4960 1353 5057 in
1373 4956 1499 5052 gaudio
1515 4951 1659 5023 universr
1674 4950 1728 5043 qui
1745 4946 1796 5018 lu·

48 5070 98 5143 ,45
124 5056 274 5152 'semper
296 5056 475 5130 vobiscum
490 5106 500 5127 .
518 5054 521 5059 ’
831 5146 833 5151 Ι
911 5144 915 5150 ⁸
997 5058 1087 5153 getis
1104 5056 1287 5149 supeream
1302 5082 1311 5122 t
1326 5072 1364 5125 ut
1378 5049 1531 5146 suggatis
1545 5050 1581 5118 dr
1597 5044 1793 5141 repleamini

449 5153 660 5225 serenicum
996 5160 1038 5226 ab
1055 5153 1158 5223 ubere
1174 5148 1413 5222 consolationis
1429 5150 1520 5231 eius.
1545 5146 1591 5214 Ut
1605 5142 1795 5239 mulgeatis:
1829 5156 1899 5211 roo
1968 5150 1983 5175 ⁸

255 5250 486 5345 Mnipoteutis
502 5250 568 5322 Dei
586 5249 687 5322 nollri
701 5246 947 5325 benedictioni·
994 5252 1029 5320 &
1060 5246 1188 5321 deliciis
1205 5246 1375 5319 affluatis:
1401 5248 1442 5315 ab
1471 5240 1667 5315 omnimoda
1683 5238 1794 5335 gloria

268 5349 330 5418 bus
346 5344 563 5439 repleamini:
590 5352 686 5431 cujus
713 5346 790 5418 eliis
809 5346 946 5444 sangui·
993 5350 1092 5430 eius.
1117 5344 1207 5431 Quia
1223 5346 1285 5415 hec
1313 5344 1394 5413 dicit
1409 5340 1600 5413 Dominus.
1625 5337 1708 5404 Ecce
1724 5354 1794 5428 ego

129 5468 182 5515 ne
200 5441 363 5538 precioso
380 5442 563 5541 redempti.
582 5452 761 5527 ssuumen.
786 5444 862 5529 liius
880 5466 943 5513 vos
994 5438 1172 5513 declinabo
1190 5438 1374 5534 supeream
1403 5437 1493 5528 quali
1507 5430 1645 5505 fluvium
1675 5431 1793 5521 pacist
1847 5509 1850 5517 Ι

50 5552 94 5621 50
131 5542 343 5612 indeficiens
358 5540 467 5635 gratia
481 5532 636 5633 repleats
659 5547 753 5626 cujus
769 5532 944 5625 ineffabilis
995 5536 1137 5628 &quau
1166 5555 1358 5609 torrentem
1377 5534 1593 5603 inundantem
1612 5524 1792 5619 gloriam,

125 5635 322 5733 plasmavit
335 5635 518 5728 potentia.
545 5648 593 5721 132.
612 5640 743 5707 Amen.
767 5632 809 5707 Et
823 5636 942 5731 quibus
994 5635 1167 5729 gentium:
1195 5650 1294 5721 quam
1309 5628 1484 5725 suggetis.
1512 5626 1565 5719 ild
1593 5622 1696 5692 ubera
1710 5644 1793 5715 por·
1829 5634 1896 5707 105

127 5737 168 5807 in
187 5722 794 5829 hocmundoprellititcondirionem
809 5730 944 5801 nascen-
976 5728 1169 5818 gtabimini:
1196 5730 1229 5797 &
1258 5724 1356 5818 super
1382 5746 1492 5817 genua
1516 5717 1707 5788 blandietur
1725 5732 1794 5789 vo·

127 5832 201 5901 dir
239 5830 269 5898 in
285 5848 398 5922 regno
413 5829 675 5903 eteruotribuat
692 5822 947 5899 manssonemss·
996 5823 1083 5897 bis.
1122 5820 1377 5907 Qomodost
1418 5818 1471 5893 cui
1498 5832 1604 5886 mater
1639 5812 1791 5883 blandia-

128 5922 191 5997 ne'
212 5925 284 5995 fine
300 5924 470 5998 vivendi.
496 5940 544 6027 ¹33·
564 5928 703 6023 Αῑιιειιξ
728 5924 794 5998 Per
818 5919 948 6018 miseri·
997 5938 1085 6023 tura
1121 5920 1170 5994 ita
1192 5944 1262 6013 rgo
1290 5912 1493 5990 consolabor
1519 5929 1581 5985 ros
1613 5911 1682 5979 a&
1706 5905 1792 6076 lli)

1744 6027 1795 6074 re·
