4450 7209
381 810 491 881 aaut
816 772 1585 873 rumas-10.-

368 931 547 1032 ΜΝ,
578 897 634 996 (5
645 901 758 1106 perer
783 892 933 1018 populo
960 893 1059 1015 (a),
1090 896 1244 987 Miseali
1271 897 1540 988 Mozarabum
1569 893 1726 985 illatam
1758 893 1874 1037 fuisse
1902 900 2021 1039 poll-3

384 1056 510 1144 quarn
538 1053 614 1142 pax
672 1051 730 1108 art
760 1043 886 1135 capta
915 1019 971 1107 cst
1002 1018 1147 1105 tabella
1176 1016 1386 1132 quadarn,
1416 1047 1514 1131 qua·
1530 1037 1659 1133 parta
1682 1037 1783 1131 pace
1808 1019 2005 1136 Hispanis

387 1146 692 1233 denominatur.
732 1137 849 1225 Idem
881 1140 987 1226 locus
1022 1138 1193 1224 Missalis
1224 1136 1369 1246 nostri,
1399 1140 1578 1224 innova
1608 1136 1784 1223 editione
1813 1139 2008 1230 Glossatii

385 1265 501 1353 latini
521 1262 608 1346 Drii
626 1257 857 1372 ducange,
883 1287 987 1346 voce
1002 1285 1107 1373 pax,
1138 1258 1311 1365 citatur,
1341 1253 1393 1342 ad
1408 1255 1656 1373 probandum
1675 1258 1891 1367 tabellam,
1923 1289 2007 1370 qua

390 1410 472 1499 pax
502 1377 643 1487 datur,
675 1378 800 1462 etiam
828 1395 969 1491 pacem
999 1376 1269 1462 denominari.
1299 1381 1360 1466 At
1380 1405 1460 1462 non
1493 1376 1633 1485 video,
1663 1379 1734 1463 c'ur
1764 1378 1806 1462 in
1837 1377 1912 1463 hac
1943 1407 2009 1463 ru·

386 1500 503 1585 brica.
528 1526 607 1583 vox
634 1515 721 1611 pax
750 1494 857 1582 aliud
897 1494 1112 1610 significare
1151 1493 1327 1604 debeat,
1357 1522 1481 1606 quam
1512 1495 1725 1604 osculum,
1754 1518 1826 1581 aut
1856 1499 2011 1612 ample·

391 1647 491 1704 xum
523 1618 663 1732 pacis,
694 1643 817 1728 quam
850 1614 1036 1703 Sacerdos
1066 1612 1117 1699 de
1147 1636 1295 1730 patena
1324 1614 1576 1729 accipiebat,
1614 1618 1656 1700 dt
1687 1615 1869 1701 Diacono
1889 1677 1904 1724 ,
1926 1616 2008 1704 ‘vel

387 1765 547 1853 puero,
584 1762 678 1819 eum
710 1731 1026 1849 ampleslendo,
1058 1731 1274 1842 tradebat,
1306 1737 1346 1819 dt
1376 1761 1476 1848 puer
1505 1735 1654 1850 populo
1683 1734 1836 1843 dabat,
1876 1734 2014 1848 proxi·

274 1885 356 1972 113
394 1885 508 1942 mum
541 1854 612 1938 fibi
641 1851 863 1939 adstantem
893 1849 1190 1969 ampleslen'do.
1219 1859 1306 1958 At,
1336 1851 1443 1964 quod
1476 1859 1518 1940 P.
1535 1861 1594 1941 Le
1622 1861 1727 1941 Brun
1758 1851 2011 1938 animadver-

392 1975 483 2062 tisse
513 1971 683 2081 debuit,
713 1970 816 2088 apud
845 1971 1232 2086 GothoHispanos,
1264 1973 1560 2058 &Mozarabes
1588 1972 1857 2082 antiquiores,
1876 1978 2013 2059 Sacer·

384 2091 455 2179 dos
485 2094 683 2177 celebrans
716 2118 857 2207 pacem
888 2121 913 2177 a
942 2090 1105 2177 nemine
1135 2089 1390 2204 accipiebat,
1421 2096 1461 2178 &
1493 2091 1644 2187 nemini
1678 2090 1829 2176 dabat.
1869 2094 2008 2200 Nam,

384 2235 433 2299 ut
477 2211 519 2296 in
551 2211 655 2295 notis
697 2211 837 2298 monui
872 2201 967 2325 (b),
1008 2210 1172 2296 initium
1213 2208 1349 2301 danda
1387 2211 1495 2325 pacis
1524 2242 1549 2297 a
1580 2213 1761 2298 Diacono
1801 2234 1888 2295 erat
1916 2206 2010 2323 (c),

384 2331 460 2442 qui
491 2332 636 2445 populo
668 2330 948 2446 precipiebat,
979 2353 1024 2415 ut
1056 2331 1162 2415 inter
1177 2326 1216 2415 se
1248 2357 1389 2443 pacem
1420 2331 1596 2417 facerent
1614 2326 1703 2443 (d),
1734 2334 1808 2437 dc,
1833 2329 2010 2413 osculan-

386 2446 440 2533 do
469 2448 727 2563 digniorem,
766 2478 909 2566 pacem
941 2447 1178 2564 Episcopis,
1218 2450 1497 2560 Presbyteris,
1539 2455 1578 2537 8<
1612 2449 1834 2553 Draconis,
1874 2445 2013 2535 Altari

272 2594 359 2683 114
387 2565 630 2655 adstantibus
675 2567 754 2683 ipse
786 2567 936 2655 dabat.
967 2568 1229 2683 Prolixiorem
1271 2566 1539 2654 discussionem
1573 2568 1741 2680 requirit
1773 2567 1850 2652 alia
1880 2574 1923 2652 P.
1952 2573 2012 2653 Le

385 2695 495 2780 Brun
535 2686 733 2802 oppositio
764 2685 1004 2796 asserentis,
1041 2715 1182 2771 omnes
1214 2687 1342 2773 ferme
1374 2690 1566 2774 Rubricas
1598 2687 1822 2774 Dominicae
1852 2686 2012 2772 Palma·

385 2834 504 2917 tum,
536 2805 642 2891 seriae
673 2806 860 2918 quinta,
891 2806 1044 2916 sextae,
1075 2809 1115 2892 8<
1134 2805 1299 2894 Sabbati
1326 2805 1489 2918 majoris
1522 2804 1811 2910 hebdomada,
1842 2832 1929 2915 qua
1963 2805 2008 2895 in

385 2922 541 3012 Missali
573 2921 703 3010 nostro
735 2927 1026 3034 inveniuntur,
1056 2922 1283 3038 desumptas
1313 2924 1392 3009 esse
1422 2953 1447 3009 a
1477 2926 1631 3011 Missali
1661 2930 1881 3030 Romano,
1912 2950 2018 3033 quo,

348 3124 354 3132 .
388 3065 576 3159 tempore
596 3042 818 3129 Cardinalis
851 3044 1044 3152 Ximenii,
1077 3044 1252 3130 Ecclcsra
1268 3043 1469 3129 Toletana
1500 3046 1711 3152 utebatur,
1743 3069 1832 3153 qua
1859 3042 1979 3127 accus
1997 3083 2015 3104 ·

263 3198 269 3209 ·
387 3163 449 3248 tio
480 3190 561 3248 non
593 3161 671 3247 alia
703 3163 828 3277 magis
860 3161 1009 3248 efficaci
1039 3161 1195 3245 ratione
1225 3159 1422 3276 infringi,
1460 3192 1506 3248 ac
1537 3162 1635 3247 dilui
1668 3159 1775 3275 posse
1809 3160 2014 3271 iidetur,

363 3288 513 3392 'quam
554 3279 828 3366 enumerando
868 3280 967 3366 ritus
1008 3277 1396 3395 Gotho-Hispanos,
1436 3282 1508 3392 qui
1546 3282 1586 3366 in
1619 3281 1792 3366 Missalis
1821 3272 2012 3368 ernene't'

384 3396 548 3507 Miffis,
590 3396 638 3482 iis
676 3397 853 3509 diebus,
891 3422 1101 3485 recurrunt
1127 3393 1315 3484 {Primo
1359 3397 1484 3511 igitur
1525 3401 1664 3485 titulus
1699 3398 1924 3483 Dominicae
1963 3393 2012 3485 itt

385 3511 536 3605 Ramis
559 3509 791 3631 palmarum
810 3512 893 3632 (e);
931 3515 1098 3600 secundo
1135 3517 1282 3604 Oratio
1316 3513 1489 3606 Domine
1511 3525 1550 3630 J
1551 3513 1650 3629 esu,
1689 3544 1768 3628 qua
1799 3519 1936 3618 flores,
1969 3520 2010 3603 δι

341 3707 362 3732 .,
384 3633 491 3723 rani
522 3633 842 3746 benedicuntur,
881 3631 1026 3720 crebris
1056 3632 1363 3749 responsionibus
1393 3635 1501 3722 iuter
1527 3634 1629 3722 lesia
1654 3664 1667 3746 ;
1697 3635 1818 3721 tertio
1862 3635 2011 3723 Oratio

384 3751 636 3864 Dominica,
669 3755 711 3840 in
742 3752 820 3838 fine
850 3753 954 3840 illius
984 3752 1176 3837 orationis
1206 3754 1408 3864 recitata;
1446 3779 1592 3866 quarto
1634 3749 1899 3860 Benedidio,
1939 3752 2006 3839 cui

384 3871 650 3989 premittitur
683 3865 916 3960 Humiliate
941 3899 955 3984 3
985 3870 1130 3983 quinto
1169 3870 1266 3957 illud
1287 3865 1445 3986 sparsa
1478 3902 1551 3961 nus
1580 3903 1633 3959 ex
1663 3873 1827 3977 officio,
1856 3870 1908 3956 ad
1946 3873 2013 3954 be·

386 3987 654 4078 nedicendum
694 4017 843 4104 aquam
889 3989 1117 4105 aspersionis
1156 3987 1446 4104 desumptum,
1483 3994 1620 4077 omnia
1666 3989 2010 4105 GothoHispana

385 4107 506 4195 sunt.
538 4117 643 4228 Qua
673 4132 813 4196 autem
844 4108 1063 4222 sequuntur
1092 4106 1294 4219 usquead
1326 4109 1487 4194 initium
1509 4109 1672 4218 Missa,
1703 4110 1845 4221 quibus
1878 4107 2012 4222 praci-

387 4255 467 4343 pue
496 4228 686 4316 innititur
713 4227 876 4313 assertio
907 4233 952 4313 P.
979 4235 1038 4315 Le
1066 4233 1207 4337 Brun,
1246 4228 1423 4313 sormam
1454 4217 1592 4315 salt'cm
1624 4228 2014 4342 Gotho-Hispanam

272 4367 354 4466 ης
387 4345 672 4433 retinuerunt.
710 4351 824 4434 Nam
864 4344 1010 4431 ultima
1039 4346 1171 4431 oratio
1199 4341 1324 4433 Alme
1350 4367 1478 4462 pater
1513 4345 1764 4459 omnipotens
1791 4340 1880 4434 &a
1922 4373 2013 4459 qua

386 4464 727 4585 GothoHispana
756 4464 919 4550 videtur
952 4464 1002 4550 de
1030 4487 1153 4549 cantu
1190 4489 1328 4580 aperte
1359 4465 1546 4551 meminit
1572 4460 1645 4580 (s)
1676 4526 1687 4550 .
1718 4465 2012 4552 Processronem

386 4611 580 4699 quoque,
623 4610 670 4673 ut
700 4584 992 4701 triumphalem
1022 4582 1170 4670 Christi
1208 4584 1380 4670 Domini
1419 4587 1460 4670 in
1491 4586 1633 4670 urbem
1673 4585 2013 4695 Hierosolymita·

388 4731 483 4790 nam
514 4704 733 4822 ingressum
763 4702 1113 4821 repraesentarent,
1144 4703 1498 4820 Gotho-Hispanos
1528 4703 1763 4813 instituisse,
1793 4701 1911 4788 valde
1930 4731 2017 4789 cre·

273 4828 359 4916 116
390 4821 512 4909 dibile
542 4825 628 4912 est.
658 4833 752 4936 At,
783 4824 915 4938 inquis
935 4828 1175 4935 ,nymnus
1198 4817 1371 4940 gloria,
1404 4817 1516 4928 lates,
1545 4819 1600 4910 Θ·
1626 4816 1754 4910 honor
1775 4823 2017 4911 Gotho-Hi-

387 4942 530 5064 spanus
557 4972 641 5034 non
671 4934 760 5059 est,
782 4971 863 5032 nec
885 4944 988 5034 ritus
1017 4939 1265 5058 percutiendi
1294 4942 1398 5029 sores
1428 4939 1574 5029 clausas
1604 4942 1789 5033 Ecclesia
1817 4941 2016 5148 amiffi

285 5297 289 5304 ·
432 5259 491 5348 (a)
514 5257 552 5323 In
574 5254 694 5324 Mill'ali
717 5256 829 5323 nostro
853 5275 970 5345 pam.
994 5251 1053 5318 lin.
1063 5274 1118 5337 93·
1138 5255 1170 5322 dt
1273 5256 1331 5340 (ts)
1353 5251 1539 5320 Concilium
1550 5250 2015 5335 Cojacenseann.ro56can.r.'

388 5363 545 5433 pagaay.
561 5342 680 5426 liu.89.
693 5347 745 5411 hic
763 5342 856 5411 locate
869 5347 972 5434 paulo
993 5341 1092 5407 aliter
1120 5340 1171 5406 le·
1229 5345 1284 5414 Ad
1306 5363 1407 5409 omnes
1422 5344 1550 5435 Mr‘ffct,
1577 5366 1644 5409 crem
1671 5345 1828 5409 Diaconos
1858 5347 2012 5420 discer‘t,

390 5431 503 5519 gitur,
530 5430 579 5498 lta
594 5444 705 5500 tamen
728 5433 902 5521 legendum
917 5436 978 5498 else
990 5450 1088 5505 reor,
1111 5451 1168 5494 cur
1229 5429 1315 5494 iuter
1330 5453 1390 5497 sos
1406 5452 1516 5517 pacem
1530 5432 1652 5496 tradite
1663 5474 1673 5504 ‚
1686 5435 1829 5500 omnibus
1840 5436 1937 5498 intre
1949 5437 2016 5500 Ec·

387 5525 476 5594 enim
490 5520 647 5590 Sacerdos
660 5523 868 5598 Diaconum,
889 5539 948 5588 aut
960 5540 1097 5608 puerum
1118 5519 1171 5583 al·
1230 5521 1350 5606 eleficte
1371 5522 1555 5607 stantibus,
1583 5525 1670 5612 pacit
1698 5521 1836 5611 clinicae
1875 5526 2016 5592 invicem

389 5609 554 5694 loquens,
578 5625 692 5676 utatur
706 5630 843 5677 numero
857 5607 1089 5692 multitudinis
1099 5613 1171 5678 iic·
1229 5608 1402 5678 tristatur
1418 5653 1428 5673 .

387 5699 463 5770 dcte
485 5705 514 5770 et
532 5701 705 5789 eptlsstt'r,
727 5721 792 5767 non
809 5713 948 5790 apparet
961 5696 1081 5766 causa.
1272 5704 1329 5788 (e)
1354 5698 1438 5763 Vide
1454 5713 1551 5783 uotae
1564 5718 1717 5787 pag-512.
1731 5698 1833 5765 colu.

431 5792 493 5882 (b)
518 5793 596 5877 Pag-
609 5812 684 5868 540·
708 5790 774 5856 col.
787 5809 816 5853 r.
1273 5792 1329 5885 (0
1351 5785 1480 5855 ,Miffale
1497 5788 1707 5854 mozarabum
1719 5808 1874 5874 pagam.
1888 5791 2013 5871 lim.

434 5884 488 5971 (c)
512 5886 546 5945 S.
561 5879 707 5944 Isidorus
736 5877 769 5945 iu
798 5876 891 5966 episi.
916 5877 958 5941 td
982 5874 1108 5944 Ludisr.
1130 5877 1171 5943 de
1231 5879 1259 5942 dc
1283 5882 1364 5946 int'rt
1386 5876 1499 5958 lin.5t.
1515 5881 1554 5942 ost
1568 5883 1623 5943 bre
1642 5924 1650 5946 ,
1676 5902 1728 5944 not
1746 5881 1868 5962 'uiliter’
1890 5884 1959 5954 cias
1978 5883 2017 5949 iv

386 5969 545 6125 Diacoqo
569 5968 642 6054 ait,
667 5968 732 6066 ipsc
749 5975 846 6041 derat
863 5987 998 6067 pectre,
1021 5967 1084 6065 ipsc
1110 5987 1173 6039 ee·
1235 5970 1357 6046 leole.
1378 5989 1448 6038 tutu
1462 5970 1914 6050 torctaertrr'erorccrerrer,
1929 5973 2010 6066 &a
2033 6013 2035 6015 .

384 6063 507 6133 Quis!
540 6092 551 6125 e
