4450 7209
301 712 372 809 rad
472 685 484 691 η
508 708 522 721 “’
570 710 710 790 FERIA
735 709 797 782 VI.
822 704 1065 782 DOMiNlCE
1092 702 1261 782 Tentis
1288 702 1699 798 annnncssinns

293 811 449 915 precepti
474 811 671 912 evangelici
698 832 865 882 memores
888 806 1072 882 offeramus
1090 829 1100 873 a
1150 824 1283 878 tantem
1296 803 1476 881 substantia
1496 808 1638 882 deitatis
1651 805 1816 880 invenite
1840 806 1878 878 dt
1896 824 1975 883 cnm
1995 831 2019 904 5:

295 941 367 990 non
381 913 479 988 vultu
494 913 551 983 sed
564 910 667 984 corde
683 906 871 980 contritos
900 929 971 978 uon
987 904 1100 976 homi·
1151 901 1235 974 nihil
1256 900 1375 977 falsum
1402 905 1566 984 fislumve
1587 905 1763 1003 perpatuit
1790 931 1800 970 s
1828 901 1973 979 fallenti

294 1015 392 1087 nibus
406 1031 625 1106 appareamus
648 1010 842 1092 ieiunantes
869 1001 1097 1087 ssedDomi·
1147 1000 1236 1076 facta
1251 1004 1298 1074 eli
1324 1005 1453 1082 veritas
1468 1003 1754 1099 ipsatonfufio.
1781 1002 1860 1098 lpse
1887 1003 1974 1077 esu·

293 1136 342 1186 no
375 1140 384 1181 a
412 1131 476 1181 nec
505 1108 730 1203 ipocritarum
759 1127 858 1177 more
880 1101 1000 1177 faciem
1029 1125 1094 1177 no·
1147 1099 1308 1176 rientiunt
1322 1100 1417 1173 cibus
1431 1102 1548 1177 esuriit
1575 1131 1584 1173 a
1610 1100 1685 1199 ipse
1701 1102 1817 1176 inanes
1832 1100 1969 1176 animas-

294 1213 389 1284 liram
416 1204 519 1280 tristia
549 1199 688 1298 squalor
701 1202 933 1276 exterminet:
951 1200 1007 1273 sed
1025 1223 1102 1279 cum
1153 1198 1286 1273 satiabit
1301 1200 1334 1272 in
1348 1200 1405 1274 sna
1423 1203 1611 1277 eternitate
1626 1201 1788 1297 perennis
1812 1231 1823 1271 s
1844 1204 1882 1274 dc
1899 1222 1968 1295 pro

293 1305 466 1382 tribulato
486 1305 595 1378 corde
626 1295 800 1378 exultatio
828 1323 913 1394 pura
930 1294 1102 1373 letificet.
1151 1300 1265 1374 nostra
1279 1297 1541 1374 immortalitate
1564 1298 1741 1374 mortalis.
1767 1297 1838 1373 Cni
1857 1301 1966 1370 meri·
1988 1305 2019 1377 6<

292 1407 340 1479 Ut
355 1402 554 1475 intrinsecus
572 1397 713 1473 humiles
730 1402 789 1475 r&
817 1397 1028 1472 extrinsecus
1045 1397 1101 1472 hi·
1152 1415 1193 1472 to
1207 1420 1328 1472 omnes
1341 1397 1457 1496 angeli
1482 1397 1726 1498 &archangeli
1742 1422 1812 1475 non
1834 1399 1971 1469 celssnn

291 1499 380 1576 lares
395 1499 560 1587 jejunium
576 1497 680 1594 quale
707 1498 779 1594 ipse
792 1497 962 1576 Dominus
975 1518 1100 1594 prece·
1148 1494 1293 1570 clamare
1308 1497 1463 1592 qnotidie
1486 1522 1551 1569 una
1565 1520 1656 1576 voce
1683 1499 1864 1572 dicentes.

291 1598 346 1694 pit
360 1596 559 1694 impleamus
574 1645 584 1668 ·
612 1612 661 1693 lle.
675 1599 787 1672 Amen
802 1644 815 1668 .
1197 1608 1247 1688 ¹32·
1260 1598 1424 1671 sandius.
1440 1595 1580 1670 sarnus
1596 1645 1607 1668 .
1622 1595 1788 1670 sanetus.
1888 1616 1890 1620 ·

223 1744 268 1795 ,ο
565 1698 655 1769 Alia
673 1699 818 1769 Oratio·
854 1740 860 1750 ,
1418 1689 1497 1775 ‘Post
1523 1696 1685 1767 Sassiae.

404 1792 607 1889 Mnipotens
645 1793 850 1887 sempiterne
874 1790 973 1863 Deus
1000 1817 1010 1860 t
1037 1792 1096 1888 qui
1252 1790 1318 1863 Ere
1332 1790 1462 1867 sandius
1478 1818 1488 1859 a
1504 1817 1589 1866 vere
1615 1790 1960 1868 benedittusDomi·
1984 1801 2019 1891 65

126 1977 138 1989 ³
413 1916 476 1966 nos
505 1890 707 1969 humilitatis
750 1894 896 1968 formam
922 1892 1094 1985 exemplis
1265 1889 1961 1969 nusnollerlesusChristusfiliustuus.

286 1991 456 2091 unigeniti
478 1986 528 2063 sni
551 1990 693 2065 docuisli
715 2014 726 2056 t
752 2006 791 2063 ut
814 1991 910 2083 qnod
929 1985 988 2059 ille
1011 1991 1102 2077 jeju·
1150 1987 1221 2075 Qi
1251 1989 1352 2064 uobis
1379 2009 1544 2085 precepta
1567 1988 1727 2066 salutaris
1758 1989 1964 2065 abstinentie

93 2166 99 2177 ,
286 2091 426 2167 niorum
450 2089 706 2166 continuatione
719 2086 911 2182 complevit
929 2113 939 2154 t
955 2109 1019 2160 nos
1035 2113 1098 2184 per
1149 2086 1258 2160 dedita
1272 2111 1336 2182 per
1351 2111 1453 2184 quem
1469 2087 1628 2174 adjunsla
1646 2086 1839 2164 orationes
1857 2089 1893 2160 ἃ
1911 2089 1964 2161 in·

221 2229 263 2303 ¹5
287 2189 420 2264 dierum
435 2206 549 2282 partes
575 2191 612 2262 &
627 2183 813 2261 intervalla
841 2185 968 2258 virium
983 2185 1096 2261 imite·
1148 2185 1264 2258 cursus
1281 2188 1463 2264 demonum
1489 2185 1692 2284 pelleremus
1707 2214 1718 2257 a
1732 2188 1769 2260 dt
1784 2186 1962 2261 emundari

241 2283 244 2290 ’
286 2311 390 2362 mur.
413 2286 468 2358 Da
492 2284 673 2379 quesumus
699 2286 811 2359 nostre
838 2281 1018 2383 fragilitati
1036 2287 1097 2360 fir·
1147 2284 1274 2355 avitiis
1291 2283 1324 2356 in
1339 2283 1569 2359 funditate&
1586 2285 1960 2383 justicia-serviremus
1982 2315 2019 2388 7⁰

287 2386 441 2460 mitatem
467 2408 477 2452 s
499 2387 543 2458 da
559 2383 706 2458 inlirmis
720 2382 900 2457 conatibus
917 2382 1099 2459 erectum.
1147 2378 1215 2476 lpn
1227 2383 1384 2458 Domino
1402 2387 1698 2480 Redemptorique
1715 2385 1863 2460 nostro.
1956 2410 1961 2443 ··

286 2484 336 2557 Ut
358 2479 502 2556 exclusis
530 2480 787 2580 cogitationum
815 2477 998 2554 carnalium
1023 2483 1099 2556 sna·
1355 2479 1579 2579 Postprt'die.
1602 2487 1739 2557 oratis.

177 2636 179 2641 ,
287 2575 388 2656 deliis
403 2606 413 2648 s
428 2578 593 2676 placabile
608 2580 672 2652 tibi
694 2577 839 2653 contriti
853 2576 967 2653 cordis
989 2577 1095 2655 holo·
1254 2579 1418 2655 Escendat
1432 2581 1587 2654 Domine
1602 2584 1646 2654 de
1668 2581 1802 2655 sedibus
1816 2581 1962 2657 tnisbeo

214 2719 262 2773 20
286 2679 433 2754 caulium
461 2678 497 2750 in
536 2681 683 2755 odorem
714 2675 894 2751 suavitatis
923 2674 1096 2755 valeamus
1268 2679 1421 2754 nedidio
1448 2699 1530 2757 tuas
1553 2680 1799 2771 quamnonri
1828 2680 1949 2766 jejunii

285 2778 440 2853 offerre.
472 2791 521 2874 ξι.
537 2780 676 2850 Amen·
1145 2773 1280 2853 oblatio
1303 2778 1536 2850 sandificetur
1566 2803 1575 2847 t
1608 2780 1642 2848 dr
1658 2798 1693 2848 te
1714 2780 1780 2854 hec
1796 2774 1956 2853 libamina
1978 2807 2017 2887 75

563 2871 642 2957 ‘Pori
653 2873 811 2946 nomina.
1144 2873 1404 2951 benedicentes
1420 2877 1519 2948 nobis
1532 2874 1736 2953 sanctificata
1755 2875 1957 2953 sumantur.

395 2970 535 3067 Eusqui
562 2972 680 3047 sanare
699 2970 856 3046 omnibus
884 2971 998 3046 modis
1012 2996 1093 3070 pec·
1191 2986 1241 3069 132·
1253 2979 1385 3049 Amens

401 3086 478 3146 cata
493 3068 613 3167 populi
637 3069 688 3142 tui
717 3066 859 3163 cupiens
874 3094 884 3137 a
901 3072 1091 3146 observan·
1188 3077 1252 3146 Ad
1262 3072 1515 3161 confesssionem
1540 3075 1638 3166 panis
1652 3073 1769 3163 Antis.
1785 3071 1863 3147 Fiat
1890 3069 1957 3146 ni«

209 3212 255 3287 ²5
281 3170 363 3246 tiam
401 3168 613 3256 ieiuniorum
643 3168 821 3243 sanitatem
856 3172 1089 3256 ieiunantium
1138 3166 1324 3248 sericordia
1350 3191 1408 3244 rua
1423 3170 1577 3244 Domine
1604 3169 1705 3269 super
1732 3196 1798 3248 nos
1827 3199 1838 3243 a
1864 3170 1951 3245 neus

277 3275 346 3344 ell'e
373 3268 485 3343 dixilli
506 3314 519 3337 ·
541 3269 648 3342 Dant
674 3267 842 3352 ieiunium
870 3269 1020 3343 nostrum
1047 3270 1090 3344 lit
1138 3266 1349 3366 speravimus
1366 3270 1401 3340 in
1420 3289 1485 3342 te·
1973 3280 2010 3357 80

276 3373 313 3441 dr
328 3365 475 3442 salvatio
488 3366 676 3440 animarum
706 3392 717 3434 s
742 3363 989 3440 &humiliatio
1006 3390 1090 3441 cor·
1285 3369 1347 3438 Aa
1374 3371 1557 3440 orationem
1574 3371 1808 3444 Dominicarsr.

277 3490 406 3562 porum
420 3500 429 3540 t
443 3469 478 3538 &
495 3468 631 3538 veniam
643 3462 799 3537 obtineat
823 3465 975 3539 omnium
1002 3467 1090 3541 deli·
1231 3468 1339 3545 Xaudi
1354 3464 1507 3540 Domine
1534 3490 1659 3540 vocem
1683 3471 1793 3562 precis
1810 3468 1952 3543 nostres

278 3564 448 3639 trorum.
483 3566 602 3657 Atque
631 3561 679 3634 ira
711 3559 995 3659 exhomologesrs
1023 3563 1089 3636 hec
1240 3568 1276 3638 &
1302 3567 1402 3650 huius
1442 3563 1564 3651 jejunii
1605 3569 1709 3640 noslri
1751 3569 1948 3645 litationem

208 3700 256 3775 30
279 3661 413 3756 populo
430 3680 493 3733 tuo
507 3661 757 3757 prolittutpro
769 3661 928 3732 universe
942 3661 1087 3735 Ecclelie
1137 3663 1316 3758 propicius
1342 3686 1522 3757 acceptare
1548 3664 1719 3760 dignare.
1748 3675 1833 3760 Quo
1857 3666 1948 3737 sem·

276 3759 438 3835 membris
457 3761 493 3830 &
507 3783 575 3855 pro
598 3755 704 3831 totius
720 3759 836 3830 mundi
852 3780 1006 3853 corpore
1022 3760 1087 3833 tibi
1137 3783 1200 3856 per
1217 3778 1252 3833 te
1269 3761 1459 3854 propicium
1485 3763 1668 3835 habeamus
1694 3789 1812 3858 =‚cnm
1832 3782 1869 3836 te
1891 3789 1949 3859 pa·
1972 3772 2004 3862 85

276 3854 509 3954 supplicantes
533 3856 783 3930 exaudiamur.
824 3861 878 3929 Ac
908 3859 990 3933 dnm
1021 3880 1088 3953 pto
1138 3877 1225 3933 trem
1243 3860 1420 3955 piissimum
1447 3859 1725 3940 invocaverimus
1743 3892 1753 3935 t
1769 3864 1815 3941 ira
1832 3860 1950 3934 dicen·

275 3956 433 4034 omnibus
460 3978 580 4052 preces
605 3951 808 4029 effundimus
836 3981 847 4024 s
875 3951 1017 4032 salutem
1034 3958 1089 4030 vi·
1140 3975 1219 4030 tes.
1246 3962 1349 4033 l'ater
1373 3957 1517 4031 noller.

274 4056 435 4132 venrium
461 4087 470 4124 ι
493 4055 699 4148 &requiem
723 4052 963 4128 defunctorum
986 4057 1090 4152 impe·
1188 4059 1289 4127 Dicat
1303 4051 1631 4132 PressaHumiliate
1646 4085 1714 4134 vos
1729 4062 1949 4142 benedictio·

208 4186 253 4263 35
277 4170 371 4227 trare
384 4152 513 4231 facilius
527 4171 746 4228 mereamur·
773 4164 823 4248 ¹5²·
836 4157 976 4226 Amen.
1046 4221 1051 4227 ,
1137 4149 1200 4226 ni.
1224 4153 1394 4227 Dominus
1413 4154 1454 4227 lit
1469 4155 1602 4250 semper
1616 4161 1821 4236 vobiscum.

1328 4270 1457 4328 (Clim-

497 4352 559 4422 Ad
572 4347 868 4445 pacem-Oratio·
1236 4254 1324 4345 Μ
1815 4339 1831 4377 s
1972 4284 2011 4358 9⁰

393 4447 534 4520 Anobis
549 4447 724 4539 quesumus
736 4444 956 4540 omnipotens
968 4445 1086 4524 Densa
1431 4453 1644 4526 Benediliio.

399 4548 609 4634 jejuniorum
637 4541 820 4640 magnilica
854 4543 1085 4621 sacramenta:
1248 4544 1480 4646 Mnipotentis
1490 4551 1631 4624 Domini
1646 4578 1713 4629 vos
1735 4557 1848 4656 gratia
1865 4578 1949 4655 pro··

205 4679 255 4755 40
277 4653 313 4723 δι
339 4647 453 4744 dignis
481 4644 613 4739 semper
642 4638 792 4717 tradare
812 4642 983 4737 myileriis
1012 4673 1022 4714 s
1050 4648 1086 4720 &
1140 4554 1232 4738 O
1263 4669 1362 4746 tegat
1385 4680 1394 4719 t
1417 4650 1608 4743 famemque
1634 4657 1775 4728 vestram
1793 4657 1940 4754 spiritali

275 4747 369 4845 puris
386 4743 600 4841 pacificisque
624 4740 816 4845 precordiis
832 4737 1036 4816 celebrare.
1081 4775 1085 4783 ⁴
1136 4750 1214 4820 cibo
1230 4749 1451 4842 reficiamm.
1467 4754 1947 4850 Amen.Sitimqnoqueve·
1968 4772 2007 4849 95

327 4861 377 4942 132.
390 4847 530 4916 Arnen·
1135 4849 1235 4921 liram
1249 4847 1381 4928 iusticie
1397 4846 1589 4920 fluminibus
1611 4849 1741 4950 inriget
1774 4881 1783 4919 ε
1806 4875 1944 4949 atquo

609 4938 756 5013 inlatio.
1135 4967 1267 5018 novum
1278 4944 1467 5018 dulcedinis
1483 4945 1539 5018 sue
1554 4949 1671 5026 animis
1685 4955 1805 5025 vestris
1825 4953 1942 5030 infun·

389 5041 513 5137 lgnnm
536 5039 571 5110 &
584 5040 703 5123 iulium
719 5038 766 5108 est
791 5063 854 5113 nos
868 5036 931 5113 tibi
952 5038 1084 5138 gratias
1133 5044 1194 5115 dat
1208 5042 1391 5139 saporem.
1419 5057 1467 5141 132·
1484 5049 1620 5118 Amen.
1649 5053 1696 5122 Ut
1725 5070 1793 5124 tam
1805 5073 1941 5130 carnes

205 5166 252 5243 45
397 5163 502 5234 agere
515 5137 667 5210 Domine
691 5133 804 5209 sande
831 5143 935 5213 Patet
961 5159 1082 5214 eterne
1135 5142 1281 5216 contriti
1299 5168 1309 5209 a
1327 5168 1427 5238 quarn
1442 5143 1565 5238 spiritu
1594 5146 1763 5224 vivificati
1795 5176 1804 5214 s
1835 5152 1937 5226 abeo

277 5243 498 5334 omnipotens
514 5237 608 5307 Deus
623 5265 632 5306 a
648 5257 709 5329 per
721 5230 832 5311 lesum
845 5236 1016 5311 Christum
1042 5242 1083 5312 fi·
1132 5241 1326 5315 mereamini
1341 5241 1453 5315 celesti
1468 5243 1565 5316 dono
1584 5244 1732 5341 repleri.
1750 5259 1799 5341 132.
1814 5254 1942 5323 Amen.
1971 5257 2019 5317 10⁰

274 5336 361 5413 lium
386 5358 481 5407 tuum
498 5333 684 5408 Dominum
723 5332 869 5407 nostrum
898 5378 909 5401 ·
936 5336 1007 5425 Qui
1034 5337 1083 5407 est
1134 5339 1203 5409 Per
1228 5336 1491 5415 misericordiam
1522 5341 1624 5434 ipsrus
1649 5347 1718 5416 Dei
1752 5349 1940 5423 nostri'&c·

194 5487 195 5490 ,
275 5443 409 5512 veritas
421 5480 433 5503 .
447 5432 552 5506 Vita.
578 5431 789 5526 Principium
802 5477 813 5500 ·
826 5431 977 5503 Verbum
992 5434 1077 5505 .·Sa·
1129 5432 1300 5511 Dominus
1314 5441 1355 5511 fit
1368 5439 1500 5532 semper
1513 5441 1685 5517 vobiscum
1700 5491 1710 5514 ·
1726 5447 1819 5539 hedit
1835 5469 1911 5526 cunt
1930 5493 1942 5518 .

276 5533 406 5631 pientia
421 5581 432 5603 .
459 5529 670 5608 Plenitudo.
697 5530 924 5602 innocentia·
950 5529 1077 5603 Chari·
1177 5537 1241 5606 ord
1252 5541 1459 5609 accedentes.
1474 5538 1543 5623 Qui
1563 5543 1659 5615 venit
1677 5548 1788 5616 adme
1808 5590 1819 5613 .

209 5660 256 5732 50
278 5653 353 5708 tas.
379 5636 477 5705 Lux.
505 5632 554 5702 Ex
568 5633 732 5725 assumpto
748 5624 915 5700 dilectus:
942 5625 977 5698 in
980 5653 1076 5799 tpro·
1176 5637 1362 5708 communio
1380 5683 1390 5706 .
1414 5633 1600 5729 Repletnm
1616 5641 1664 5712 est
1690 5643 1851 5739 gaudium
1869 5666 1940 5717 no·

210 5748 215 5755 ’
278 5737 357 5829 prio
372 5727 772 5829 gloriosusAEremplum
787 5726 972 5823 patientie·
1013 5752 1079 5803 on·
1129 5732 1258 5806 strum.
1903 5756 1905 5760 ·
1968 5744 2016 5818 105

277 5836 371 5905 ditor
397 5829 574 5922 discipline
592 5879 603 5902 .
633 5828 787 5901 Esuriens
801 5849 868 5900 non
898 5828 988 5902 same
1005 5850 1080 5898 nm·
1177 5834 1317 5905 oratio.
1334 5831 1444 5928 Reple
1462 5833 1615 5910 Domine
1628 5860 1691 5911 cor
1705 5841 1887 5914 nostrum.

277 5930 388 6002 bratili
406 5955 414 5992 ε
435 5932 489 5999 sed
504 5931 637 6003 humani
653 5928 850 6000 necessitate
862 5925 1004 6014 jeiuniis
1020 5923 1078 5998 ubi
1177 5940 1292 6041 Qere
1304 5947 1396 6004 retro
1422 5936 1457 6007 in
1486 5943 1514 6005 Ι.
1530 5939 1702 6011 noniano
1724 5938 1933 6046 Qadragefi.

277 6047 372 6101 certa
387 6028 429 6100 ad
453 6030 656 6106 desiderium
679 6026 775 6122 panis
790 6025 985 6101 ambitione
1003 6042 1080 6099 ten·
1121 6025 1209 6116 folio
1225 6035 1370 6104 rrchrr.
1937 6076 1940 6085 ·
