4450 7209
308 659 429 766 m
688 693 766 770 ru
813 689 941 770 nts
991 682 1583 770 rsusscosrus.

313 812 371 869 tur
399 819 409 862 ε
437 793 622 873 dummodo
645 820 729 870 unus
758 796 800 868 sit
824 791 882 867 ille
912 791 970 884 qui
1000 792 1113 866 credi·
1164 789 1255 863 tibus
1273 790 1391 869 choris
1421 816 1431 859 s
1459 789 1602 887 perenni
1625 787 1834 881 iubilatione
1846 791 1975 866 decan-
2022 817 2055 893 55

314 910 373 967 tur
397 939 408 962 ·
432 896 659 972 obsecramus
697 892 807 990 igitur
837 891 991 967 Domine
1032 918 1042 961 s
1073 909 1112 966 ut
1162 906 1273 964 tanta
1303 893 1450 967 adorant
1477 916 1487 958 r
1514 908 1617 986 atque
1640 891 1868 1063 magnificant
1892 919 1902 960 ε
1929 893 1976 970 ita

309 990 375 1063 bec
409 997 521 1068 nostra
549 993 717 1067 conscisio
755 992 800 1063 de
829 991 991 1065 cordibus
1019 987 1111 1064 lilio·
1164 990 1316 1065 diceutes
1353 993 1451 1087 sus
1466 994 1693 1069 crosmsm
1730 989 1974 1067 nnuman.

307 1113 381 1166 rum
396 1092 624 1183 promissionis
640 1091 757 1165 emilia
786 1118 796 1159 t
828 1089 890 1161 tibi
910 1091 1015 1163 Pater
1030 1087 1111 1183 glo·
1161 1086 1330 1164 sanum.

258 1221 278 1291 5
309 1189 358 1261 rie
381 1187 511 1283 semper
537 1211 676 1283 accepta
710 1190 753 1260 sit
780 1218 789 1258 t
815 1187 850 1257 dt
877 1187 919 1258 ad
943 1186 1109 1280 sperande

304 1309 343 1359 ac
368 1287 598 1377 promerenda
623 1311 663 1358 ea
689 1308 754 1378 que
769 1288 836 1360 tuis
851 1281 1007 1357 fidelibus
1022 1308 1108 1379 pro·
1428 1277 1506 1367 Post
1533 1281 1701 1356 sanstus.
2003 1288 2047 1359 60·

305 1384 419 1462 misisti
446 1409 457 1454 a
482 1383 594 1456 sensus
621 1384 757 1458 nostros
770 1381 879 1458 divini
896 1382 1047 1475 Spiritus
1061 1382 1111 1454 in-

304 1483 438 1559 sufione
469 1481 651 1556 benedicas
673 1500 777 1575 etque
808 1479 994 1557 sanctifices
1021 1481 1110 1554 .s’f·
1264 1474 1329 1551 Ere
1354 1473 1487 1553 sendus
1517 1477 1616 1554 Deus
1656 1480 1763 1557 Peter
1787 1526 1799 1551 .
1826 1478 1972 1556 Sanun·

301 1581 376 1656 susa
415 1580 543 1655 etenim
583 1582 626 1653 ad
666 1580 812 1655 uollram
855 1576 1108 1676 indulgentiam
1281 1575 1478 1674 unigenitus
1508 1575 1613 1652 Filius
1638 1604 1648 1647 t
1673 1574 1806 1653 sendur
1832 1600 1973 1674 qnoque

230 1711 275 1766 ιο
301 1698 363 1756 tut
383 1678 497 1776 glorie
520 1675 682 1776 largitate
715 1678 806 1751 inter
833 1673 1010 1750 innumere
1040 1678 1109 1755 do·
1160 1698 1247 1750 unut
1275 1673 1448 1771 utriusque
1463 1675 1640 1771 Spiritus·
1667 1677 1778 1764 Hujus
1804 1677 1977 1753 ccccvin·

301 1802 345 1851 ne
378 1797 480 1872 atque
518 1799 626 1870 opera
666 1773 780 1853 sancti
818 1776 965 1872 Spiritus
990 1802 1000 1844 c
1026 1772 1111 1849 nihil
1161 1793 1238 1848 tute
1267 1771 1480 1849 inestimabili
1513 1773 1675 1848 discurrit
1695 1774 1973 1872 Evangeliorum
1998 1783 2039 1873 65

298 1874 475 1950 sublimius
504 1873 650 1948 Ecclesie
667 1873 820 1948 exordiis
838 1870 1013 1949 conlatum
1025 1871 1110 1947 fuis·
1161 1890 1241 1947 toto
1270 1872 1358 1946 orbe
1384 1871 1575 1947 ardentium
1600 1873 1764 1970 quadrigr
1779 1893 1969 1949 rotarume

299 1975 335 2048 se
373 1971 616 2070 cognoscimur
640 1997 652 2041 a
676 1990 776 2066 quam
822 1990 863 2043 ut
903 1971 1103 2066 preconium
1153 1972 1395 2064 rediorumqne
1434 1971 1759 2069 flammigerantium
1814 1969 1964 2045 rutilans

298 2070 472 2170 evangelii
507 2069 560 2144 tui
601 2093 663 2143 ora
708 2066 835 2168 linguis
870 2068 1103 2145 universarum
1153 2066 1348 2168 fulgoribus
1383 2069 1456 2142 axis
1482 2070 1635 2167 gestatur
1663 2066 1857 2162 animalium
1899 2070 1968 2143 cir·

226 2199 271 2272 15
300 2172 459 2271 gentium
484 2166 710 2261 loquerentur
738 2214 750 2239 .
775 2166 819 2242 Et
844 2166 914 2240 boc
943 2190 1012 2238 non
1043 2167 1105 2241 nisi
1154 2187 1362 2262 cumquaque
1400 2167 1605 2262 corporibus
1636 2165 1786 2240 oculatis
1813 2213 1824 2236 .
1848 2167 1963 2252 Cujus

298 2266 574 2362 SanffiSpiritus
601 2264 651 2339 tui
696 2261 977 2340 ratiarevelaute
1009 2263 1105 2363 equi
1156 2266 1191 2339 iu
1221 2283 1375 2341 rotarum
1398 2267 1518 2360 auriga
1546 2264 1617 2359 ipse
1635 2264 1711 2337 vite
1737 2265 1878 2360 spiritur
1893 2286 1964 2339 ma·
1992 2293 2034 2369 70

296 2362 648 2462 nobisposiResurre
688 2363 774 2438 ionis
801 2358 864 2435 filii
890 2361 939 2433 tui
956 2357 1102 2459 glorium
1154 2388 1238 2437 nens
1264 2391 1275 2431 e
1303 2363 1446 2457 proprie
1490 2360 1670 2457 potestatis
1695 2362 1848 2458 imperio
1879 2387 1966 2434 cun·

298 2463 476 2539 transadis
501 2459 634 2558 septem
660 2459 930 2535 bebdomadibus
965 2463 1065 2535 venit
1092 2485 1103 2530 r
1155 2460 1245 2540 ctum
1275 2458 1418 2544 subjecit
1442 2459 1568 2532 Christi
1591 2459 1734 2552 pedibus
1761 2464 1963 2534 mundum:

298 2564 478 2635 oslendenr
499 2559 596 2652 quod
608 2557 670 2631 eeu
700 2558 907 2656 septiformis
935 2557 984 2630 est
1013 2574 1023 2622 r
1052 2574 1104 2632 ta·
1153 2561 1280 2636 divinis
1323 2556 1453 2632 scilicet
1502 2556 1686 2649 perhibens
1729 2556 1963 2632 testimouium

219 2685 269 2741 ao
299 2680 378 2734 men
400 2659 438 2731 in
463 2679 537 2730 uno
562 2657 674 2752 gradu
709 2657 863 2732 omnium
887 2660 1103 2731 concordan-
1153 2657 1343 2733 uirtutibus
1366 2653 1475 2730 Patris
1488 2655 1672 2751 unigenito
1698 2657 1816 2731 Verbo
1835 2685 1847 2724 e
1869 2657 1964 2749 quod

300 2754 384 2832 tiuui
408 2755 469 2830 sibi
495 2755 665 2830 virtutum
690 2751 815 2830 summa
837 2752 987 2829 condilit
1011 2801 1022 2824 .
1048 2758 1104 2828 Ae
1154 2778 1237 2832 caro
1260 2754 1385 2832 sadum
1409 2753 1458 2825 est
1485 2780 1495 2822 e
1520 2757 1557 2826 dt
1573 2752 1742 2828 habitavit
1767 2755 1802 2827 in
1829 2754 1961 2827 nobis.
1988 2777 2027 2855 75

133 2911 141 2944 s
295 2856 385 2930 sicut
423 2853 555 2948 septem
595 2873 698 2929 unum
720 2852 917 2926 innumeris
941 2851 990 2924 est
1017 2880 1027 2923 e
1058 2852 1104 2925 sic
1153 2855 1233 2930 Hoc
1259 2857 1307 2928 esl
1331 2850 1415 2925 illud
1445 2851 1580 2945 paterni
1625 2850 1782 3019 piqnoris
1823 2853 1889 2926 fibi
1920 2852 1962 2924 fi·
2000 2947 2002 2950 v

297 2951 435 3047 septem
461 2950 686 3025 inveniuntur
713 2952 747 3023 in
762 2946 903 3048 singulis
930 2995 941 3018 .
965 2949 1012 3022 lli
1027 2950 1103 3021 sunt
1153 2948 1231 3029 mile
1261 2973 1382 3026 munus
1408 2952 1536 3042 equod
1573 2946 1608 3020 se
1649 2951 1755 3026 filum
1784 2948 1961 3045 pollicitus

297 3047 371 3121 fine
398 3046 507 3123 dubio
547 3048 678 3144 septem
709 3051 831 3147 gradus
870 3045 990 3141 templi
1017 3046 1102 3133 tuis
1154 3052 1269 3126 suerat
1299 3044 1590 3122 transmissurum:
1615 3049 1694 3122 dum
1718 3049 1797 3125 suos
1822 3051 1864 3120 ad
1895 3048 1958 3120 Pa·

218 3174 267 3248 ²5
297 3170 362 3244 per
388 3169 476 3238 quos
505 3147 547 3219 ad
575 3143 726 3225 celorum
770 3166 877 3242 regua
905 3143 1105 3221 conscendi·
1155 3169 1247 3223 trem
1265 3148 1400 3223 rediens
1426 3146 1742 3238 orphanosdiceret
1757 3144 1951 3219 nullatenus

299 3263 356 3319 tur
390 3292 403 3314 .
442 3242 511 3316 Hic
539 3244 586 3314 est
615 3243 911 3342 quinquagefimus
938 3243 1105 3317 remiffio·
1152 3245 1397 3341 relinquendos
1424 3289 1435 3311 .
1467 3243 1506 3312 ln
1532 3241 1754 3329 ejurscilicet
1783 3243 1956 3339 presentia
1983 3244 2023 3320 80

298 3341 353 3416 nis
377 3364 486 3417 annus
512 3338 599 3413 olim
629 3344 663 3414 in
681 3339 769 3440 legis
799 3334 1006 3436 tropologiis
1023 3362 1103 3434 pre·
1150 3344 1243 3419 suam
1273 3341 1447 3435 Patrisque
1475 3341 1604 3415 docens
1642 3343 1821 3434 consistere
1851 3346 1956 3425 maie·

296 3439 431 3516 dicatus
464 3440 565 3512 .Hic
591 3440 639 3514 est
679 3438 808 3511 frudus
833 3437 944 3514 nem·
966 3459 1060 3512 noue
1090 3465 1100 3508 a
1154 3445 1304 3517 statem·
1329 3443 1407 3514 Hoc
1447 3435 1526 3510 illud
1570 3459 1782 3535 unguentum
1814 3443 1861 3512 est
1889 3463 1960 3533 quo

296 3539 356 3633 qui
387 3536 494 3613 hodie
524 3539 705 3610 mandatur
738 3536 861 3611 offerti
886 3581 897 3604 ·
920 3532 992 3622 Qi
1019 3531 1101 3609 litet
1152 3564 1218 3638 pre
1244 3537 1459 3615 consortibus
1477 3535 1597 3609 undiur
1614 3539 1661 3610 est
1687 3538 1844 3609 Cbrillus
1860 3564 1880 3611 a
1897 3541 1960 3610 Pa·

215 3662 265 3741 30
298 3654 381 3710 ante
414 3633 527 3711 omnis
554 3632 664 3707 secula
689 3631 820 3732 semper
853 3650 996 3720 eternus
1025 3631 1101 3706 site
1153 3657 1208 3710 tec
1236 3685 1248 3706 .
1275 3635 1449 3730 Cuiusque
1475 3654 1576 3709 vetus
1604 3633 1687 3710 illud
1723 3635 1844 3713 crisma
1881 3658 1960 3729 pte·

299 3753 412 3810 tamen
442 3730 542 3808 nobis
570 3756 580 3798 a
605 3753 680 3805 cum
719 3730 867 3806 innotuit
895 3755 904 3799 =
932 3749 1013 3804 tunc
1035 3754 1103 3805 no·
1154 3736 1319 3811 tendebat
1359 3731 1477 3829 figuris
1520 3732 1772 3807 transeuntibus
1831 3734 1958 3807 verita·
1985 3735 2025 3826 85

295 3855 362 3907 vus
390 3832 533 3907 effcsius
561 3831 642 3905 ell-
669 3829 745 3904 Nec
772 3826 854 3903 illud
881 3828 953 3902 une
980 3830 1104 3925 nyue·
1152 3852 1223 3908 tem
1249 3861 1259 3902 a
1283 3855 1354 3926 quo
1381 3826 1529 3904 delibuti
1557 3855 1696 3926 quoque
1714 3833 1958 3924 Sacerdotem

295 3927 354 4006 rio
382 3932 449 4004 esse
468 3925 661 4028 significans
682 3956 692 3999 t
717 3929 811 4025 quod
836 3920 1103 4024 polisllcensio·
1151 3927 1961 4026 &Propbcteconstituebantue&Regcsruniur

250 4060 275 4068 ψ·
294 4051 376 4104 nem
404 4027 467 4102 lilii
495 4028 548 4101 tui
580 4025 711 4103 decima
739 4025 840 4103 nobis
870 4025 1103 4098 diehocmu·
1152 4032 1230 4105 veri
1254 4029 1362 4128 Regis
1395 4028 1431 4098 ἃ
1473 4029 1671 4104 Sacerdotis
1712 4031 1748 4100 dc
1785 4028 1958 4123 prophete

211 4147 258 4226 35
297 4147 360 4199 nus
386 4127 576 4199 infunditur
599 4153 610 4196 a
634 4127 814 4198 ostendens
843 4124 935 4218 quod
950 4123 1101 4198 cultori·
1151 4129 1335 4225 imaginem
1374 4123 1611 4218 preservantes
1646 4127 1772 4201 Christi
1809 4124 1955 4202 Domini

296 4221 357 4294 bus
381 4224 483 4296 vinee
501 4223 567 4293 uic
592 4224 675 4296 esset
703 4249 723 4297 a
749 4243 847 4317 patre
865 4220 1010 4295 familias
1037 4225 1101 4294 de·
1149 4220 1393 4326 Redemptorir
1414 4223 1554 4299 eterni.
1881 4274 1886 4283 ·
1984 4240 2031 4312 90

300 4319 413 4413 narius
440 4318 655 4414 repromissus
683 4367 693 4390 .
730 4321 895 4415 Magnum
922 4341 1036 4393 autem
1061 4325 1098 4393 St

293 4438 360 4511 pre
386 4418 541 4492 omnibus
569 4415 786 4489 necesarium
801 4415 866 4491 suit
883 4418 950 4491 hoc
966 4416 1027 4489 tibi
1044 4417 1099 4489 di·
1356 4414 1435 4503 Post
1444 4419 1555 4515 pridie
1570 4466 1582 4492 0
1598 4422 1740 4497 oratio.

297 4511 370 4586 vini
399 4514 548 4591 muneris
573 4515 704 4610 signum
731 4542 741 4584 e
766 4519 861 4608 quod
892 4538 970 4586 cum
998 4514 1100 4611 super
1591 4568 1594 4575 ‚

207 4637 259 4716 40
293 4609 406 4706 capita
450 4611 688 4709 discipulorum
714 4613 812 4711 ignes
852 4612 1099 4689 conscendisset
1218 4615 1339 4714 Uscipc
1366 4616 1544 4712 quesumus
1569 4619 1716 4716 Spiritus
1739 4612 1960 4688 Saudeom·

292 4703 692 4809 formalinguarumtde
706 4712 871 4787 cordibus
883 4710 1099 4784 credentium
1234 4716 1396 4814 nipotens
1426 4716 1521 4789 Deus
1546 4715 1708 4791 sacrificia
1736 4736 1771 4787 te
1812 4711 1956 4787 auctore
1981 4736 2023 4808 95

292 4827 359 4878 nec
386 4807 552 4883 dissonum
577 4808 704 4904 aliquid
729 4811 859 4884 iaceret
873 4811 1011 4908 prodire
1036 4831 1101 4881 nec
1151 4811 1348 4896 instituente
1368 4817 1507 4890 decretu
1536 4842 1546 4884 a
1571 4817 1629 4911 qui
1665 4813 1806 4886 inlibate
1836 4810 1957 4906 Virgi-

161 4966 165 4974 .
292 4903 452 5003 tepidum
479 4953 490 4975 .
514 4907 583 4977 Sed
608 4908 844 5002 predicatores
883 4907 981 4982 verbi
1009 4908 1099 4979 tuit
1148 4911 1200 4981 nis
1228 4910 1264 4985 in
1291 4931 1398 4988 utero
1427 4916 1602 5008 quondum
1630 4913 1804 4989 membrat
1829 4910 1864 4983 in
1886 4930 1955 4999 qua

293 5003 330 5075 dc
361 4999 590 5099 intelligentia
615 5005 990 5080 essentunanimes'c&
1014 5005 1097 5080 cha·
1147 5007 1299 5084 Verbum
1326 5033 1405 5085 caro
1445 5013 1545 5088 fieret
1572 5043 1583 5084 a
1609 5012 1728 5105 quibus
1771 5011 1842 5080 hoc
1883 5004 1953 5078 rite

204 5121 254 5245 ⁴⁵.
290 5097 708 5296 slsisfullfitgts
724 5100 1017 5296 salustus
1027 5108 1097 5281 st·
1144 5105 1806 5292 lt‘‘ll‘ilu‘ssuulsllss¹20²?
1821 5106 1953 5276 lilii
1998 5235 2038 5289 ο,

290 5293 482 5369 Dominum
519 5297 628 5368 omnis
677 5293 916 5372 intellectualis
955 5320 1093 5377 creatu·
1142 5229 1947 5404 sanguinismuneraingetimuszdtutqllguiru-
1981 5237 1995 5292 ι

288 5414 329 5467 ra
354 5392 597 5468 vivificatione
631 5395 761 5469 fatetur
801 5421 811 5464 t
851 5399 948 5480 cujus
986 5401 1091 5473 etiam
1141 5400 1255 5474 dinem
1271 5403 1388 5478 debite
1400 5402 1679 5479 sandificstionis
1707 5424 1742 5477 te
1756 5404 1950 5477 deificante

291 5490 518 5566 Cherubin&
535 5494 701 5588 Seraphin
715 5494 889 5567 feruentes
917 5495 1090 5589 copiosius
1141 5499 1321 5575 obtineant
1339 5498 1690 5596 supplicamus.Quir
1716 5523 1855 5578 tuvcre
1889 5496 1951 5571 illc

205 5614 253 5687 ⁵0
286 5588 412 5761 su
431 5587 688 5762 seusu
1139 5594 1280 5769 uu
1294 5626 1303 5667 =
1317 5599 1374 5769 u
1555 5606 1749 5776 uus

287 5712 582 5898 mnndum
608 5708 828 5861 nuntiis,
850 5717 1005 5885 seques
1015 5715 1087 5865 ll,
1138 5705 1945 5896 szltltllsltztiuuulsetus
1976 5723 2028 5801 ¹⁰⁵

286 5882 485 5958 habentes:
517 5907 581 5956 nec
607 5884 666 5959 tali
697 5906 841 5981 unquam
885 5886 1002 5964 officio
1026 5888 1089 5962 lus·
1137 5891 1395 5969 cumfluentibus
1409 5895 1585 5974 natitatem
1613 5923 1693 5970 cum
1723 5897 1945 5994 lapidibus&

284 5979 458 6058 sescentes
472 5978 642 6063 celestium
664 5984 878 6068 exercituum
903 5989 1090 6086 precinct·
1134 5983 1238 6090 liguis
1257 6014 1431 6070 exurens:
1447 5992 1551 6075 etiam
1576 5996 1760 6074 madefacti
1785 5993 1943 6098 pulveris

1847 6101 1947 6173 rivu-
