4450 7209
277 784 331 870 30'
747 758 822 834 ΙΝ
867 748 1154 855 NATALE
1202 746 1493 827 SANCTE
1957 808 1961 815 .

279 874 438 970 Regnum
462 860 615 943 celorum
642 854 803 934 thesauro
828 852 1032 932 abscondito
1046 854 1082 928 in
1131 844 1309 925 cusatione
1337 872 1506 948 corporee
1543 847 1784 931 imbecillitatis
1807 855 1947 935 ¹occuli·
1979 869 2020 943 55

275 994 390 1066 ,ἕως
417 991 515 1065 quem
530 961 588 1058 qui
600 955 732 1031 invenit
744 955 871 1028 homor
895 949 1081 1026 abscondit:
1131 968 1204 1020 mus
1218 943 1530 1024 fratrescharidimi
1544 973 1555 1017 e
1568 954 1604 1024 dt
1621 953 1835 1048 propositum
1854 956 1947 1054 aspi.

280 1071 315 1140 dt
332 1091 396 1160 pre
410 1063 537 1162 gaudio
554 1057 640 1131 illius
663 1052 786 1126 vadite
810 1053 846 1122 dr
873 1049 993 1125 vendit
1009 1048 1084 1122 uni·
1132 1043 1256 1118 ciamus
1282 1040 1411 1118 Eulalie
1437 1045 1582 1142 virginis
1606 1074 1617 1116 a
1641 1048 1677 1120 dt
1704 1049 1947 1149 triumphum.

277 1162 375 1236 versa
387 1159 567 1256 quehabet
581 1180 590 1221 s
605 1153 640 1222 δι
654 1150 736 1225 emit
750 1169 868 1240 agrum
879 1143 998 1220 illum·
1011 1144 1083 1218 Ite·
1132 1142 1211 1231 Qe
1236 1159 1299 1216 nec
1329 1139 1425 1213 sexui
1448 1141 1603 1230 subieda
1622 1167 1685 1218 nec
1697 1151 1841 1244 corpori
1857 1179 1868 1222 ε
1885 1151 1943 1225 vi.
2002 1162 2005 1169 '

226 1280 247 1352 5
277 1281 354 1334 rum
365 1253 476 1331 fimile
492 1255 539 1328 est
555 1269 696 1346 regnum
711 1244 864 1321 celorum
878 1240 1009 1319 homiui
1026 1268 1086 1316 ne·
1134 1234 1199 1308 rile
1223 1241 1478 1313 contemnendo
1500 1239 1723 1338 contagium
1750 1248 1791 1321 fit
1805 1245 1945 1322 virilis.

279 1352 471 1454 gociatorir
492 1345 650 1448 querenti
662 1345 773 1418 bonas
789 1339 1015 1439 margaritas.
1030 1341 1084 1412 ln-
1135 1330 1174 1405 In
1185 1355 1252 1426 qua
1263 1353 1334 1408 non
1348 1336 1413 1409 fuit
1430 1336 1632 1432 corruptele
1646 1341 1789 1432 portior
1804 1345 1945 1419 utetset
1977 1338 2022 1408 60

276 1468 584 1526 ventaautemuna
597 1440 750 1537 preciosa
770 1437 975 1534 margaritas
999 1436 1084 1511 abiit
1131 1432 1245 1527 gratie
1274 1433 1482 1545 plenitudo·
1505 1439 1615 1531 Quam
1639 1438 1876 1517 credulitatem
1900 1443 1947 1517 fi·

277 1546 481 1624 &vendidit
508 1537 741 1631 universaque
767 1535 911 1607 habuit:
940 1537 975 1608 δι
998 1534 1084 1609 emit
1135 1541 1202 1599 des
1227 1527 1402 1605 libidinem
1416 1530 1567 1606 castitate
1593 1530 1810 1610 vincentema
1830 1540 1867 1612 dr
1882 1563 1949 1613 or·

277 1669 375 1718 eam.
394 1645 526 1717 lterum
537 1633 640 1713 simile
651 1636 701 1707 est
713 1654 856 1730 regnum
869 1627 1019 1708 celorum
1033 1631 1086 1704 sa·
1134 1625 1233 1699 navit
1247 1628 1415 1724 virginem
1444 1627 1623 1703 admiratio
1636 1633 1792 1707 castitatis
1808 1636 1947 1708 eureo-

205 1760 250 1814 ιο
305 1738 646 1815 coemisseinmarez
671 1732 706 1802 δι
724 1725 870 1807 exomni
885 1750 1013 1824 genere
1028 1727 1086 1824 pi·
1132 1723 1276 1796 conavit
1302 1743 1495 1819 martyrem·
1514 1725 1623 1823 gloria
1651 1728 1813 1820 pastionis
1837 1759 1848 1800 a
1875 1755 1945 1824 que

277 1767 383 1914 icium
399 1832 627 1933 congreganti
641 1877 652 1899 .
668 1830 779 1918 Quam
791 1847 867 1897 cum
877 1821 1019 1920 impleta
1034 1823 1084 1895 es·
1130 1819 1212 1895 dum
1225 1820 1318 1893 vitiis
1332 1843 1501 1917 repugnat
1516 1829 1552 1895 dt
1566 1820 1714 1918 gladiis.
1729 1829 1808 1899 dum
1821 1830 1857 1900 dt
1869 1829 1941 1900 ser·
1978 1823 2021 1908 65

276 1934 331 2009 set
345 1961 356 2004 s
370 1937 555 2007 educentes
569 1931 605 2001 dt
618 1928 712 1998 secus
723 1920 805 1996 litus
815 1921 999 1994 sedentes:
1014 1919 1084 1996 ele·
1130 1939 1208 1989 rum
1235 1916 1390 2014 spernit:
1415 1925 1453 1994 dr
1476 1918 1633 1994 coitum·
1660 1923 1697 1994 dt
1727 1922 1943 1997 credulitatis

307 2050 406 2105 erunt
429 2034 540 2104 bonos
569 2025 605 2097 in
634 2021 713 2096 vasa
729 2020 815 2094 suas
835 2014 943 2091 malos
969 2037 1083 2096 autem
1133 2009 1192 2086 sue
1205 2013 1334 2090 hostem
1348 2014 1511 2110 pertulit:
1534 2017 1708 2090 cretatis.
1724 2019 1961 2117 Huiusergo'

279 2057 378 2204 iuras
408 2126 596 2201 mise-runt.
620 2119 675 2194 Sic
689 2118 757 2190 erit
773 2116 807 2188 in
819 2113 1084 2190 consummatio·
1134 2109 1314 2184 intercessu
1350 2113 1638 2210 omnipotentiam
1675 2112 1790 2188 summi
1832 2117 1945 2212 patris

201 2245 223 2317 t
230 2244 249 2317 5
280 2248 324 2298 ne
347 2221 476 2298 seculi.
501 2219 650 2294 Exibunt
668 2211 794 2312 Angeli
825 2213 860 2293 &
884 2209 1083 2308 separabunt
1130 2230 1295 2281 oremus:
1326 2226 1367 2280 ur
1381 2209 1463 2284 ricut
1482 2212 1579 2283 abeo
1603 2212 1675 2294 eius
1689 2209 1820 2285 invitia
1836 2212 1951 2326 virgi·

280 2316 411 2394 miloss
435 2320 478 2391 de
491 2316 609 2390 medio
619 2314 803 2400 iustorum:
817 2310 853 2380 dt
867 2310 1009 2382 mittent
1021 2330 1084 2384 cos
1134 2305 1224 2378 nitas
1236 2303 1344 2377 locari
1359 2307 1483 2379 meruit
1500 2307 1534 2376 in
1553 2305 1696 2403 regione
1704 2307 1882 2382 celorum
1900 2328 1952 2384 tra
1980 2322 2027 2399 7⁰

280 2417 317 2489 in
332 2416 500 2492 caminum
513 2414 628 2510 ignis.
650 2409 701 2482 lbi
716 2409 783 2483 erit
797 2406 897 2477 fletus
913 2411 949 2480 dt
964 2405 1088 2478 stridor
1137 2398 1237 2475 nobis
1262 2403 1415 2473 concessa
1442 2403 1543 2476 venia
1564 2401 1790 2482 delisiorums
1818 2426 1953 2483 conce·

281 2513 461 2587 dentium.
481 2505 699 2582 Intellexissis
715 2505 778 2577 hcc
792 2502 933 2575 omnia?
958 2503 1089 2575 Dicunt
1134 2499 1239 2570 datur
1253 2493 1348 2570 locus
1369 2497 1404 2569 in
1416 2499 1559 2598 regione
1574 2497 1791 2580 viventium.

283 2609 345 2682 ei.
372 2610 504 2682 Etiam.
533 2606 597 2682 Ait
622 2602 721 2697 ¹illis.
744 2602 830 2673 Ideo
858 2598 967 2673 omnis
982 2597 1091 2670 scriba
1189 2607 1238 2688 lje.
1254 2597 1392 2669 Amen.

203 2727 252 2782 oo
283 2702 402 2778 doetus
418 2699 739 2804 inregnocelorum
754 2694 927 2771 similises}
943 2693 1091 2788 patrifa-

284 2799 415 2877 miliast
440 2803 497 2895 qui
522 2798 656 2896 profert
668 2798 712 2869 de
736 2791 899 2870 thesauro
913 2787 984 2884 ⁴stto
996 2813 1089 2877 nova
1426 2790 1515 2868 {alia
1527 2797 1669 2871 Oratio}
1981 2808 2031 2889 75

268 2902 476 2973 ·&vctera.
1643 2918 1646 2927 ¹

334 3007 385 3090 132.
399 2999 536 3070 Amen.
1220 2984 1341 3058 Etetur
1352 2984 1387 3058 in
1400 3003 1438 3059 te
1454 2987 1605 3062 Domine
1621 2989 1727 3083 queso
1739 2988 1949 3087 virginitate

242 3096 245 3101 '
332 3087 564 3164 utcarnrest.
589 3086 759 3163 Dominus
771 3086 814 3161 sit
827 3082 959 3180 semper
975 3081 1092 3165 vobis·
1235 3083 1269 3152 dt
1284 3083 1956 3184 huicproximacongaudeatcontinen-

204 3209 251 3280 ας
283 3211 382 3264 ctmt·
405 3203 454 3285 rjt.
469 3187 512 3259 Et
529 3209 604 3260 cum
618 3186 742 3280 spiritu
756 3203 839 3258 tuo.
1040 3244 1042 3248 a
1141 3186 1213 3252 tia.
1239 3179 1322 3250 Non
1338 3178 1453 3254 sexum
1464 3203 1611 3274 querunt
1627 3183 1819 3271 huiusmodi
1834 3186 1951 3263 bellas

334 3295 447 3357 cantet
458 3283 578 3356 chorus
589 3330 599 3350 .
611 3285 744 3354 Lauda·
761 3277 907 3364 Alleluia
920 3329 931 3351 .
946 3272 1093 3371 ibimu-
1141 3275 1200 3348 sed
1212 3273 1356 3350 animum
1370 3326 1381 3348 .
1404 3279 1483 3348 Non
1499 3282 1669 3377 mucronis
1681 3282 1925 3360 confidentiam
1942 3310 1953 3352 a
1986 3272 2034 3345 80

282 3383 327 3458 da
342 3379 411 3456 filia
425 3388 519 3472 syon
532 3377 640 3452 letare
660 3375 831 3452 &exulta
849 3373 1092 3451 filiaHierusa·
1141 3372 1200 3443 scd
1226 3374 1390 3466 pudoris.
1421 3375 1501 3445 Non
1516 3376 1619 3452 ctiam
1639 3377 1800 3472 personas
1825 3380 1953 3454 discus·

283 3479 377 3553 lem.
403 3486 448 3548 P.
463 3472 638 3561 Alleluia.
1142 3467 1256 3542 surass
1282 3468 1338 3542 sed
1355 3468 1494 3542 causas.
1518 3471 1657 3568 impune
1684 3477 1774 3550 inter
1802 3498 1955 3554 armatas

333 3578 434 3666 Dicar
452 3567 834 3657 mortemarense
859 3565 1000 3641 fratres.
1146 3565 1266 3640 transit
1279 3567 1367 3639 acies
1382 3568 1542 3644 innocens
1565 3570 1800 3647 conscientia:
1820 3576 1887 3667 quc
1899 3573 1957 3650 su-

205 3694 254 3766 30
1148 3661 1465 3758 peravitcriminaa
1490 3664 1626 3760 superat
1652 3670 1688 3742 δι
1716 3668 1954 3745 metalla-Fa·

1149 3756 1215 3831 eile
1239 3760 1344 3832 vincit
1370 3756 1481 3833 aliost
1506 3762 1653 3856 quisquis
1682 3764 1716 3837 se
1742 3768 1892 3844 vicerit·
1915 3771 1954 3843 δι
1988 3754 2033 3844 85

581 3856 810 3948 Sacrificium.
1150 3879 1228 3929 cum
1253 3853 1419 3932 laudabile
1444 3857 1486 3928 fit
1513 3859 1594 3931 viro
1625 3863 1736 3937 iecisse
1765 3865 1953 3939 virtutemr

802 3968 817 4019 l
1146 3954 1285 4041 maioris
1310 3972 1424 4029 tamen
1449 3955 1608 4048 preconii
1632 3959 1678 4029 ell
1707 3959 1818 4034 seciss'e
1844 3962 1956 4060 virgi·

292 4101 295 4105 ·
361 4058 436 4143 leur
461 4059 581 4132 cedrus
596 4054 749 4132 exaltata
772 4051 844 4124 sum
869 4049 904 4122 in
917 4050 1097 4129 libano&
1144 4075 1224 4124 nem
1240 4075 1312 4124 rem
1334 4050 1504 4126 virilem·
1530 4054 1750 4148 Prophanum
1777 4056 1867 4131 sacra
1896 4062 1955 4131 in·

206 4177 227 4252 3
235 4177 253 4248 5
286 4230 289 4236 ,
373 4154 494 4252 quafic
519 4156 650 4252 pressus
673 4155 709 4226 in
718 4168 840 4222 monte
852 4150 975 4240 Syons
1004 4150 1094 4247 quasi
1142 4149 1300 4260 greditur
1315 4146 1427 4242 puella
1441 4144 1646 4223 concilium:
1665 4149 1822 4229 &solum
1835 4153 1953 4230 Deum

286 4253 412 4329 mirrha
427 4247 479 4322 ele
516 4249 631 4323 adedi
651 4246 855 4321 suavitatem
870 4245 988 4320 odoris
1011 4243 1096 4322 alle·
1144 4268 1179 4316 rn
1196 4243 1338 4341 pedore
1353 4245 1481 4342 gestans
1497 4245 1812 4322 insertviolentiam
1825 4253 1953 4346 pallio·
1985 4263 2036 4330 9⁰

286 4349 384 4436 luia.
410 4343 561 4440 ri08icut
587 4343 748 4416 storax&
764 4336 927 4447 galbanus
956 4342 992 4412 dt
1007 4342 1094 4418 onix
1146 4340 1208 4437 ni.
1235 4342 1311 4412 Nec
1324 4340 1416 4412 deest
1446 4339 1548 4415 timor
1563 4363 1633 4418 tarn
1656 4345 1834 4440 impudens
1848 4370 1953 4439 quam

173 4500 175 4507 -
282 4441 615 4544 &gutta=&quafi
629 4437 1095 4514 libanuroonrnoensusva·
1144 4434 1313 4510 crudeles:
1336 4436 1394 4530 qui
1422 4435 1574 4532 sponsam
1600 4440 1742 4528 (secure
1768 4443 1950 4533 dixerim)

286 4541 415 4640 potavi
430 4538 821 4614 habitationcmmeame
851 4555 923 4630 ego
933 4536 1028 4628 quati
1041 4555 1097 4610 tc⁴
1144 4532 1271 4608 Christi
1296 4559 1306 4603 s
1336 4531 1576 4610 fornicantium
1605 4539 1804 4614 verberibus
1829 4541 1954 4617 ocule»

209 4665 261 4738 40
285 4640 441 4716 rebintus
467 4634 613 4734 expandi
656 4656 805 4709 ramore
838 4632 873 4703 dt
905 4631 987 4705 rami
1028 4632 1097 4707 mci
1145 4628 1429 4726 rumssupplicio
1441 4629 1642 4707 libidinante
1665 4655 1876 4731 torqueret.
1903 4642 1954 4712 Ut

289 4736 434 4811 honoris
460 4734 496 4807 dt
522 4731 665 4831 gratiaer
691 4755 763 4828 ego
791 4727 883 4826 quast
906 4727 989 4803 vitis
1019 4731 1093 4803 fru-
1140 4753 1206 4824 que
1224 4751 1325 4822 penas
1343 4728 1376 4800 in
1390 4725 1560 4804 adulterio
1575 4743 1646 4803 non
1662 4729 1801 4809 luebata
1829 4734 1951 4810 saltem
1983 4757 2033 4827 95

289 4832 438 4908 dificavi
467 4828 667 4905 suavitatem
692 4830 838 4903 odoriss
873 4821 910 4896 itt
937 4849 991 4899 me
1016 4824 1093 4922 spes
1141 4848 1245 4920 penas
1262 4823 1433 4898 adulteras
1462 4823 1664 4900 sustineret·
1693 4832 1831 4906 Dudum
1859 4836 1954 4927 quod

290 4929 401 5004 omnis
424 4925 497 5001 uite
516 4931 559 5000 dt
582 4924 722 5001 uirtutis
747 4951 762 4994 a
800 4923 942 4997 tranfite
970 4921 1013 4997 ad
1042 4945 1099 4996 me
1190 4922 1283 4997 avius
1297 4920 1449 4997 carnifex
1465 4941 1562 5032 putat
1590 4927 1847 5020 expediantium
1864 4953 1949 5007 ocu.

292 5023 481 5113 omnesqui
502 5020 743 5116 concupiscitis
752 5043 832 5094 mes
863 5021 899 5092 dt
916 5043 935 5091 a
951 5044 1098 5117 genera·
1162 5021 1189 5092 is
1204 5042 1329 5114 corpus
1352 5037 1523 5113 exponit:
1552 5021 1587 5090 dt
1604 5045 1666 5114 per
1682 5027 1888 5102 divaricatas
1903 5029 1958 5103 vi.

208 5143 256 5220 45
287 5121 442 5197 tionibus
466 5118 548 5190 meis
572 5118 660 5192 adim
683 5115 825 5190 ¹leminis
844 5114 978 5211 spiritus
1004 5117 1097 5191 enim
1145 5116 1275 5191 scerum
1304 5133 1440 5208 partess
1465 5113 1590 5188 ictuum
1621 5116 1729 5197 sulcos
1756 5123 1870 5196 cursus
1892 5127 1958 5198 fufi

158 5224 179 5277 ⁸-
288 5240 384 5291 meus
416 5214 515 5309 super
531 5213 643 5287 meld
680 5212 752 5284 cis.
777 5223 822 5285 P.
842 5213 944 5292 Quast
970 5212 1106 5288 mirrha
1141 5210 1316 5308 sanguinis
1338 5212 1535 5286 antecedit.
1563 5213 1672 5291 Periit
1696 5239 1777 5293 tunc
1804 5223 1958 5297 tortoris
1991 5242 2048 5293 rot

285 5312 402 5390 electa
415 5310 495 5386 dedi
510 5309 711 5386 suavitatem
721 5307 852 5407 ‘odoris
864 5302 1025 5394 alleluia.
1144 5307 1251 5403 iniqui
1284 5326 1516 5381 commentum
1543 5337 1553 5378 s
1579 5306 1650 5385 sola
1675 5316 1850 5413 patiuntur
1878 5340 1959 5396 tor·

1013 5442 1017 5449 ’
1145 5425 1259 5479 menta
1274 5403 1476 5481 ludibrium.
1490 5408 1604 5481 Habet
1620 5415 1758 5502 quidem
1783 5413 1958 5507 virginem

641 5499 762 5598 Mrffit.
1122 5533 1125 5538 ·
1148 5503 1297 5576 nostram
1313 5501 1447 5575 nuditas
1459 5532 1470 5572 s
1484 5504 1539 5577 sed
1562 5507 1715 5597 pudicam
1731 5557 1742 5581 ·
1763 5508 1880 5588 Discat
1894 5539 1956 5588 er.

193 5621 262 5697 ·-5o
1089 5697 1094 5703 Ι
1151 5622 1221 5699 goa
1240 5598 1344 5672 discat
1358 5617 1500 5695 uterque
1522 5601 1620 5675 sexus
1634 5632 1679 5679 ex
1696 5606 1858 5706 virgines
1885 5635 1959 5686 non

293 5695 503 5884 OMnes
519 5700 576 5796 qui
604 5697 663 5770 sub
684 5692 960 5796 impugnantium
981 5712 1096 5772 certa·
1142 5693 1436 5793 pulchritudinem
1476 5696 1627 5772 coleres
1664 5705 1719 5776 sed
1760 5704 1959 5781 virtutem.
1993 5724 2049 5795 102

415 5795 504 5870 minc
519 5795 716 5878 viciorums
736 5814 796 5870 aut
824 5791 1098 5869 vulneratitur·
1145 5794 1266 5869 Fidem
1282 5815 1426 5868 amares
1457 5820 1529 5870 non
1562 5797 1734 5875 sormam·
1759 5798 1956 5877 Placitums

290 5892 405 5987 pitert
434 5910 492 5967 aut
515 5891 685 5991 perempti
705 5892 749 5964 de
768 5890 880 5966 carnis
908 5887 1099 5986 fragilitate
1143 5890 1338 5965 'Dominos
1378 5913 1448 5964 non
1480 5894 1613 5967 decoris
1656 5899 1838 5993 expediere
1864 5901 1962 5984 iudi·

287 5989 555 6086 conquerimurs
585 5989 714 6090 quique
725 5986 866 6090 ignavie
891 5987 1015 6064 mentis
1039 6012 1101 6066 ex·
1145 5987 1263 6073 cium:
1291 5988 1350 6063 sed
1377 5989 1548 6093 pudoris3
1585 5994 1652 6067 Sed
1676 5992 1756 6092 quia
1785 6012 1881 6068 tuum
1908 5998 1958 6068 est

1851 6093 1961 6168 Chri·
