4450 7209
614 782 667 855 IN
685 779 869 866 JEJUNIO
892 777 1226 853 KALENDARUM
1251 778 1583 861 NOVEMBRlUM
1596 834 1608 862 .
1849 796 1914 885 a83

289 889 388 964 siinos
401 907 539 963 errores
554 882 740 966 abjicerent
755 900 767 948 s
781 900 880 973 quem
895 898 969 949 cum
986 877 1078 970 prius
1128 878 1256 951 seratus
1270 878 1481 969 piisimulas.
1509 884 1598 961 Mira
1623 887 1758 978 quidem
1782 886 1916 983 dispen-
1945 904 1987 975 55

291 986 486 1083 permonita
501 1004 569 1055 non
583 980 751 1052 audissent
766 1002 776 1045 a
801 994 1030 1075 §obcecatum
1043 974 1077 1045 in
1127 973 1274 1047 sationes
1292 977 1469 1073 discipline
1493 1001 1595 1075 atque
1621 984 1852 1059 misericordie
1867 1006 1921 1056 er·

232 1162 236 1169 ,
290 1080 436 1158 Ecclesia
464 1100 526 1152 tua
552 1077 776 1150 Sacerdotum
805 1098 843 1147 ac
872 1068 1080 1167 populorum
1133 1097 1176 1166 ga
1200 1096 1262 1147 nos
1290 1095 1326 1148 te
1356 1080 1391 1149 δι
1416 1080 1536 1163 mltum
1567 1081 1697 1170 puriter
1724 1084 1758 1156 dt
1790 1080 1920 1154 miseri·

290 1195 503 1256 conventum
516 1173 672 1249 accendit
687 1220 699 1242 .
723 1171 979 1267 Cognostimus
993 1165 1082 1241 mala
1131 1173 1268 1243 sordem
1286 1175 1454 1246 ostendis=
1470 1196 1545 1245 cum
1558 1178 1593 1248 dr
1605 1180 1718 1272 culpas
1732 1179 1916 1275 insequeris

244 1294 265 1367 5
289 1301 358 1373 que
375 1274 515 1349 fecimus
530 1270 610 1343 tsed
626 1270 759 1344 veniam
774 1266 981 1363 postulamus
997 1312 1007 1335 .
1021 1265 1077 1335 De
1106 1356 1110 1363 Ι
1128 1277 1376 1343 ammonendos
1402 1274 1436 1344 δι
1455 1272 1639 1347 vindictam
1658 1278 1804 1371 abrogas
1820 1272 1917 1347 mise·

291 1370 444 1451 vindidia
456 1368 593 1445 solliciti
610 1366 745 1444 :causas
760 1365 975 1457 publicamus
991 1362 1076 1434 deli·
1127 1367 1261 1439 tando.
1287 1366 1387 1463 Qus
1414 1368 1503 1443 enim
1530 1373 1634 1445 ierire
1654 1393 1791 1467 poteras
1806 1372 1915 1458 iutiea
1942 1374 1990 1441 60

236 1468 239 1475 ’
271 1472 363 1548 eti.
387 1466 638 1564 Ncpunianaur
664 1464 815 1551 judicias
843 1458 1080 1537 finonconfi·
1128 1465 1355 1559 corrigendos
1381 1488 1558 1542 ammones
1586 1471 1713 1563 pietate
1739 1517 1751 1542 .
1791 1472 1917 1542 iratum

293 1587 406 1647 temne
418 1583 556 1640 errata.
571 1564 662 1660 Qia
676 1584 763 1658 ergo
780 1560 853 1655 pius
865 1582 904 1630 es
919 1585 928 1627 a
943 1557 1081 1631 misere·
1129 1577 1165 1631 ts
1180 1563 1328 1652 primurn
1353 1564 1502 1637 indicata
1529 1590 1571 1640 ne
1586 1566 1744 1650 judiciam
1768 1592 1828 1663 per
1845 1566 1921 1637 vin·

292 1688 331 1740 tc
347 1662 543 1760 lugentibus
557 1686 567 1729 a
595 1684 696 1757 parce
710 1658 929 1754 peccantibus
942 1684 953 1727 a
968 1650 1079 1728 indul·
1127 1655 1252 1731 didam
1279 1681 1440 1737 exerceas
1454 1709 1465 1731 ·
1491 1664 1546 1737 Sic
1570 1664 1698 1757 quippe
1712 1664 1795 1739 olim
1808 1659 1916 1737 delin-

219 1778 266 1831 ιο
290 1758 608 1861 gepenitentibus.
635 1757 718 1829 Non
739 1753 995 1830 norinterimas
1012 1776 1078 1847 pro
1126 1756 1262 1847 quentis
1289 1759 1439 1852 populis
1466 1784 1505 1832 ac
1536 1762 1689 1858 gentium
1720 1758 1922 1836 conversio·

248 1904 251 1909 ·
286 1877 467 1957 peccatos
506 1858 597 1930 adest
628 1853 718 1927 enim
744 1854 856 1926 noslra
879 1854 1075 1927 conscisso·
1125 1872 1202 1925 nem
1231 1859 1438 1949 expediansa
1461 1855 1917 1945 huncuicnsejuniodedi·
1945 1874 1987 1947 55

247 2036 251 2043 ,
274 1960 376 2050 ,θρῖα
390 1951 600 2048 voluptuose
613 1970 734 2029 contra
750 1972 785 2025 te
802 1950 937 2049 egimus
959 1944 1078 2025 amari·
1124 1951 1268 2026 candum
1294 1955 1385 2027 vatis
1415 1950 1465 2028 tui
1495 1957 1689 2030 testimonio
1717 1953 1917 2030 declarasti·

271 2056 354 2129 sesai
369 2056 503 2138 ieiunio
517 2053 558 2123 ad
572 2072 608 2125 te
625 2048 771 2124 redimus
785 2094 797 2119 0
822 2051 919 2121 Unde
932 2046 1073 2141 quemli·
1123 2046 1215 2121 eun
1225 2051 1268 2123 ad
1284 2054 1533 2127 consentaneus
1548 2055 1671 2148 prioris
1687 2052 1806 2149 populi
1822 2054 1914 2126 iden

251 2180 260 2221 ·.
274 2152 347 2235 'bet
362 2152 426 2224 sint
442 2150 604 2233 immensa
618 2146 703 2221 mala
718 2170 787 2240 que
801 2148 958 2243 geffimus
974 2174 984 2218 a
1017 2145 1074 2224 sed
1125 2148 1296 2240 propheta
1315 2169 1393 2223 tuus
1420 2149 1535 2225 audita
1549 2174 1595 2223 er
1609 2178 1672 2228 ore
1688 2172 1750 2223 tuo
1763 2174 1915 2227 conver·

214 2256 260 2331 15
287 2243 1074 2343 tomuitoplusimmensepietatisesDominus
1121 2243 1226 2319 stonis
1256 2246 1415 2321 monitae
1451 2249 1485 2321 in
1517 2245 1689 2323 volumine
1718 2248 1917 2335 coartavit;

248 2342 254 2383 ²
281 2369 388 2445 gurm
415 2368 600 2442 rogamus·
624 2347 719 2418 Dato
746 2362 833 2439 ergo
849 2358 885 2415 te
899 2342 998 2415 nobis
1013 2368 1075 2437 per
1123 2359 1225 2434 atque
1250 2343 1437 2419 confluenti
1470 2341 1505 2415 in
1520 2345 1731 2421 Hierusalem
1759 2344 1916 2421 multitu·
1941 2366 1989 2439 70

256 2442 285 2531 :j
308 2443 451 2525 'satiatus
481 2466 524 2515 ne
539 2442 714 2515 redeamus
730 2441 771 2513 ad
786 2437 945 2534 culpama
966 2442 1000 2512 dt
1015 2445 1075 2517 de·
1123 2436 1194 2511 dini
1211 2440 1420 2519 recensendo
1438 2440 1589 2518 innotuit
1606 2471 1616 2514 s
1642 2463 1682 2518 ut
1700 2440 1836 2516 auersus
1851 2469 1870 2516 a
1883 2461 1918 2519 te

234 2468 434 2641 „piciamus
451 2539 484 2611 in
501 2565 611 2636 pena·
634 2541 680 2611 Ut
698 2535 837 2613 indulto
852 2538 950 2611 nobis
965 2544 1076 2632 pieta·
1126 2535 1227 2609 lsrael
1246 2558 1485 2615 reverteretur
1504 2542 1546 2615 ab
1571 2540 1805 2635 iniquitatibus
1828 2540 1921 2613 suis.

243 2638 329 2717 stis
356 2640 529 2713 beneficio
560 2658 724 2732 parcensa
754 2636 790 2708 δι
819 2638 937 2711 nollro
963 2640 1074 2711 dones
1123 2634 1158 2705 δι
1174 2639 1245 2708 non
1269 2636 1338 2711 tuis
1358 2636 1578 2715 ulcisceretur
1598 2640 1755 2727 iudiciis.
1785 2636 1919 2711 Salubri

212 2744 260 2811 20
286 2733 436 2832 pluviam
451 2736 568 2808 semini
585 2760 595 2802 a
623 2734 658 2801 dt
686 2733 793 2806 corda
815 2735 926 2808 noslra
942 2733 1074 2827 repleas
1122 2730 1251 2825 quippe
1265 2732 1344 2810 iilos
1362 2737 1501 2832 pietatis
1514 2737 1675 2833 dignatus
1689 2759 1724 2807 es
1739 2734 1916 2809 subvenire

242 2828 247 2835 ’
285 2831 467 2907 seminibus
487 2832 583 2907 verbi
601 2830 678 2916 tui,
703 2853 774 2922 quo
788 2832 824 2903 ἃ
838 2830 995 2905 corredla
1008 2834 1072 2907 sio·
1122 2828 1289 2904 consalioa
1311 2856 1399 2925 quos
1416 2832 1635 2907 confessionis
1653 2828 1791 2908 volebas
1805 2830 1916 2905 suble·
1943 2854 1984 2925 75

283 2950 361 3005 scat
376 2929 653 3005 noliramoribus
668 2927 923 3005 mentasanus
936 2952 1008 3003 oon
1019 2948 1075 3005 at.
1131 2950 1210 2999 vsre
1238 2929 1414 3003 remedio·
1442 2930 1667 3003 Premittebas
1691 2929 1821 3025 quippe
1850 2952 1918 3003 vo·

266 3028 552 3104 susurratas.
580 3039 629 3122 ξι.
642 3028 752 3097 Amen
770 3070 782 3093 .
1130 3044 1228 3096 erma
1254 3041 1293 3096 ut
1314 3044 1491 3101 averteres
1508 3022 1701 3103 ultionem.
1731 3024 1918 3099 Minabaria

1131 3118 1367 3195 sententiatos
1398 3140 1438 3196 ut
1468 3139 1675 3219 temperares
1707 3121 1917 3195 vinditianus

213 3224 271 3317 25,
541 3216 618 3305 Posi
645 3220 827 3322 staminas
1131 3215 1326 3310 publicabas
1339 3219 1432 3295 isarna
1446 3224 1657 3298 reuersusad
1672 3221 1805 3294 veniam
1816 3218 1919 3303 driu.

266 3324 273 3391 .·'
895 3346 900 3353 ·
1130 3315 1224 3387 oium
1250 3317 1504 3407 predicabaturr
1533 3337 1570 3391 ut
1587 3316 1915 3414 iniquitassolvere·
1941 3314 1988 3388 do

218 3454 222 3459 ·
252 3488 256 3495 ,
285 3415 499 3593 Αθοὶρε
512 3418 607 3490 Deus
627 3414 773 3492 Ecclesre
794 3436 852 3490 tue
878 3411 1079 3493 lamentabi·
1130 3414 1310 3485 tur.Nam
1321 3436 1395 3487 curn
1408 3416 1450 3489 ad
1465 3414 1647 3491 vindislam
1660 3415 1918 3496 morererisiu·

403 3513 467 3585 lem
486 3536 703 3608 precemque
716 3515 817 3598 hujus
829 3515 977 3587 instituti
990 3522 1079 3600 jesu.
1134 3510 1244 3583 ilicis:
1262 3534 1411 3604 peream
1430 3532 1539 3586 tamen
1551 3535 1617 3607 qua
1633 3511 1811 3589 monebas:
1825 3531 1917 3583 tem·

243 3612 246 3619 ’
268 3609 332 3682 “nii
345 3611 495 3687 hodirno
512 3613 567 3684 die
583 3612 655 3709 agit
672 3609 906 3684 celebritatem
922 3660 933 3682 .
947 3614 1083 3709 Suscipe
1133 3610 1272 3698 petubas
1286 3608 1550 3683 misericordiam
1568 3657 1579 3680 .
1610 3609 1712 3683 Nulla
1727 3629 1763 3681 te
1780 3609 1915 3685 noslro·

211 3711 262 3782 30
283 3706 553 3784 conseffionema
578 3733 642 3804 qua
659 3708 784 3781 miseris
801 3706 947 3798 placatus
972 3711 1074 3804 igno·
1131 3725 1204 3777 rum
1226 3701 1351 3777 scelera
1366 3707 1531 3778 vincunta
1561 3705 1650 3780 nulla
1663 3706 1800 3780 crimina
1814 3732 1832 3780 a
1845 3706 1919 3803 pie·

285 3802 368 3873 scas:
380 3806 414 3874 dt
428 3830 557 3899 preces:
572 3806 697 3899 quibus
710 3803 878 3875 defundis
895 3805 1071 3879 miseratus
1122 3816 1195 3871 tate
1206 3801 1395 3889 {divertunt
1410 3848 1421 3871 .
1451 3804 1549 3875 Unde
1575 3804 1652 3896 quia
1666 3823 1761 3877 tante
1777 3802 1914 3899 pictatis
1942 3802 1986 3894 85

264 3896 487 3993 indulgeas.
516 3902 625 3974 utin
654 3902 718 3971 hoc
746 3902 801 3971 die
829 3899 1071 3977 humiliationis
1125 3896 1295 3969 Dominus
1324 3920 1388 3967 es:
1420 3917 1456 3970 ut
1482 3921 1553 3972 non
1582 3898 1688 3975 solum
1718 3897 1918 3972 dissimulata

240 4030 243 4035 ⁴
286 3997 422 4068 noslrer
453 4000 487 4067 δι
511 3999 635 4082 ieiunia
653 3996 881 4088 penitentium
904 4000 1071 4091 accipisse
1123 4014 1193 4066 non
1209 3994 1350 4087 punias:
1376 3993 1432 4064 sed
1461 3996 1561 4067 etiam
1576 4000 1617 4071 ad
1631 4020 1775 4092 reguum
1796 4017 1918 4069 corre·

286 4094 322 4163 dt
337 4090 547 4184 sepultorum
558 4092 690 4169 vincula
705 4093 880 4169 miseratus
895 4094 1072 4171 absolvas.
1131 4090 1182 4162 &a
1196 4094 1362 4184 perducas
1378 4138 1389 4162 ·
1411 4093 1461 4161 Te
1473 4091 1653 4185 quesumus
1673 4112 1708 4165 ut
1725 4091 1916 4166 contritio·

213 4190 258 4263 35
286 4193 480 4285 Mmen.
1130 4186 1182 4257 nis
1199 4189 1566 4262 nolireconfctsroncm
1584 4190 1750 4284 accipias:
1782 4186 1918 4262 &deli-

211 4302 220 4335 ·-
246 4300 276 4371 --j
1127 4278 1193 4353 diis
1218 4285 1292 4375 pins
1320 4285 1499 4381 ignoscas.
1526 4285 1665 4361 infledie
1685 4309 1748 4360 tor
1764 4288 1911 4362 nolirum
1936 4306 1987 4370 90

211 4410 224 4467 χ
576 4383 789 4476 Adparent.
1128 4380 1169 4449 ad
1185 4379 1371 4477 diligendas
1385 4382 1528 4466 iuslicias
1544 4402 1640 4455 tuasr
1673 4384 1915 4457 &exhorren-

211 4492 276 4535 .·---
1127 4476 1185 4544 das
1212 4475 1406 4571 iniquitates
1432 4480 1586 4549 noslras.
1612 4478 1656 4549 Ut
1683 4476 1825 4548 Ecclesia
1855 4496 1914 4549 tue

213 4570 216 4575 '
251 4571 548 4753 :Seindenffl
578 4572 681 4643 corda
710 4573 949 4644 ῃοηηετῃοη
974 4576 1076 4648 vesti.
1124 4566 1273 4661 placatus
1300 4570 1480 4665 suffragio:
1512 4597 1574 4661 per
1603 4596 1678 4643 eum
1702 4576 1820 4646 cunels
1845 4594 1912 4664 que

211 4672 268 4746 40.
370 4692 505 4744 menta:
532 4688 621 4740 tuam
637 4669 729 4738 Deus
756 4666 880 4737 summe
913 4667 1074 4759 implora·
1125 4664 1468 4757 rogarisattribuas=
1492 4690 1665 4759 perquem
1682 4694 1743 4741 nos
1762 4672 1792 4739 in
1814 4667 1909 4741 unius

225 4794 230 4801 ·
264 4786 359 4851 ,mus
385 4763 623 4840 clementiam:
653 4784 692 4837 ur
718 4763 776 4855 qui
802 4763 940 4836 hordia
960 4767 1074 4838 inhoc
1122 4757 1233 4829 sande
1269 4761 1348 4832 fidei
1382 4761 1551 4833 soliditate
1576 4764 1791 4837 conservas.
1836 4763 1909 4854 lpse
1933 4781 1980 4853 95

223 4938 226 4943 ,
252 4856 369 4955 ¹„loco
394 4864 644 4940 convenimusa
670 4861 796 4931 deflere
811 4857 896 4931 mala
912 4884 977 4950 que
998 4863 1072 4957 ges·
1121 4855 1248 4946 quippe
1266 4861 1312 4929 esi
1328 4858 1497 4931 Dominus
1514 4861 1625 4932 noller
1647 4862 1837 4955 unigenitus
1855 4862 1911 4933 Fi·

240 4988 243 4993 ·
264 4958 384 5029 'simus
401 4986 410 5030 a
425 4967 461 5035 δι
475 4957 603 5032 celeliis
617 4960 748 5031 flamme
762 4955 916 5049 igniculo
930 4980 1070 5030 concre.
1120 4948 1183 5022 lius
1199 4972 1300 5024 tuus.
1329 4956 1394 5026 Cui
1414 4956 1538 5027 merito
1555 4980 1674 5027 omnes
1692 4958 1817 5055 Angeli
1840 4980 1909 5030 non

251 5058 254 5063 ’
284 5076 441 5128 tuemur.
466 5061 548 5147 Quo
575 5057 656 5127 dum
683 5053 739 5124 vis
763 5053 936 5125 chariratis
954 5074 1014 5126 tue
1037 5052 1070 5127 in
1120 5052 1240 5118 cessant
1259 5048 1401 5123 clamare
1418 5052 1464 5123 ita
1480 5054 1658 5125 dicentes.

211 5152 260 5229 45
287 5152 405 5223 nolitis
432 5154 590 5229 cordibus
616 5152 748 5222 estuat:
779 5150 908 5241 peccati
931 5175 949 5222 a
972 5151 1070 5224 nobis
1122 5144 1345 5231 BbSandius.

283 5250 446 5345 potentia
458 5253 660 5324 detrudatur
677 5246 817 5323 exusta.
1942 5271 2010 5321 roo

283 5345 488 5439 gnum,
1385 5335 1461 5421 Poll
1489 5343 1649 5413 sanstus.

1231 5434 1293 5506 Fre
1309 5433 1458 5505 sandius:
1478 5465 1558 5509 vere
1573 5439 1770 5515 bencdidus
1786 5466 1821 5513 es
1830 5440 1909 5518 Do·

610 5538 754 5613 Issatis.
1241 5532 1331 5601 mine
1346 5532 1439 5603 Deus
1454 5535 1584 5605 noster.
1600 5535 1635 5608 ln
1649 5545 1742 5621 cuius
1757 5564 1851 5613 manu
1862 5542 1909 5613 eil

214 5640 263 5714 5⁰
1122 5627 1262 5702 ultionis
1277 5630 1413 5700 censura
1428 5655 1438 5696 a
1453 5631 1486 5699 dt
1508 5632 1658 5705 sanitatis
1675 5634 1823 5707 medula·
1836 5636 1906 5725 Qi

392 5736 514 5835 ignum
530 5739 565 5807 dt
590 5734 707 5822 julium
721 5732 791 5803 essa
824 5750 886 5801 nos
913 5724 976 5798 tibi
991 5730 1074 5803 Deo
1124 5724 1354 5818 penitentibus
1370 5725 1477 5815 parcis
1490 5751 1530 5819 sq
1547 5731 1566 5796 ,ἱ
1582 5727 1706 5807 lacbvn
1721 5732 1850 5805 ofisind
1879 5734 1905 5803 l·
1938 5752 2001 5824 τος

282 5732 379 5911 D
405 5835 530 5930 gratias
547 5855 650 5927 agere
667 5857 676 5898 a
707 5832 740 5898 bt
760 5820 927 5920 spiritales
951 5825 1073 5900 hotiias
1125 5845 1227 5916 gesaq·
1245 5820 1441 5913 igementes
1456 5830 1680 5914 euraudusQi
1690 5830 1909 5911 jejnmnrium

283 5925 482 6005 immolare.
509 5933 581 6021 Qui
605 5952 674 5999 non
690 5930 846 5996 contines
861 5920 892 5986 in
908 5920 958 5989 ira
976 5924 1074 5993 mise·
1122 5918 1366 5989 consertionem
1382 5925 1665 6015 conprobanqui
1684 5948 1805 5997 vorum
1824 5952 1907 6001 con·

283 6028 568 6127 ricotdiastuasa
597 6025 654 6123 qui
667 6040 810 6121 peccata
824 6017 1000 6093 bominum
1013 6019 1073 6096 mi·
1123 6015 1196 6089 triti
1205 6015 1648 6185 cordisacceprps.Qiescat
1655 6023 1907 6120 iamquesuuus

640 6134 646 6151 ¹
1463 6114 1517 6187 '²
1828 6118 1918 6195 indi·
