4450 7209
295 669 367 745 218
717 665 1553 747 ῊΗΞΡΑΚΑΤΙΟΜῙΗΕ.Ι

516 763 878 847 Δλὶὖαιιῶναιίο.
1082 794 1086 804 ·
1147 770 1316 845 meumfit
1333 770 1544 867 acceptabile
1559 792 1684 850 notum
1710 798 1722 844 ι
1750 772 1810 871 qui
1844 769 1882 845 se
1901 770 1970 849 tibi
1994 804 2031 880 55

349 863 453 943 Ndue
465 866 518 944 'me
528 867 680 943 Domine
694 869 903 944 vestimento
915 867 1099 946 salutiatae
1147 870 1233 945 Deo
1243 868 1336 946 Patri
1352 892 1417 969 pru
1429 871 1669 948 uobiaobtulit
1682 872 1717 947 in
1733 871 1974 949 sacrificium:

366 966 480 1043 tunica
503 967 658 1053 iusticie:
683 970 720 1045 dc
745 967 956 1048 indumento
982 967 1100 1046 leticie
1149 969 1208 1065 qui
1222 969 1269 1042 ell
1285 969 1439 1046 omnium
1452 971 1576 1069 opifex
1591 972 1628 1046 dr
1643 967 1729 1046 solua
1754 971 1829 1047 line
1844 994 1972 1069 pecce-

292 1063 466 1143 circumda
482 1064 613 1161 semper
626 1113 638 1137 .
650 1071 718 1139 Per
728 1066 928 1145 Cbrillum.
1149 1069 1178 1143 ti
1194 1066 1323 1145 macula
1341 1069 1513 1148 Pontifex
1537 1118 1549 1143 .
1568 1069 1664 1151 Jesua
1691 1070 1850 1145 Christus
1880 1068 1974 1147 filiun

488 1167 753 1262 accingatur».
770 1168 907 1240 oratio.
1152 1187 1233 1243 tuuc
1247 1168 1419 1247 Dominus
1433 1172 1567 1245 noller·
1580 1172 1652 1268 Qi
1664 1188 1780 1249 tecum
1793 1169 1891 1246 vivit
1904 1171 1975 1246 &o

244 1177 265 1254 ς
291 1266 539 1453 PRecinge
570 1262 724 1341 Domine
751 1263 897 1366 cingulo
910 1265 994 1343 lidei
1021 1297 1032 1342 a
1058 1271 1098 1347 δι
1151 1263 1321 1350 &statim
1344 1265 1499 1344 nauibus
1507 1262 1637 1366 suadis
1649 1292 1761 1344 corant
1773 1265 1974 1368 pedoribus
1994 1282 2038 1360 σο

396 1364 701 1441 virtutecastitatis
717 1361 851 1440 lumbos
875 1368 943 1441 mei
967 1390 1101 1465 corpo·
1147 1364 1327 1441 humiliter
1340 1368 1642 1463 caraem-cased
1653 1367 1787 1442 altare:
1804 1366 1975 1460 &saciat

291 1465 364 1538 ris:
391 1465 605 1561 &extingue
618 1464 654 1537 iu
667 1463 716 1538 eia
731 1464 910 1541 humorem
924 1465 1098 1542 libidinis:
1146 1462 1368 1557 confessuram
1383 1468 1627 1565 dicendoprius
1642 1470 1749 1543 erite
1766 1464 1885 1543 Maria
1901 1511 1915 1539 ο
1931 1465 1973 1542 ln

291 1585 331 1637 ut
344 1566 480 1679 iugiter
506 1579 642 1645 maneat
670 1565 706 1639 in
723 1586 777 1640 me
799 1582 906 1641 tenor
922 1566 1033 1645 totius
1046 1592 1103 1648 ca·
1151 1563 1296 1641 nomine
1306 1566 1452 1646 Domni
1474 1564 1975 1653 nosriieanhrlsti·‘Am=n·

217 1667 265 1727 10
290 1662 441 1741 llitatra.
464 1661 747 1739 Pethrillum·
1149 1665 1264 1741 Sanfii
1290 1665 1440 1765 Spiritus
1453 1669 1539 1745 adfit
1563 1664 1666 1745 nobit
1679 1666 1820 1769 gratia.
1847 1662 1900 1759 ᾖ.
1914 1664 1973 1741 ln·

453 1760 742 1929 damnificare
765 1805 778 1831 .
800 1763 946 1838 oraetiu.
1151 1763 1272 1841 truibo
1285 1768 1329 1842 ad
1343 1764 1454 1844 altare
1466 1766 1561 1845 Dei·
1585 1768 1707 1863 &Ad
1722 1764 1840 1839 Qum
1850 1763 1913 1861 qui
1927 1762 1978 1839 le·
1994 1781 2034 1877 ις

416 1862 602 1955 Erearque
658 1859 811 1937 Domine
826 1861 1015 1958 deportare
1030 1889 1104 1947 ma·
1151 1863 1265 1940 titicat
1290 1869 1515 1955 juventutem
1545 1887 1658 1943 meam
1691 1876 1738 1939 P.
1764 1866 1889 1946 ludica
1920 1888 1978 1943 me

430 1958 583 2056 nipulum
598 1958 729 2047 iullicie
757 1995 769 2035 a
793 1960 831 2035 bt
845 1962 937 2039 serre
952 1987 1029 2044 cum
1043 1992 1104 2064 pa·
1151 1964 1270 2039 Deus.
1284 1980 1499 2043 totamm
1511 1962 1635 2044 Gloria
1647 1964 1741 2064 patri
1756 1974 1829 2040 ,Β
1840 1966 1975 2039 iterun

291 2061 482 2137 tieutiaeut
496 2054 595 2134 illum
608 2083 687 2136 cum
700 2053 921 2139 exultatione
935 2064 1101 2142 deferen-
1150 2064 1266 2140 dicat.
1290 2064 1333 2141 lit
1353 2064 1573 2147 introiboad
1591 2065 1700 2143 altare
1721 2064 1820 2141 Dei.
1841 2056 1895 2162 ᾖ.
1910 2060 1979 2139 Di-

214 2162 262 2243 15
290 2160 430 2237 docum
455 2160 522 2235 ruia
538 2156 671 2233 Sanslir
684 2156 889 2256 portionem
909 2165 1103 2265 accipiam.
1152 2187 1259 2265 gnare
1271 2164 1427 2243 Domine
1441 2165 1500 2245 die
1522 2165 1588 2243 illo
1611 2212 1626 2243 .
1653 2165 1802 2260 §asine
1885 2176 1973 2238 cato

290 2260 362 2339 Per
375 2257 576 2335 Cbrillum·
673 2258 893 2335 Ausculum.
908 2269 1049 2341 orario.
1151 2286 1218 2340 not
1243 2264 1416 2344 custodire
1455 2267 1513 2363 pit
1538 2262 1770 2344 confitemini
1872 2261 1976 2338 mino
1994 2300 2034 2382 7⁰

394 2359 490 2435 Edde
519 2355 605 2437 mihi
632 2357 783 2435 Domine
807 2358 957 2439 obsecro
980 2363 1102 2443 solam
1150 2364 1317 2460 quoniam
1331 2365 1482 2444 bonus0
1511 2361 1799 2464 proponentia
1816 2358 1977 2439 seculum

407 2453 806 2554 immortalitatiaaquam
816 2464 954 2561 perdidi
968 2466 1003 2539 in
1019 2490 1102 2564 pre·
1151 2461 1389 2543 misericordia
1401 2474 1503 2556 elue.
1528 2465 1579 2559 xl·
1593 2469 1668 2543 Ora
1685 2489 1754 2565 pro
1770 2462 1873 2540 nobit
1893 2460 1973 2535 san·

287 2556 505 2636 varicatione
521 2554 623 2653 primi
636 2560 792 2652 parentia
817 2587 830 2633 a
857 2564 895 2637 dc
917 2564 999 2660 quia
1024 2588 1105 2641 cum
1154 2561 1211 2637 cta
1236 2562 1305 2640 Dei
1335 2566 1528 2669 genitrix·
1557 2580 1609 2666 gr·
1640 2569 1688 2647 Ut
1712 2563 1813 2666 digni
1842 2558 1975 2653 efficia,

210 2660 262 2718 20
287 2653 357 2733 hoc
371 2676 584 2735 ornamento
599 2654 759 2751 quamvic
774 2658 939 2760 indignua
955 2668 1103 2742 accede·
1150 2666 1313 2739 murore.
1699 2660 1877 2755 coafcfflo·

283 2759 382 2832 read
399 2777 495 2835 tuum
522 2756 670 2833 uanum
715 2758 853 2839 resumo
874 2763 1099 2861 mylleriume
1250 2765 1420 2848 Onliteor
1447 2763 1682 2867 omnipotenti
1709 2766 1792 2839 Deo
1808 2762 1847 2838 dc
1865 2758 1969 2835 beate
1990 2792 2031 2875 75

285 2856 398 2952 prelia
414 2876 538 2935 utcum
550 2858 677 2933 eodem
688 2782 790 2939 letari
805 2882 945 2941 merear
963 2862 1099 2965 inper-
1261 2860 1375 2940 Marie
1389 2866 1530 2967 Virgini
1556 2894 1567 2938 ι
1591 2870 1628 2942 &
1641 2860 1773 2942 Sancti·
1786 2865 1818 2935 Α
1823 2856 1969 2957 postolic

284 2958 613 3052 peeuunueruc.
1150 2958 1970 3043 Petrouraulononntbmsmctnabvo-

482 3057 703 3152 Adcasasatu
725 3107 738 3133 .
758 3062 907 3138 oratio}
1151 3056 1203 3134 bic
1218 3060 1344 3137 fratrea
1361 3063 1538 3143 manifesto
1552 3088 1608 3143 me
1652 3059 1783 3139 rariter
1807 3057 1968 3155 peccatl'e

206 3159 257 3242 25
344 3164 461 3258 ligum
478 3176 574 3236 tuum
587 3158 1100 3241 Dominesuaveella&onur
1150 3183 1216 3258 per
1232 3157 1449 3259 superbiama
1469 3163 1504 3238 in
1518 3161 1601 3262 lege
1674 3156 1770 3234 imei
1792 3184 1805 3228 a
1829 3156 1973 3257 cogita·

355 3254 569 3335 tuumlevec
594 3260 703 3357 prelia
715 3280 754 3336 ut
768 3260 815 3334 fic
828 3257 915 3338 illud
933 3262 1102 3357 deporta·
1149 3257 1272 3334 tione:
1290 3260 1488 3337 locutiones
1501 3283 1613 3361 opere
1627 3259 1866 3335 &omissione
1877 3278 1970 3333 :mea
1987 3269 2028 3352 80

284 3384 328 3439 re
344 3356 479 3437 valeam
504 3386 515 3428 a
540 3375 581 3431 ut
593 3358 759 3457 consequi
771 3360 898 3460 pollim
913 3380 1006 3441 tuam
1019 3386 1101 3461 gra·
1149 3356 1249 3458 culpa
1269 3390 1281 3433 a
1308 3384 1385 3439 mea
1397 3358 1496 3462 culpa
1511 3389 1522 3433 a
1540 3357 1738 3463 grauiffima
1750 3378 1829 3432 mee
1842 3351 1973 3453 culpa.

285 3458 402 3538 nam.
429 3454 710 3533 l’erChtislum.
1150 3455 1239 3533 ldeo
1254 3483 1382 3559 precor
1396 3460 1620 3539 beatillimam
1648 3453 1834 3559 Virginem
1863 3451 1973 3529 Mari·

295 3557 532 3656 vanaequae
547 3557 706 3632 sacerdos
713 3554 761 3649 la't
775 3559 912 3636 indum
922 3560 1014 3638 ditat
1028 3559 1117 3637 uon-
1153 3581 1207 3636 am
1233 3580 1245 3626 t
1272 3562 1308 3634 δι
1321 3583 1441 3637 omnes
1457 3558 1603 3638 Sancto·
1615 3556 1653 3632 bt
1664 3552 1806 3633 Sancto
1821 3574 1833 3624 τ
1850 3555 1889 3631 &
1903 3576 1967 3631 voc

208 3658 260 3745 30
287 3670 338 3755 lja
353 3662 463 3737 Pater
481 3657 624 3754 peccaui
650 3654 687 3730 in
713 3654 826 3733 celum
841 3664 878 3736 δι
892 3684 1012 3737 coram
1026 3678 1064 3736 te
1089 3689 1102 3735 a
1155 3657 1280 3734 fratres
1294 3683 1399 3735 orare
1414 3684 1483 3759 pro
1491 3682 1572 3737 me.

282 3763 356 3849 yrun
386 3780 460 3833 uon
484 3755 558 3835 sum
578 3756 701 3857 dignus
727 3759 846 3834 vocari
873 3758 963 3836 liliua
986 3779 1103 3838 tuuc.
1202 3753 1416 3849 Absolutio-
1440 3754 1770 3837 Misereaturvellri
1802 3749 1970 3868 omnipo·
1988 3768 2024 3865 ις

284 3858 356 3935 Fac
372 3880 429 3933 me
454 3855 541 3932 licut
568 3881 673 3932 unum
688 3856 734 3930 de
755 3858 975 3934 mercenariis
1005 3858 1103 3935 tuit.
1150 3876 1229 3932 tene
1245 3858 1366 3932 Deuaa
1391 3860 1429 3933 bt
1455 3857 1596 3935 dimiffir
1621 3852 1781 3931 omuibus
1809 3872 1969 3948 peccarit

287 3954 339 4053 ᾖ.
353 3957 487 4049 Quanti
502 3957 705 4033 mercenarii
729 3958 764 4030 in
786 3957 893 4035 domo
907 3958 1015 4056 patris
1033 3959 1100 4035 mei
1149 3955 1273 4032 vellria
1298 3982 1308 4026 ι
1330 3958 1499 4055 perducat
1514 3977 1581 4034 vot
1596 3954 1639 4030 ad
1657 3954 1764 4031 vitam
1780 3969 1966 4031 eternam.

284 4058 461 4133 abundant
478 4057 623 4152 panibus
649 4084 659 4127 c
689 4078 760 4153 ego
790 4079 909 4133 autem
935 4059 990 4133 hic
1009 4060 1099 4133 fame
1149 4061 1278 4135 Amen.

205 4154 254 4245 35
286 4181 425 4253 perena
450 4155 585 4250 surgam
598 4158 633 4228 δι
652 4156 709 4229 ibo
724 4158 767 4229 ad
784 4176 923 4249 patrem
936 4181 1048 4232 meum
1062 4159 1099 4233 δι
1197 4153 1623 4256 Abssrlutinadpopulura'.
1638 4146 1968 4251 indulgentiamab·

283 4256 395 4330 dicam
409 4251 466 4325 ei.
489 4254 688 4329 P.Facme.
703 4253 968 4352 llyrieleysou.
995 4256 1101 4331 Chri·
1149 4251 1413 4333 solutionem&
1430 4254 1661 4330 remiffionem
1674 4254 1829 4327 omnium
1843 4270 1965 4349 petta-
1986 4272 2029 4357 90·

282 4352 455 4450 sleleyson
483 4397 495 4421 .
520 4350 787 4449 llyrieleyson·
811 4358 919 4430 Pater
945 4355 1098 4430 noster.
1150 4372 1269 4427 torum
1301 4356 1491 4431 vestrorum
1521 4375 1596 4429 cum
1621 4351 1874 4424 emendatione
1890 4373 1967 4424 mo·

282 4452 339 4546 ‘l'-
352 4454 410 4528 Ab
422 4449 570 4528 occultis
592 4454 678 4526 meis
703 4452 829 4528 munda
849 4479 903 4529 me
919 4455 1099 4528 Dominea
1147 4477 1223 4528 rum
1236 4455 1272 4528 de
1288 4452 1364 4529 vite
1389 4486 1400 4526 a
1430 4480 1492 4552 per
1509 4451 1655 4554 gratiam
1670 4447 1787 4524 Sanfli
1804 4448 1962 4545 spirituc

285 4554 384 4648 most
394 4547 565 4626 abalienir
582 4572 685 4648 parce
700 4552 804 4628 seruo
819 4571 891 4629 tuo.
904 4551 952 4645 ι).
971 4555 1097 4630 Domi·
1146 4554 1389 4630 tribuatvobic
1403 4554 1596 4631 misericor·
1611 4550 1809 4627 Dominus.
1824 4553 1965 4623 Amen.

205 4666 260 4747 40
285 4652 464 4728 neeuaudi
476 4651 673 4728 orationem
686 4677 809 4729 meam·
824 4666 874 4749 &-
891 4656 935 4729 Et
949 4651 1097 4732 clamor.
1145 4650 1195 4746 y}-
1224 4653 1320 4728 Deus
1346 4673 1387 4729 tu
1421 4651 1613 4732 conversus
1635 4647 1835 4727 vivificabis
1865 4672 1964 4723 noc.

483 4754 655 4827 Oremuc.
753 4756 899 4828 oratio.
1145 4766 1196 4849 ξι.
1211 4756 1253 4829 Et
1272 4752 1367 4850 plebs
1381 4771 1441 4829 tua
1458 4752 1623 4829 letabitur
1633 4752 1667 4824 in
1682 4769 1720 4823 te
1736 4774 1747 4818 a
1773 4743 1820 4845 pl.
1837 4747 1963 4822 Ollen·
1982 4772 2024 4853 95

140 4899 145 4911 ·
284 4846 531 5028 DEurqui
546 4850 749 4949 deindignir
771 4851 932 4949 dignoac
958 4854 1095 4953 depec-
1144 4855 1190 4927 de
1222 4854 1321 4928 nobit
1347 4855 1500 4929 Domine
1536 4847 1804 4925 misericordiam
1824 4863 1963 4923 tuam.

407 4950 586 5026 catonibus
595 4953 699 5035 iustos
713 4954 772 5024 a&
787 4956 831 5027 de
849 4955 1029 5043 immundis
1044 4960 1095 5032 fa·
1145 4967 1195 5048 lja.
1211 4955 1254 5030 Et
1264 4950 1412 5030 salutare
1424 4974 1521 5030 tuum
1546 4952 1591 5025 da
1614 4949 1743 5024 nobis.
1768 4943 1818 5033 ὖ.
1833 4946 1962 5020 Sacer-

282 5069 333 5119 crc
346 5053 518 5124 mundos:
542 5051 665 5123 munda
695 5075 758 5128 cor
782 5076 893 5127 meum
914 5057 952 5127 δι
967 5077 1096 5150 eorpus
1142 5055 1248 5130 dotet
1263 5054 1316 5130 tui
1329 5052 1689 5135 induanturiullieiam
1705 5094 1716 5116 ·
1733 5045 1827 5143 lJuEt
1842 5042 1963 5121 sanni

206 5168 258 5247 45
284 5170 395 5221 meum
413 5149 454 5220 ab
466 5149 561 5222 omni
575 5147 722 5223 surde&
736 5154 958 5249 cogitatione
972 5178 1094 5250 pecea-
1144 5155 1194 5227 tui
1210 5152 1369 5229 exultent
1384 5200 1396 5226 .
1423 5153 1472 5245 d.
1488 5151 1642 5228 Domioe
1657 5144 1783 5221 exaudi
1809 5190 1820 5214 ·
1854 5159 1905 5239 ξι.
1918 5146 1961 5219 lit

285 5246 313 5318 ti
337 5274 346 5315 ι
373 5248 1099 5344 &lucmedignumarquesbenunmsam
1143 5249 1365 5344 clamoml.
1382 5252 1553 5330 Dominus
1570 5245 1919 5336 vobiscumet.
1984 5268 2038 5328 ιοο

286 5344 350 5417 slis
368 5344 532 5421 altaribus
548 5348 616 5420 tuis
630 5348 816 5423 ministrum
844 5379 855 5420 ι
881 5354 917 5426 &
931 5352 1041 5449 prelia
1055 5350 1099 5428 ut'
1342 5353 1519 5427 oremus.
1616 5344 1736 5425 Oratt'u
1747 5390 1762 5414 ·

283 5444 321 5518 in
337 5446 406 5519 hoc
436 5443 536 5520 altari
554 5449 594 5518 ad
611 5449 704 5540 quod
734 5447 898 5545 indignus
928 5454 1093 5526 accedere
1238 5450 1355 5525 lisera
1369 5452 1470 5527 nobis
1483 5446 1664 5546 quesumus
1680 5443 1860 5521 Dominee
1876 5464 1961 5517 cun·

284 5546 465 5641 ptel'umoc
491 5543 717 5643 acceptabiles
733 5548 794 5621 tibi
809 5549 934 5624 holliat
949 5548 1093 5631 offeram
1262 5552 1330 5624 flua
1346 5549 1544 5645 iniquitates
1555 5551 1684 5626 nostras
1711 5571 1723 5615 a
1746 5545 1783 5615 dr
1799 5540 1958 5641 spiritum

209 5688 258 5764 ,ο
285 5648 567 5741 propeccatis&
585 5645 825 5720 offenfiouibus
843 5677 852 5720 a
877 5651 912 5722 δι
929 5648 1088 5725 innume·
1144 5652 1301 5748 superbie
1316 5655 1353 5727 dc
1365 5648 1527 5725 elationis
1545 5650 1602 5723 cui
1617 5642 1738 5722 resistit
1765 5665 1778 5708 ε
1802 5644 1839 5717 ἃ
1860 5640 1956 5741 reple

285 5746 335 5818 rie
355 5745 563 5840 quotidianis
594 5746 676 5819 meis
707 5748 894 5822 excellibut
921 5777 931 5819 e
956 5752 994 5822 ὅτ
1026 5774 1097 5845 pro
1142 5775 1207 5825 nos
1223 5750 1344 5845 spiritu
1355 5752 1489 5827 timoris
1516 5778 1526 5819 ι
1553 5752 1590 5824 ἃ
1612 5750 1656 5822 da
1674 5741 1772 5817 uobis
1789 5765 1954 5821 corcon-
1979 5761 2031 5844 105

284 5845 1092 6041 ztlllllllllltllllssllssllll·
1142 5842 1957 6045 {lllslllll‘llslsslllstill:

286 6044 843 6122 mendaveruntorationibust&
857 6049 1094 6150 pereumtibi
1143 6048 1315 6145 mentibus
1340 6051 1489 6153 introire
1520 6096 1535 6122 ι
1569 6052 1641 6130 l’er
1666 6042 1958 6220 Dominumfflno·

1074 6202 1082 6213 .
1743 6168 1749 6181 ·
1901 6160 1958 6217 um
