<?xml version="1.0" encoding="UTF-8"?>
<!DOCTYPE html PUBLIC "-//W3C//DTD XHTML 1.0 Transitional//EN"
    "http://www.w3.org/TR/xhtml1/DTD/xhtml1-transitional.dtd">
<html xmlns="http://www.w3.org/1999/xhtml" xml:lang="en" lang="en">
 <head>
  <title>
</title>
<meta http-equiv="Content-Type" content="text/html;charset=utf-8" />
  <meta name='ocr-system' content='tesseract 3.04.00' />
  <meta name='ocr-capabilities' content='ocr_page ocr_carea ocr_par ocr_line ocrx_word'/>
</head>
<body>
  <div class='ocr_page' id='page_1' title='image "./missalemixtumse00leslgoog_0261.png"; bbox 0 0 4450 7209; ppageno 0'>
   <div class='ocr_carea' id='block_1_1' title="bbox 206 700 2021 3849">
    <p class='ocr_par' dir='ltr' id='par_1_1' title="bbox 287 700 1563 806">
     <span class='ocr_line' id='line_1_1' title="bbox 287 700 1563 806; baseline -0.013 -17"><span class='ocrx_word' id='word_1_1' title='bbox 287 726 358 806; x_wconf 73' lang='lat'>14⁰</span> <span class='ocrx_word' id='word_1_2' title='bbox 664 706 916 788; x_wconf 75' lang='lat' dir='ltr'>mommsen</span> <span class='ocrx_word' id='word_1_3' title='bbox 944 702 1129 798; x_wconf 72' lang='lat' dir='ltr'><strong>QUINTA</strong></span> <span class='ocrx_word' id='word_1_4' title='bbox 1156 700 1563 799; x_wconf 61' lang='lat' dir='ltr'>QUADRAGESIMEL</span> 
     </span>
    </p>

    <p class='ocr_par' dir='ltr' id='par_1_2' title="bbox 282 796 2021 1200">
     <span class='ocr_line' id='line_1_2' title="bbox 284 796 2021 905; baseline -0.004 -21"><span class='ocrx_word' id='word_1_5' title='bbox 284 833 367 885; x_wconf 90' lang='lat' dir='ltr'>num</span> <span class='ocrx_word' id='word_1_6' title='bbox 381 806 499 886; x_wconf 79' lang='lat' dir='ltr'>autem</span> <span class='ocrx_word' id='word_1_7' title='bbox 513 829 584 887; x_wconf 88' lang='lat' dir='ltr'>non</span> <span class='ocrx_word' id='word_1_8' title='bbox 600 806 880 905; x_wconf 84' lang='lat' dir='ltr'>sequunturased</span> <span class='ocrx_word' id='word_1_9' title='bbox 895 807 1034 905; x_wconf 86' lang='lat' dir='ltr'>fugiunt</span> <span class='ocrx_word' id='word_1_10' title='bbox 1051 807 1093 880; x_wconf 92' lang='lat' dir='ltr'>ab</span> <span class='ocrx_word' id='word_1_11' title='bbox 1144 828 1216 877; x_wconf 91' lang='lat' dir='ltr'>rum</span> <span class='ocrx_word' id='word_1_12' title='bbox 1243 802 1392 876; x_wconf 85' lang='lat' dir='ltr'>solennia</span> <span class='ocrx_word' id='word_1_13' title='bbox 1429 806 1461 872; x_wconf 93' lang='lat' dir='ltr'>in</span> <span class='ocrx_word' id='word_1_14' title='bbox 1489 819 1609 877; x_wconf 85' lang='lat' dir='ltr'>monte</span> <span class='ocrx_word' id='word_1_15' title='bbox 1641 796 1748 891; x_wconf 85' lang='lat' dir='ltr'>Synai</span> <span class='ocrx_word' id='word_1_16' title='bbox 1777 797 1958 896; x_wconf 76' lang='lat' dir='ltr'>propicius</span> <span class='ocrx_word' id='word_1_17' title='bbox 1985 828 2021 900; x_wconf 86' lang='lat'>55</span> 
     </span>
     <span class='ocr_line' id='line_1_3' title="bbox 286 897 1958 1004; baseline -0.005 -23"><span class='ocrx_word' id='word_1_18' title='bbox 286 932 331 981; x_wconf 89' lang='lat' dir='ltr'>eo</span> <span class='ocrx_word' id='word_1_19' title='bbox 345 938 354 980; x_wconf 82' lang='grc' dir='ltr'>ι</span> <span class='ocrx_word' id='word_1_20' title='bbox 370 909 449 1004; x_wconf 89' lang='lat' dir='ltr'>quia</span> <span class='ocrx_word' id='word_1_21' title='bbox 465 933 533 987; x_wconf 90' lang='lat' dir='ltr'>non</span> <span class='ocrx_word' id='word_1_22' title='bbox 548 925 719 981; x_wconf 87' lang='lat' dir='ltr'>noverunt</span> <span class='ocrx_word' id='word_1_23' title='bbox 735 927 860 981; x_wconf 88' lang='lat' dir='ltr'>vocem</span> <span class='ocrx_word' id='word_1_24' title='bbox 876 904 1065 977; x_wconf 89' lang='lat' dir='ltr'>alienorum</span> <span class='ocrx_word' id='word_1_25' title='bbox 1080 951 1091 971; x_wconf 85' lang='lat'><strong>·</strong></span> <span class='ocrx_word' id='word_1_26' title='bbox 1142 902 1313 976; x_wconf 84' lang='lat' dir='ltr'>ostendisti</span> <span class='ocrx_word' id='word_1_27' title='bbox 1330 930 1338 970; x_wconf 74' lang='grc' dir='ltr'><strong>ε</strong></span> <span class='ocrx_word' id='word_1_28' title='bbox 1354 920 1391 973; x_wconf 94' lang='lat' dir='ltr'>ut</span> <span class='ocrx_word' id='word_1_29' title='bbox 1405 904 1532 974; x_wconf 64' lang='lat' dir='ltr'>octavo</span> <span class='ocrx_word' id='word_1_30' title='bbox 1545 901 1602 971; x_wconf 90' lang='lat' dir='ltr'>die</span> <span class='ocrx_word' id='word_1_31' title='bbox 1617 919 1766 971; x_wconf 84' lang='lat' dir='ltr'>uenturo</span> <span class='ocrx_word' id='word_1_32' title='bbox 1781 897 1958 979; x_wconf 81' lang='lat' dir='ltr'>sumerent</span> 
     </span>
     <span class='ocr_line' id='line_1_4' title="bbox 286 994 1960 1103; baseline -0.004 -26"><span class='ocrx_word' id='word_1_33' title='bbox 286 1011 369 1085; x_wconf 77' lang='lat' dir='ltr'>Hoc</span> <span class='ocrx_word' id='word_1_34' title='bbox 397 1007 621 1103; x_wconf 81' lang='lat' dir='ltr'>proverbium</span> <span class='ocrx_word' id='word_1_35' title='bbox 648 1001 739 1079; x_wconf 83' lang='lat' dir='ltr'>dixit</span> <span class='ocrx_word' id='word_1_36' title='bbox 761 1003 876 1088; x_wconf 81' lang='lat' dir='ltr'>Jesusa</span> <span class='ocrx_word' id='word_1_37' title='bbox 896 999 948 1075; x_wconf 88' lang='lat' dir='ltr'>iiii</span> <span class='ocrx_word' id='word_1_38' title='bbox 979 1019 1094 1075; x_wconf 91' lang='lat' dir='ltr'>autem</span> <span class='ocrx_word' id='word_1_39' title='bbox 1143 1001 1354 1074; x_wconf 90' lang='lat' dir='ltr'>diversarum</span> <span class='ocrx_word' id='word_1_40' title='bbox 1370 1000 1532 1073; x_wconf 88' lang='lat' dir='ltr'>arborum</span> <span class='ocrx_word' id='word_1_41' title='bbox 1560 994 1689 1071; x_wconf 64' lang='lat' dir='ltr'>senous</span> <span class='ocrx_word' id='word_1_42' title='bbox 1706 1025 1717 1068; x_wconf 78' lang='grc' dir='ltr'>ι</span> <span class='ocrx_word' id='word_1_43' title='bbox 1735 1019 1851 1074; x_wconf 84' lang='lat' dir='ltr'>ramos</span> <span class='ocrx_word' id='word_1_44' title='bbox 1866 1022 1960 1092; x_wconf 85' lang='lat' dir='ltr'>quo-</span> 
     </span>
     <span class='ocr_line' id='line_1_5' title="bbox 282 1094 1957 1200; baseline -0.006 -21"><span class='ocrx_word' id='word_1_45' title='bbox 282 1130 353 1179; x_wconf 92' lang='lat' dir='ltr'>non</span> <span class='ocrx_word' id='word_1_46' title='bbox 380 1119 623 1200; x_wconf 88' lang='lat' dir='ltr'>cognoverunt</span> <span class='ocrx_word' id='word_1_47' title='bbox 646 1128 656 1170; x_wconf 79' lang='lat' dir='ltr'>a</span> <span class='ocrx_word' id='word_1_48' title='bbox 681 1101 761 1197; x_wconf 90' lang='lat' dir='ltr'>quid</span> <span class='ocrx_word' id='word_1_49' title='bbox 790 1099 993 1196; x_wconf 89' lang='lat' dir='ltr'>loqueretur</span> <span class='ocrx_word' id='word_1_50' title='bbox 1020 1098 1094 1169; x_wconf 86' lang='lat' dir='ltr'>eis.</span> <span class='ocrx_word' id='word_1_51' title='bbox 1143 1122 1210 1193; x_wconf 92' lang='lat' dir='ltr'>que</span> <span class='ocrx_word' id='word_1_52' title='bbox 1225 1096 1409 1194; x_wconf 86' lang='lat' dir='ltr'>palmatum</span> <span class='ocrx_word' id='word_1_53' title='bbox 1424 1123 1435 1167; x_wconf 80' lang='lat' dir='ltr'>a</span> <span class='ocrx_word' id='word_1_54' title='bbox 1450 1102 1484 1170; x_wconf 80' lang='grc' dir='ltr'>δι</span> <span class='ocrx_word' id='word_1_55' title='bbox 1500 1094 1698 1169; x_wconf 80' lang='lat' dir='ltr'>exultarent</span> <span class='ocrx_word' id='word_1_56' title='bbox 1717 1096 1957 1191; x_wconf 76' lang='lat' dir='ltr'>inconspectu</span> 
     </span>
    </p>

    <p class='ocr_par' dir='ltr' id='par_1_3' title="bbox 234 1195 2003 1315">
     <span class='ocr_line' id='line_1_6' title="bbox 234 1195 2003 1315; baseline -0.003 -41"><span class='ocrx_word' id='word_1_57' title='bbox 234 1238 253 1315; x_wconf 77' lang='lat'>5</span> <span class='ocrx_word' id='word_1_58' title='bbox 280 1201 385 1277; x_wconf 84' lang='lat' dir='ltr'>Dixit</span> <span class='ocrx_word' id='word_1_59' title='bbox 399 1224 489 1308; x_wconf 84' lang='lat' dir='ltr'>ergo</span> <span class='ocrx_word' id='word_1_60' title='bbox 510 1200 562 1272; x_wconf 86' lang='lat' dir='ltr'>eis</span> <span class='ocrx_word' id='word_1_61' title='bbox 575 1199 706 1272; x_wconf 90' lang='lat' dir='ltr'>iterum</span> <span class='ocrx_word' id='word_1_62' title='bbox 723 1198 837 1275; x_wconf 80' lang='lat' dir='ltr'>iesus.</span> <span class='ocrx_word' id='word_1_63' title='bbox 864 1204 979 1273; x_wconf 78' lang='lat' dir='ltr'>Amen</span> <span class='ocrx_word' id='word_1_64' title='bbox 995 1220 1092 1271; x_wconf 87' lang='lat' dir='ltr'>amen</span> <span class='ocrx_word' id='word_1_65' title='bbox 1144 1198 1285 1271; x_wconf 86' lang='lat' dir='ltr'>Domini</span> <span class='ocrx_word' id='word_1_66' title='bbox 1298 1198 1364 1269; x_wconf 88' lang='lat' dir='ltr'>Dei</span> <span class='ocrx_word' id='word_1_67' title='bbox 1383 1196 1433 1268; x_wconf 90' lang='lat' dir='ltr'>sui</span> <span class='ocrx_word' id='word_1_68' title='bbox 1449 1217 1522 1269; x_wconf 88' lang='lat' dir='ltr'>cum</span> <span class='ocrx_word' id='word_1_69' title='bbox 1539 1195 1674 1289; x_wconf 85' lang='lat' dir='ltr'>hymnis</span> <span class='ocrx_word' id='word_1_70' title='bbox 1687 1241 1698 1265; x_wconf 86' lang='lat'><strong>.</strong></span> <span class='ocrx_word' id='word_1_71' title='bbox 1711 1195 1880 1268; x_wconf 84' lang='lat' dir='ltr'>Concede</span> <span class='ocrx_word' id='word_1_72' title='bbox 1895 1220 1957 1270; x_wconf 92' lang='lat' dir='ltr'>no-</span> <span class='ocrx_word' id='word_1_73' title='bbox 2000 1238 2003 1243; x_wconf 95' lang='lat'>·</span> 
     </span>
    </p>

    <p class='ocr_par' dir='ltr' id='par_1_4' title="bbox 281 1292 2018 1686">
     <span class='ocr_line' id='line_1_7' title="bbox 282 1292 2018 1395; baseline -0.004 -18"><span class='ocrx_word' id='word_1_74' title='bbox 282 1300 364 1377; x_wconf 90' lang='lat' dir='ltr'>dico</span> <span class='ocrx_word' id='word_1_75' title='bbox 374 1300 502 1370; x_wconf 76' lang='lat' dir='ltr'>vobisc</span> <span class='ocrx_word' id='word_1_76' title='bbox 520 1297 600 1394; x_wconf 89' lang='lat' dir='ltr'>qnia</span> <span class='ocrx_word' id='word_1_77' title='bbox 615 1322 689 1395; x_wconf 86' lang='lat' dir='ltr'>ego</span> <span class='ocrx_word' id='word_1_78' title='bbox 716 1296 786 1371; x_wconf 93' lang='lat' dir='ltr'>sum</span> <span class='ocrx_word' id='word_1_79' title='bbox 801 1297 921 1371; x_wconf 83' lang='lat' dir='ltr'>ostium</span> <span class='ocrx_word' id='word_1_80' title='bbox 947 1294 1067 1371; x_wconf 89' lang='lat' dir='ltr'>ovium</span> <span class='ocrx_word' id='word_1_81' title='bbox 1082 1321 1092 1362; x_wconf 75' lang='grc' dir='ltr'>ι</span> <span class='ocrx_word' id='word_1_82' title='bbox 1144 1296 1196 1369; x_wconf 87' lang='lat' dir='ltr'>bis</span> <span class='ocrx_word' id='word_1_83' title='bbox 1213 1293 1347 1371; x_wconf 81' lang='lat' dir='ltr'>famulis</span> <span class='ocrx_word' id='word_1_84' title='bbox 1361 1294 1429 1368; x_wconf 84' lang='lat' dir='ltr'>tuis</span> <span class='ocrx_word' id='word_1_85' title='bbox 1447 1325 1456 1365; x_wconf 80' lang='lat' dir='ltr'>a</span> <span class='ocrx_word' id='word_1_86' title='bbox 1472 1314 1510 1367; x_wconf 93' lang='lat' dir='ltr'>ut</span> <span class='ocrx_word' id='word_1_87' title='bbox 1523 1292 1726 1368; x_wconf 80' lang='lat' dir='ltr'>innocentie</span> <span class='ocrx_word' id='word_1_88' title='bbox 1742 1297 1777 1367; x_wconf 81' lang='lat' dir='ltr'>dt</span> <span class='ocrx_word' id='word_1_89' title='bbox 1797 1295 1880 1368; x_wconf 83' lang='lat' dir='ltr'>fidei</span> <span class='ocrx_word' id='word_1_90' title='bbox 1893 1320 1953 1370; x_wconf 83' lang='lat' dir='ltr'>ve·</span> <span class='ocrx_word' id='word_1_91' title='bbox 1977 1294 2018 1371; x_wconf 76' lang='lat' dir='ltr'>so</span> 
     </span>
     <span class='ocr_line' id='line_1_8' title="bbox 282 1389 1952 1492; baseline -0.005 -18"><span class='ocrx_word' id='word_1_92' title='bbox 282 1418 402 1474; x_wconf 90' lang='lat' dir='ltr'>omnes</span> <span class='ocrx_word' id='word_1_93' title='bbox 418 1414 595 1492; x_wconf 89' lang='lat' dir='ltr'>quotquot</span> <span class='ocrx_word' id='word_1_94' title='bbox 625 1415 796 1471; x_wconf 86' lang='lat' dir='ltr'>venerunt</span> <span class='ocrx_word' id='word_1_95' title='bbox 811 1424 820 1465; x_wconf 80' lang='grc' dir='ltr'>ι</span> <span class='ocrx_word' id='word_1_96' title='bbox 835 1397 931 1471; x_wconf 84' lang='lat' dir='ltr'>fures</span> <span class='ocrx_word' id='word_1_97' title='bbox 963 1393 1039 1466; x_wconf 90' lang='lat' dir='ltr'>sunt</span> <span class='ocrx_word' id='word_1_98' title='bbox 1053 1395 1090 1466; x_wconf 76' lang='grc' dir='ltr'>δι</span> <span class='ocrx_word' id='word_1_99' title='bbox 1141 1393 1247 1470; x_wconf 85' lang='lat' dir='ltr'>ritate</span> <span class='ocrx_word' id='word_1_100' title='bbox 1264 1394 1410 1470; x_wconf 79' lang='lat' dir='ltr'>sinceri:</span> <span class='ocrx_word' id='word_1_101' title='bbox 1427 1392 1494 1468; x_wconf 91' lang='lat' dir='ltr'>tuis</span> <span class='ocrx_word' id='word_1_102' title='bbox 1511 1392 1646 1490; x_wconf 85' lang='lat' dir='ltr'>semper</span> <span class='ocrx_word' id='word_1_103' title='bbox 1658 1414 1773 1466; x_wconf 88' lang='lat' dir='ltr'>coram</span> <span class='ocrx_word' id='word_1_104' title='bbox 1788 1389 1952 1468; x_wconf 84' lang='lat' dir='ltr'>altaribus</span> 
     </span>
     <span class='ocr_line' id='line_1_9' title="bbox 281 1489 1955 1588; baseline -0.001 -19"><span class='ocrx_word' id='word_1_105' title='bbox 281 1493 440 1569; x_wconf 77' lang='lat' dir='ltr'>latrones</span> <span class='ocrx_word' id='word_1_106' title='bbox 461 1520 470 1561; x_wconf 84' lang='lat' dir='ltr'>a</span> <span class='ocrx_word' id='word_1_107' title='bbox 496 1491 554 1567; x_wconf 84' lang='lat' dir='ltr'>sed</span> <span class='ocrx_word' id='word_1_108' title='bbox 581 1516 650 1567; x_wconf 88' lang='lat' dir='ltr'>non</span> <span class='ocrx_word' id='word_1_109' title='bbox 675 1493 861 1568; x_wconf 89' lang='lat' dir='ltr'>audierunt</span> <span class='ocrx_word' id='word_1_110' title='bbox 886 1515 948 1568; x_wconf 85' lang='lat' dir='ltr'>eos</span> <span class='ocrx_word' id='word_1_111' title='bbox 978 1513 1089 1565; x_wconf 83' lang='lat' dir='ltr'>oves·</span> <span class='ocrx_word' id='word_1_112' title='bbox 1141 1494 1321 1569; x_wconf 84' lang='lat' dir='ltr'>affiiiamus</span> <span class='ocrx_word' id='word_1_113' title='bbox 1339 1540 1349 1563; x_wconf 83' lang='lat'><strong>.</strong></span> <span class='ocrx_word' id='word_1_114' title='bbox 1365 1492 1486 1584; x_wconf 80' lang='lat' dir='ltr'>Sitque</span> <span class='ocrx_word' id='word_1_115' title='bbox 1516 1491 1579 1563; x_wconf 90' lang='lat' dir='ltr'>tibi</span> <span class='ocrx_word' id='word_1_116' title='bbox 1607 1489 1858 1588; x_wconf 76' lang='lat' dir='ltr'>parcimoniam</span> <span class='ocrx_word' id='word_1_117' title='bbox 1873 1516 1955 1567; x_wconf 87' lang='lat' dir='ltr'>cor·</span> 
     </span>
     <span class='ocr_line' id='line_1_10' title="bbox 282 1585 1951 1686; baseline -0.002 -23"><span class='ocrx_word' id='word_1_118' title='bbox 282 1592 308 1663; x_wconf 81' lang='lat' dir='ltr'>E</span> <span class='ocrx_word' id='word_1_119' title='bbox 336 1590 444 1666; x_wconf 90' lang='lat' dir='ltr'>osum</span> <span class='ocrx_word' id='word_1_120' title='bbox 458 1592 599 1664; x_wconf 84' lang='lat' dir='ltr'>ostium·</span> <span class='ocrx_word' id='word_1_121' title='bbox 631 1593 698 1665; x_wconf 88' lang='lat' dir='ltr'>Per</span> <span class='ocrx_word' id='word_1_122' title='bbox 713 1614 765 1663; x_wconf 91' lang='lat' dir='ltr'>me</span> <span class='ocrx_word' id='word_1_123' title='bbox 782 1591 881 1685; x_wconf 88' lang='lat' dir='ltr'>srquis</span> <span class='ocrx_word' id='word_1_124' title='bbox 911 1587 1091 1663; x_wconf 79' lang='lat' dir='ltr'>introierit</span> <span class='ocrx_word' id='word_1_125' title='bbox 1140 1615 1265 1686; x_wconf 89' lang='lat' dir='ltr'>porum</span> <span class='ocrx_word' id='word_1_126' title='bbox 1278 1594 1529 1667; x_wconf 83' lang='lat' dir='ltr'>offeramusaut</span> <span class='ocrx_word' id='word_1_127' title='bbox 1541 1585 1951 1685; x_wconf 73' lang='lat' dir='ltr'>aduumplenitudineme</span> 
     </span>
    </p>

    <p class='ocr_par' dir='ltr' id='par_1_5' title="bbox 211 1614 2016 2175">
     <span class='ocr_line' id='line_1_11' title="bbox 211 1614 1954 1784; baseline 0.002 -24"><span class='ocrx_word' id='word_1_128' title='bbox 211 1730 256 1777; x_wconf 65' lang='grc' dir='ltr'>,ο</span> <span class='ocrx_word' id='word_1_129' title='bbox 285 1614 471 1762; x_wconf 65' lang='lat' dir='ltr'>saivabitur</span> <span class='ocrx_word' id='word_1_130' title='bbox 487 1714 497 1757; x_wconf 79' lang='lat' dir='ltr'>a</span> <span class='ocrx_word' id='word_1_131' title='bbox 515 1694 551 1761; x_wconf 79' lang='lat' dir='ltr'>dr</span> <span class='ocrx_word' id='word_1_132' title='bbox 567 1688 781 1782; x_wconf 86' lang='lat' dir='ltr'>ingredietur</span> <span class='ocrx_word' id='word_1_133' title='bbox 794 1694 829 1763; x_wconf 73' lang='grc' dir='ltr'>δι</span> <span class='ocrx_word' id='word_1_134' title='bbox 846 1688 1085 1784; x_wconf 82' lang='lat' dir='ltr'>regredietuta</span> <span class='ocrx_word' id='word_1_135' title='bbox 1140 1692 1303 1781; x_wconf 74' lang='lat' dir='ltr'>persedtis</span> <span class='ocrx_word' id='word_1_136' title='bbox 1331 1692 1420 1784; x_wconf 91' lang='lat' dir='ltr'>apud</span> <span class='ocrx_word' id='word_1_137' title='bbox 1449 1712 1513 1762; x_wconf 85' lang='lat' dir='ltr'>nos</span> <span class='ocrx_word' id='word_1_138' title='bbox 1530 1684 1682 1762; x_wconf 89' lang='lat' dir='ltr'>moribus</span> <span class='ocrx_word' id='word_1_139' title='bbox 1714 1704 1954 1765; x_wconf 84' lang='lat' dir='ltr'>retentemus.</span> 
     </span>
     <span class='ocr_line' id='line_1_12' title="bbox 286 1782 2016 1885; baseline 0.002 -26"><span class='ocrx_word' id='word_1_140' title='bbox 286 1789 322 1859; x_wconf 74' lang='grc' dir='ltr'>δι</span> <span class='ocrx_word' id='word_1_141' title='bbox 338 1785 458 1878; x_wconf 86' lang='lat' dir='ltr'>pascua</span> <span class='ocrx_word' id='word_1_142' title='bbox 473 1785 625 1861; x_wconf 88' lang='lat' dir='ltr'>inveniet</span> <span class='ocrx_word' id='word_1_143' title='bbox 645 1833 656 1854; x_wconf 87' lang='lat'><strong>.</strong></span> <span class='ocrx_word' id='word_1_144' title='bbox 683 1788 750 1859; x_wconf 90' lang='lat' dir='ltr'>Fur</span> <span class='ocrx_word' id='word_1_145' title='bbox 766 1811 836 1860; x_wconf 93' lang='lat' dir='ltr'>non</span> <span class='ocrx_word' id='word_1_146' title='bbox 853 1785 951 1859; x_wconf 89' lang='lat' dir='ltr'>venit</span> <span class='ocrx_word' id='word_1_147' title='bbox 984 1782 1045 1854; x_wconf 87' lang='lat' dir='ltr'>nist</span> <span class='ocrx_word' id='word_1_148' title='bbox 1061 1803 1099 1859; x_wconf 91' lang='lat' dir='ltr'>ut</span> <span class='ocrx_word' id='word_1_149' title='bbox 1149 1799 1198 1861; x_wconf 77' lang='lat' dir='ltr'>Ra·</span> <span class='ocrx_word' id='word_1_150' title='bbox 1220 1796 1326 1861; x_wconf 62' lang='lat' dir='ltr'>tmen</span> <span class='ocrx_word' id='word_1_151' title='bbox 1344 1832 1355 1859; x_wconf 80' lang='grc'><strong>.</strong></span> <span class='ocrx_word' id='word_1_152' title='bbox 1608 1784 1699 1857; x_wconf 67' lang='lat' dir='ltr'>Alia</span> <span class='ocrx_word' id='word_1_153' title='bbox 1714 1788 1857 1859; x_wconf 83' lang='lat' dir='ltr'>orario.</span> <span class='ocrx_word' id='word_1_154' title='bbox 1976 1790 2016 1885; x_wconf 85' lang='lat'>65</span> 
     </span>
     <span class='ocr_line' id='line_1_13' title="bbox 282 1880 1953 1980; baseline 0.004 -25"><span class='ocrx_word' id='word_1_155' title='bbox 282 1884 492 1963; x_wconf 76' lang='lat' dir='ltr'>furetura&amp;</span> <span class='ocrx_word' id='word_1_156' title='bbox 521 1880 716 1957; x_wconf 62' lang='lat' dir='ltr'>mamerz&amp;</span> <span class='ocrx_word' id='word_1_157' title='bbox 741 1886 888 1977; x_wconf 85' lang='lat' dir='ltr'>perdat:</span> <span class='ocrx_word' id='word_1_158' title='bbox 916 1883 992 1980; x_wconf 82' lang='lat' dir='ltr'>Ego</span> <span class='ocrx_word' id='word_1_159' title='bbox 1017 1882 1097 1953; x_wconf 88' lang='lat' dir='ltr'>veni</span> <span class='ocrx_word' id='word_1_160' title='bbox 1255 1886 1457 1979; x_wconf 88' lang='lat' dir='ltr'>Mnipotens</span> <span class='ocrx_word' id='word_1_161' title='bbox 1470 1885 1562 1957; x_wconf 90' lang='lat' dir='ltr'>Deus</span> <span class='ocrx_word' id='word_1_162' title='bbox 1576 1885 1706 1977; x_wconf 88' lang='lat' dir='ltr'>quiper</span> <span class='ocrx_word' id='word_1_163' title='bbox 1719 1883 1953 1961; x_wconf 85' lang='lat' dir='ltr'>abstinentiam</span> 
     </span>
     <span class='ocr_line' id='line_1_14' title="bbox 286 1979 1956 2077; baseline 0.002 -24"><span class='ocrx_word' id='word_1_164' title='bbox 286 1982 444 2055; x_wconf 85' lang='lat' dir='ltr'>utvitam</span> <span class='ocrx_word' id='word_1_165' title='bbox 460 1982 671 2055; x_wconf 74' lang='lat' dir='ltr'>habeantz&amp;</span> <span class='ocrx_word' id='word_1_166' title='bbox 686 1981 907 2055; x_wconf 85' lang='lat' dir='ltr'>abundantius</span> <span class='ocrx_word' id='word_1_167' title='bbox 924 1981 1092 2053; x_wconf 85' lang='lat' dir='ltr'>habeant.</span> <span class='ocrx_word' id='word_1_168' title='bbox 1266 1983 1348 2057; x_wconf 84' lang='lat' dir='ltr'>sacri</span> <span class='ocrx_word' id='word_1_169' title='bbox 1365 1984 1486 2068; x_wconf 84' lang='lat' dir='ltr'>jejunii</span> <span class='ocrx_word' id='word_1_170' title='bbox 1517 1982 1549 2054; x_wconf 93' lang='lat' dir='ltr'>in</span> <span class='ocrx_word' id='word_1_171' title='bbox 1583 1979 1698 2053; x_wconf 89' lang='lat' dir='ltr'>mensa</span> <span class='ocrx_word' id='word_1_172' title='bbox 1714 1980 1868 2077; x_wconf 90' lang='lat' dir='ltr'>patribus</span> <span class='ocrx_word' id='word_1_173' title='bbox 1891 2008 1956 2058; x_wconf 91' lang='lat' dir='ltr'>no-</span> 
     </span>
     <span class='ocr_line' id='line_1_15' title="bbox 286 2077 1956 2175; baseline 0.001 -26"><span class='ocrx_word' id='word_1_174' title='bbox 286 2077 365 2173; x_wconf 82' lang='lat' dir='ltr'>Ego</span> <span class='ocrx_word' id='word_1_175' title='bbox 393 2090 462 2151; x_wconf 86' lang='lat' dir='ltr'>tum</span> <span class='ocrx_word' id='word_1_176' title='bbox 482 2081 593 2173; x_wconf 86' lang='lat' dir='ltr'>patior</span> <span class='ocrx_word' id='word_1_177' title='bbox 608 2077 718 2152; x_wconf 86' lang='lat' dir='ltr'>bonus</span> <span class='ocrx_word' id='word_1_178' title='bbox 733 2126 744 2146; x_wconf 82' lang='lat'><strong>·</strong></span> <span class='ocrx_word' id='word_1_179' title='bbox 759 2082 874 2153; x_wconf 90' lang='lat' dir='ltr'>Bonus</span> <span class='ocrx_word' id='word_1_180' title='bbox 891 2098 1008 2154; x_wconf 87' lang='lat' dir='ltr'>autem</span> <span class='ocrx_word' id='word_1_181' title='bbox 1033 2103 1093 2171; x_wconf 88' lang='lat' dir='ltr'>pa·</span> <span class='ocrx_word' id='word_1_182' title='bbox 1143 2078 1216 2151; x_wconf 87' lang='lat' dir='ltr'>stris</span> <span class='ocrx_word' id='word_1_183' title='bbox 1241 2084 1414 2157; x_wconf 88' lang='lat' dir='ltr'>virtutum</span> <span class='ocrx_word' id='word_1_184' title='bbox 1448 2082 1576 2175; x_wconf 86' lang='lat' dir='ltr'>premia</span> <span class='ocrx_word' id='word_1_185' title='bbox 1602 2078 1800 2152; x_wconf 80' lang='lat' dir='ltr'>condonasti</span> <span class='ocrx_word' id='word_1_186' title='bbox 1817 2105 1827 2147; x_wconf 82' lang='lat' dir='ltr'>t</span> <span class='ocrx_word' id='word_1_187' title='bbox 1846 2081 1956 2175; x_wconf 79' lang='lat' dir='ltr'>presta</span> 
     </span>
    </p>

    <p class='ocr_par' dir='ltr' id='par_1_6' title="bbox 212 2174 2016 2672">
     <span class='ocr_line' id='line_1_16' title="bbox 212 2174 1958 2283; baseline -0.001 -32"><span class='ocrx_word' id='word_1_188' title='bbox 212 2212 255 2283; x_wconf 84' lang='lat'>¹5</span> <span class='ocrx_word' id='word_1_189' title='bbox 287 2177 358 2251; x_wconf 84' lang='lat' dir='ltr'>stor</span> <span class='ocrx_word' id='word_1_190' title='bbox 383 2177 526 2250; x_wconf 81' lang='lat' dir='ltr'>animam</span> <span class='ocrx_word' id='word_1_191' title='bbox 555 2174 645 2248; x_wconf 88' lang='lat' dir='ltr'>suam</span> <span class='ocrx_word' id='word_1_192' title='bbox 673 2178 731 2249; x_wconf 90' lang='lat' dir='ltr'>dat</span> <span class='ocrx_word' id='word_1_193' title='bbox 760 2202 823 2274; x_wconf 93' lang='lat' dir='ltr'>pro</span> <span class='ocrx_word' id='word_1_194' title='bbox 849 2174 973 2275; x_wconf 82' lang='lat' dir='ltr'>ovibus</span> <span class='ocrx_word' id='word_1_195' title='bbox 1000 2175 1092 2248; x_wconf 85' lang='lat' dir='ltr'>suis.</span> <span class='ocrx_word' id='word_1_196' title='bbox 1141 2175 1242 2251; x_wconf 90' lang='lat' dir='ltr'>nobis</span> <span class='ocrx_word' id='word_1_197' title='bbox 1257 2176 1391 2255; x_wconf 83' lang='lat' dir='ltr'>famulis</span> <span class='ocrx_word' id='word_1_198' title='bbox 1407 2181 1547 2252; x_wconf 85' lang='lat' dir='ltr'>tuisaut</span> <span class='ocrx_word' id='word_1_199' title='bbox 1562 2200 1682 2251; x_wconf 86' lang='lat' dir='ltr'>corum</span> <span class='ocrx_word' id='word_1_200' title='bbox 1695 2200 1891 2251; x_wconf 87' lang='lat' dir='ltr'>mereamur</span> <span class='ocrx_word' id='word_1_201' title='bbox 1904 2178 1958 2251; x_wconf 87' lang='lat' dir='ltr'>es·</span> 
     </span>
     <span class='ocr_line' id='line_1_17' title="bbox 289 2273 2016 2379; baseline 0.003 -34"><span class='ocrx_word' id='word_1_202' title='bbox 289 2273 524 2346; x_wconf 85' lang='lat' dir='ltr'>Mercenarius</span> <span class='ocrx_word' id='word_1_203' title='bbox 553 2293 668 2347; x_wconf 89' lang='lat' dir='ltr'>autem</span> <span class='ocrx_word' id='word_1_204' title='bbox 683 2276 718 2345; x_wconf 79' lang='lat' dir='ltr'>dr</span> <span class='ocrx_word' id='word_1_205' title='bbox 731 2276 788 2367; x_wconf 90' lang='lat' dir='ltr'>qui</span> <span class='ocrx_word' id='word_1_206' title='bbox 806 2300 875 2351; x_wconf 92' lang='lat' dir='ltr'>non</span> <span class='ocrx_word' id='word_1_207' title='bbox 890 2276 937 2346; x_wconf 87' lang='lat' dir='ltr'>esi</span> <span class='ocrx_word' id='word_1_208' title='bbox 955 2274 1091 2370; x_wconf 84' lang='lat' dir='ltr'>passora</span> <span class='ocrx_word' id='word_1_209' title='bbox 1139 2273 1175 2347; x_wconf 89' lang='lat' dir='ltr'>se</span> <span class='ocrx_word' id='word_1_210' title='bbox 1188 2274 1387 2375; x_wconf 83' lang='lat' dir='ltr'>sequipedes</span> <span class='ocrx_word' id='word_1_211' title='bbox 1402 2303 1412 2342; x_wconf 82' lang='lat' dir='ltr'>a</span> <span class='ocrx_word' id='word_1_212' title='bbox 1427 2300 1575 2373; x_wconf 88' lang='lat' dir='ltr'>quorum</span> <span class='ocrx_word' id='word_1_213' title='bbox 1589 2273 1754 2369; x_wconf 78' lang='lat' dir='ltr'>exemplis</span> <span class='ocrx_word' id='word_1_214' title='bbox 1768 2278 1811 2350; x_wconf 89' lang='lat' dir='ltr'>ad</span> <span class='ocrx_word' id='word_1_215' title='bbox 1824 2275 1954 2353; x_wconf 81' lang='lat' dir='ltr'>melio·</span> <span class='ocrx_word' id='word_1_216' title='bbox 1976 2302 2016 2379; x_wconf 75' lang='lat'>70</span> 
     </span>
     <span class='ocr_line' id='line_1_18' title="bbox 287 2369 1957 2474; baseline 0.005 -35"><span class='ocrx_word' id='word_1_217' title='bbox 287 2375 383 2456; x_wconf 77' lang='lat' dir='ltr'>cuius</span> <span class='ocrx_word' id='word_1_218' title='bbox 399 2396 464 2442; x_wconf 92' lang='lat' dir='ltr'>non</span> <span class='ocrx_word' id='word_1_219' title='bbox 479 2369 555 2445; x_wconf 90' lang='lat' dir='ltr'>sunt</span> <span class='ocrx_word' id='word_1_220' title='bbox 586 2396 673 2448; x_wconf 83' lang='lat' dir='ltr'>oves</span> <span class='ocrx_word' id='word_1_221' title='bbox 689 2374 826 2474; x_wconf 88' lang='lat' dir='ltr'>proprie</span> <span class='ocrx_word' id='word_1_222' title='bbox 853 2373 951 2450; x_wconf 86' lang='lat' dir='ltr'>videt</span> <span class='ocrx_word' id='word_1_223' title='bbox 979 2370 1094 2467; x_wconf 87' lang='lat' dir='ltr'>lupum</span> <span class='ocrx_word' id='word_1_224' title='bbox 1143 2396 1179 2447; x_wconf 86' lang='lat' dir='ltr'>ra</span> <span class='ocrx_word' id='word_1_225' title='bbox 1195 2375 1350 2470; x_wconf 73' lang='lat' dir='ltr'>perducti</span> <span class='ocrx_word' id='word_1_226' title='bbox 1370 2404 1379 2444; x_wconf 82' lang='grc' dir='ltr'>ι</span> <span class='ocrx_word' id='word_1_227' title='bbox 1396 2378 1431 2445; x_wconf 78' lang='lat' dir='ltr'>dr</span> <span class='ocrx_word' id='word_1_228' title='bbox 1457 2371 1643 2449; x_wconf 84' lang='lat' dir='ltr'>carnalibus</span> <span class='ocrx_word' id='word_1_229' title='bbox 1674 2370 1855 2447; x_wconf 78' lang='lat' dir='ltr'>inlecebris</span> <span class='ocrx_word' id='word_1_230' title='bbox 1884 2398 1957 2449; x_wconf 90' lang='lat' dir='ltr'>ma·</span> 
     </span>
     <span class='ocr_line' id='line_1_19' title="bbox 287 2469 1954 2573; baseline 0.003 -32"><span class='ocrx_word' id='word_1_231' title='bbox 287 2469 486 2573; x_wconf 62' lang='lat' dir='ltr'>venotem</span> <span class='ocrx_word' id='word_1_232' title='bbox 505 2499 514 2538; x_wconf 78' lang='lat' dir='ltr'>a</span> <span class='ocrx_word' id='word_1_233' title='bbox 530 2473 565 2543; x_wconf 78' lang='lat' dir='ltr'>dr</span> <span class='ocrx_word' id='word_1_234' title='bbox 589 2469 734 2544; x_wconf 89' lang='lat' dir='ltr'>dimittit</span> <span class='ocrx_word' id='word_1_235' title='bbox 759 2497 843 2548; x_wconf 86' lang='lat' dir='ltr'>oves</span> <span class='ocrx_word' id='word_1_236' title='bbox 870 2474 906 2545; x_wconf 80' lang='lat' dir='ltr'>dr</span> <span class='ocrx_word' id='word_1_237' title='bbox 923 2471 1035 2571; x_wconf 85' lang='lat' dir='ltr'>sagita</span> <span class='ocrx_word' id='word_1_238' title='bbox 1057 2474 1094 2549; x_wconf 77' lang='grc' dir='ltr'>δι</span> <span class='ocrx_word' id='word_1_239' title='bbox 1143 2495 1281 2546; x_wconf 90' lang='lat' dir='ltr'>neamus</span> <span class='ocrx_word' id='word_1_240' title='bbox 1296 2472 1480 2549; x_wconf 67' lang='lat' dir='ltr'>invictis&amp;</span> <span class='ocrx_word' id='word_1_241' title='bbox 1494 2475 1527 2544; x_wconf 90' lang='lat' dir='ltr'>in</span> <span class='ocrx_word' id='word_1_242' title='bbox 1542 2472 1609 2545; x_wconf 85' lang='lat' dir='ltr'>tuis</span> <span class='ocrx_word' id='word_1_243' title='bbox 1622 2471 1754 2569; x_wconf 79' lang='lat' dir='ltr'>jugiter</span> <span class='ocrx_word' id='word_1_244' title='bbox 1768 2471 1954 2547; x_wconf 79' lang='lat' dir='ltr'>insistamus</span> 
     </span>
     <span class='ocr_line' id='line_1_20' title="bbox 288 2562 1733 2672; baseline -0.001 -31"><span class='ocrx_word' id='word_1_245' title='bbox 288 2562 387 2660; x_wconf 79' lang='lat' dir='ltr'>iupus</span> <span class='ocrx_word' id='word_1_246' title='bbox 413 2565 500 2663; x_wconf 83' lang='lat' dir='ltr'>rapit</span> <span class='ocrx_word' id='word_1_247' title='bbox 527 2595 537 2638; x_wconf 87' lang='lat' dir='ltr'>a</span> <span class='ocrx_word' id='word_1_248' title='bbox 561 2573 596 2641; x_wconf 91' lang='lat'>&amp;</span> <span class='ocrx_word' id='word_1_249' title='bbox 626 2568 796 2672; x_wconf 87' lang='lat' dir='ltr'>dispergit</span> <span class='ocrx_word' id='word_1_250' title='bbox 820 2594 933 2648; x_wconf 84' lang='lat' dir='ltr'>oves·</span> <span class='ocrx_word' id='word_1_251' title='bbox 961 2574 1099 2647; x_wconf 87' lang='lat' dir='ltr'>Merce-</span> <span class='ocrx_word' id='word_1_252' title='bbox 1149 2572 1323 2670; x_wconf 80' lang='lat' dir='ltr'>preceptis</span> <span class='ocrx_word' id='word_1_253' title='bbox 1335 2572 1491 2646; x_wconf 80' lang='lat' dir='ltr'>indefessi</span> <span class='ocrx_word' id='word_1_254' title='bbox 1508 2617 1518 2641; x_wconf 84' lang='grc'><strong>.</strong></span> <span class='ocrx_word' id='word_1_255' title='bbox 1533 2576 1733 2661; x_wconf 69' lang='lat' dir='ltr'>BaAmen.</span> 
     </span>
    </p>

    <p class='ocr_par' dir='ltr' id='par_1_7' title="bbox 211 2665 1742 2766">
     <span class='ocr_line' id='line_1_21' title="bbox 211 2665 1742 2766; baseline 0.002 -30"><span class='ocrx_word' id='word_1_256' title='bbox 211 2700 260 2750; x_wconf 82' lang='lat'>20</span> <span class='ocrx_word' id='word_1_257' title='bbox 289 2665 405 2739; x_wconf 87' lang='lat' dir='ltr'>narius</span> <span class='ocrx_word' id='word_1_258' title='bbox 436 2683 549 2740; x_wconf 87' lang='lat' dir='ltr'>autem</span> <span class='ocrx_word' id='word_1_259' title='bbox 592 2667 683 2765; x_wconf 88' lang='lat' dir='ltr'>fugit</span> <span class='ocrx_word' id='word_1_260' title='bbox 717 2674 834 2766; x_wconf 80' lang='lat' dir='ltr'>aquia</span> <span class='ocrx_word' id='word_1_261' title='bbox 872 2671 1100 2745; x_wconf 88' lang='lat' dir='ltr'>mercenarius</span> <span class='ocrx_word' id='word_1_262' title='bbox 1364 2666 1586 2754; x_wconf 67' lang='lat' dir='ltr'>velitamina</span> <span class='ocrx_word' id='word_1_263' title='bbox 1601 2670 1742 2741; x_wconf 83' lang='lat' dir='ltr'>oratio.</span> 
     </span>
    </p>

    <p class='ocr_par' dir='ltr' id='par_1_8' title="bbox 209 2764 2014 3160">
     <span class='ocr_line' id='line_1_22' title="bbox 209 2764 2014 2873; baseline 0.004 -41"><span class='ocrx_word' id='word_1_264' title='bbox 209 2820 212 2825; x_wconf 93' lang='lat'>.</span> <span class='ocrx_word' id='word_1_265' title='bbox 289 2764 337 2833; x_wconf 87' lang='lat' dir='ltr'>est</span> <span class='ocrx_word' id='word_1_266' title='bbox 354 2792 363 2831; x_wconf 76' lang='lat' dir='ltr'>a</span> <span class='ocrx_word' id='word_1_267' title='bbox 380 2766 414 2835; x_wconf 73' lang='grc' dir='ltr'>δι</span> <span class='ocrx_word' id='word_1_268' title='bbox 444 2787 513 2836; x_wconf 92' lang='lat' dir='ltr'>non</span> <span class='ocrx_word' id='word_1_269' title='bbox 544 2769 696 2859; x_wconf 83' lang='lat' dir='ltr'>pertinet</span> <span class='ocrx_word' id='word_1_270' title='bbox 720 2773 854 2844; x_wconf 90' lang='lat' dir='ltr'>adeum</span> <span class='ocrx_word' id='word_1_271' title='bbox 878 2770 921 2841; x_wconf 90' lang='lat' dir='ltr'>de</span> <span class='ocrx_word' id='word_1_272' title='bbox 947 2771 1098 2843; x_wconf 88' lang='lat' dir='ltr'>ovibus.</span> <span class='ocrx_word' id='word_1_273' title='bbox 1259 2769 1395 2867; x_wconf 70' lang='lat' dir='ltr'>busqui</span> <span class='ocrx_word' id='word_1_274' title='bbox 1410 2767 1957 2863; x_wconf 80' lang='lat' dir='ltr'>omniumnominaatemporum·</span> <span class='ocrx_word' id='word_1_275' title='bbox 1976 2792 2014 2873; x_wconf 82' lang='lat'>75</span> 
     </span>
     <span class='ocr_line' id='line_1_23' title="bbox 287 2860 1956 2966; baseline 0.004 -33"><span class='ocrx_word' id='word_1_276' title='bbox 287 2860 365 2955; x_wconf 82' lang='lat' dir='ltr'>Ego</span> <span class='ocrx_word' id='word_1_277' title='bbox 379 2860 449 2932; x_wconf 92' lang='lat' dir='ltr'>sum</span> <span class='ocrx_word' id='word_1_278' title='bbox 468 2862 582 2954; x_wconf 81' lang='lat' dir='ltr'>pastor</span> <span class='ocrx_word' id='word_1_279' title='bbox 596 2869 726 2939; x_wconf 76' lang='lat' dir='ltr'>bonust</span> <span class='ocrx_word' id='word_1_280' title='bbox 743 2870 779 2940; x_wconf 82' lang='lat' dir='ltr'>dr</span> <span class='ocrx_word' id='word_1_281' title='bbox 796 2867 973 2966; x_wconf 78' lang='lat' dir='ltr'>cognosco</span> <span class='ocrx_word' id='word_1_282' title='bbox 985 2892 1097 2943; x_wconf 82' lang='lat' dir='ltr'>measa</span> <span class='ocrx_word' id='word_1_283' title='bbox 1268 2891 1332 2962; x_wconf 86' lang='lat' dir='ltr'>que</span> <span class='ocrx_word' id='word_1_284' title='bbox 1352 2868 1524 2941; x_wconf 89' lang='lat' dir='ltr'>mensuras</span> <span class='ocrx_word' id='word_1_285' title='bbox 1540 2867 1618 2964; x_wconf 78' lang='lat' dir='ltr'>apia</span> <span class='ocrx_word' id='word_1_286' title='bbox 1641 2862 1776 2962; x_wconf 88' lang='lat' dir='ltr'>semper</span> <span class='ocrx_word' id='word_1_287' title='bbox 1791 2865 1843 2940; x_wconf 89' lang='lat' dir='ltr'>lat</span> <span class='ocrx_word' id='word_1_288' title='bbox 1871 2865 1956 2940; x_wconf 87' lang='lat' dir='ltr'>itate</span> 
     </span>
     <span class='ocr_line' id='line_1_24' title="bbox 287 2892 1956 3065; baseline 0.005 -37"><span class='ocrx_word' id='word_1_289' title='bbox 287 2958 555 3055; x_wconf 79' lang='lat' dir='ltr'>&amp;cognoscunt</span> <span class='ocrx_word' id='word_1_290' title='bbox 585 2986 640 3033; x_wconf 88' lang='lat' dir='ltr'>me</span> <span class='ocrx_word' id='word_1_291' title='bbox 669 2988 769 3039; x_wconf 85' lang='lat' dir='ltr'>mee.</span> <span class='ocrx_word' id='word_1_292' title='bbox 798 2967 892 3039; x_wconf 87' lang='lat' dir='ltr'>Sicut</span> <span class='ocrx_word' id='word_1_293' title='bbox 920 2967 1022 3044; x_wconf 81' lang='lat' dir='ltr'>novit</span> <span class='ocrx_word' id='word_1_294' title='bbox 1039 2990 1095 3040; x_wconf 89' lang='lat' dir='ltr'>me</span> <span class='ocrx_word' id='word_1_295' title='bbox 1145 2966 1328 3065; x_wconf 84' lang='lat' dir='ltr'>dispensas:</span> <span class='ocrx_word' id='word_1_296' title='bbox 1342 2963 1545 3043; x_wconf 73' lang='lat' dir='ltr'>Sardorum</span> <span class='ocrx_word' id='word_1_297' title='bbox 1559 2892 1956 3057; x_wconf 66' lang='lat' dir='ltr'>tuommnosquesumm</span> 
     </span>
     <span class='ocr_line' id='line_1_25' title="bbox 289 3060 1954 3160; baseline 0.004 -33"><span class='ocrx_word' id='word_1_298' title='bbox 289 3076 411 3150; x_wconf 82' lang='lat' dir='ltr'>patera</span> <span class='ocrx_word' id='word_1_299' title='bbox 424 3060 460 3129; x_wconf 80' lang='lat' dir='ltr'>dr</span> <span class='ocrx_word' id='word_1_300' title='bbox 474 3082 545 3152; x_wconf 85' lang='lat' dir='ltr'>ego</span> <span class='ocrx_word' id='word_1_301' title='bbox 559 3062 710 3159; x_wconf 91' lang='lat' dir='ltr'>agnosco</span> <span class='ocrx_word' id='word_1_302' title='bbox 727 3082 863 3160; x_wconf 86' lang='lat' dir='ltr'>patrem</span> <span class='ocrx_word' id='word_1_303' title='bbox 877 3093 886 3134; x_wconf 83' lang='grc' dir='ltr'>ι</span> <span class='ocrx_word' id='word_1_304' title='bbox 903 3065 1094 3141; x_wconf 83' lang='lat' dir='ltr'>&amp;animam</span> <span class='ocrx_word' id='word_1_305' title='bbox 1145 3066 1299 3142; x_wconf 88' lang='lat' dir='ltr'>recitatis</span> <span class='ocrx_word' id='word_1_306' title='bbox 1315 3067 1510 3143; x_wconf 87' lang='lat' dir='ltr'>nominibus</span> <span class='ocrx_word' id='word_1_307' title='bbox 1527 3064 1669 3159; x_wconf 84' lang='lat' dir='ltr'>purifica</span> <span class='ocrx_word' id='word_1_308' title='bbox 1695 3063 1853 3158; x_wconf 86' lang='lat' dir='ltr'>precibus</span> <span class='ocrx_word' id='word_1_309' title='bbox 1868 3065 1954 3134; x_wconf 81' lang='lat' dir='ltr'>aab·</span> 
     </span>
    </p>

    <p class='ocr_par' dir='ltr' id='par_1_9' title="bbox 207 3161 2012 3650">
     <span class='ocr_line' id='line_1_26' title="bbox 207 3161 2003 3263; baseline 0.001 -36"><span class='ocrx_word' id='word_1_310' title='bbox 207 3190 255 3263; x_wconf 77' lang='lat'>²5</span> <span class='ocrx_word' id='word_1_311' title='bbox 290 3176 397 3229; x_wconf 88' lang='lat' dir='ltr'>meam</span> <span class='ocrx_word' id='word_1_312' title='bbox 412 3179 505 3249; x_wconf 90' lang='lat' dir='ltr'>pono</span> <span class='ocrx_word' id='word_1_313' title='bbox 520 3183 587 3252; x_wconf 88' lang='lat' dir='ltr'>pro</span> <span class='ocrx_word' id='word_1_314' title='bbox 604 3162 728 3237; x_wconf 88' lang='lat' dir='ltr'>ovibus</span> <span class='ocrx_word' id='word_1_315' title='bbox 745 3163 855 3236; x_wconf 86' lang='lat' dir='ltr'>meis.</span> <span class='ocrx_word' id='word_1_316' title='bbox 885 3164 927 3236; x_wconf 85' lang='lat' dir='ltr'>Et</span> <span class='ocrx_word' id='word_1_317' title='bbox 941 3163 1020 3237; x_wconf 89' lang='lat' dir='ltr'>alias</span> <span class='ocrx_word' id='word_1_318' title='bbox 1034 3165 1095 3238; x_wconf 88' lang='lat' dir='ltr'>ha·</span> <span class='ocrx_word' id='word_1_319' title='bbox 1145 3162 1244 3240; x_wconf 89' lang='lat' dir='ltr'>solve</span> <span class='ocrx_word' id='word_1_320' title='bbox 1259 3165 1498 3240; x_wconf 81' lang='lat' dir='ltr'>acriminibusa</span> <span class='ocrx_word' id='word_1_321' title='bbox 1516 3168 1550 3238; x_wconf 79' lang='lat' dir='ltr'>dt</span> <span class='ocrx_word' id='word_1_322' title='bbox 1568 3164 1721 3236; x_wconf 81' lang='lat' dir='ltr'>salutaris</span> <span class='ocrx_word' id='word_1_323' title='bbox 1736 3161 1954 3237; x_wconf 88' lang='lat' dir='ltr'>continentie</span> <span class='ocrx_word' id='word_1_324' title='bbox 1995 3208 2003 3229; x_wconf 85' lang='lat'><strong><em>.</em></strong></span> 
     </span>
     <span class='ocr_line' id='line_1_27' title="bbox 289 3253 2012 3365; baseline 0.005 -38"><span class='ocrx_word' id='word_1_325' title='bbox 289 3253 359 3365; x_wconf 79' lang='lat' dir='ltr'>beo</span> <span class='ocrx_word' id='word_1_326' title='bbox 376 3278 462 3327; x_wconf 86' lang='lat' dir='ltr'>oves</span> <span class='ocrx_word' id='word_1_327' title='bbox 480 3283 488 3324; x_wconf 84' lang='lat' dir='ltr'>a</span> <span class='ocrx_word' id='word_1_328' title='bbox 508 3277 574 3348; x_wconf 87' lang='lat' dir='ltr'>que</span> <span class='ocrx_word' id='word_1_329' title='bbox 588 3282 656 3332; x_wconf 95' lang='lat' dir='ltr'>non</span> <span class='ocrx_word' id='word_1_330' title='bbox 673 3265 748 3334; x_wconf 90' lang='lat' dir='ltr'>sunt</span> <span class='ocrx_word' id='word_1_331' title='bbox 775 3287 820 3335; x_wconf 83' lang='lat' dir='ltr'>ex</span> <span class='ocrx_word' id='word_1_332' title='bbox 833 3262 903 3337; x_wconf 94' lang='lat' dir='ltr'>hoc</span> <span class='ocrx_word' id='word_1_333' title='bbox 930 3261 1018 3340; x_wconf 85' lang='lat' dir='ltr'>ouili</span> <span class='ocrx_word' id='word_1_334' title='bbox 1035 3264 1094 3337; x_wconf 79' lang='lat' dir='ltr'>t&amp;</span> <span class='ocrx_word' id='word_1_335' title='bbox 1145 3265 1220 3338; x_wconf 88' lang='lat' dir='ltr'>dira</span> <span class='ocrx_word' id='word_1_336' title='bbox 1235 3268 1426 3340; x_wconf 91' lang='lat' dir='ltr'>muneribus</span> <span class='ocrx_word' id='word_1_337' title='bbox 1443 3294 1452 3335; x_wconf 80' lang='grc' dir='ltr'>ι</span> <span class='ocrx_word' id='word_1_338' title='bbox 1467 3285 1505 3340; x_wconf 87' lang='lat' dir='ltr'>ut</span> <span class='ocrx_word' id='word_1_339' title='bbox 1520 3288 1581 3359; x_wconf 91' lang='lat' dir='ltr'>per</span> <span class='ocrx_word' id='word_1_340' title='bbox 1596 3266 1664 3337; x_wconf 90' lang='lat' dir='ltr'>hoc</span> <span class='ocrx_word' id='word_1_341' title='bbox 1676 3261 1769 3335; x_wconf 87' lang='lat' dir='ltr'>sacre</span> <span class='ocrx_word' id='word_1_342' title='bbox 1783 3260 1955 3334; x_wconf 73' lang='lat' dir='ltr'>festivita·</span> <span class='ocrx_word' id='word_1_343' title='bbox 1975 3262 2012 3339; x_wconf 77' lang='lat' dir='ltr'>se</span> 
     </span>
     <span class='ocr_line' id='line_1_28' title="bbox 287 3346 1955 3450; baseline 0.003 -25"><span class='ocrx_word' id='word_1_344' title='bbox 287 3346 363 3425; x_wconf 85' lang='lat' dir='ltr'>rllas</span> <span class='ocrx_word' id='word_1_345' title='bbox 406 3372 550 3447; x_wconf 89' lang='lat' dir='ltr'>oportet</span> <span class='ocrx_word' id='word_1_346' title='bbox 579 3381 632 3429; x_wconf 89' lang='lat' dir='ltr'>mc</span> <span class='ocrx_word' id='word_1_347' title='bbox 670 3361 842 3434; x_wconf 86' lang='lat' dir='ltr'>adducere</span> <span class='ocrx_word' id='word_1_348' title='bbox 871 3390 881 3432; x_wconf 82' lang='lat' dir='ltr'>a</span> <span class='ocrx_word' id='word_1_349' title='bbox 909 3367 946 3436; x_wconf 79' lang='grc' dir='ltr'>δι</span> <span class='ocrx_word' id='word_1_350' title='bbox 972 3384 1096 3437; x_wconf 88' lang='lat' dir='ltr'>vocem</span> <span class='ocrx_word' id='word_1_351' title='bbox 1146 3358 1736 3450; x_wconf 82' lang='lat' dir='ltr'>tisjejuniumfincerissrmumatibi</span> <span class='ocrx_word' id='word_1_352' title='bbox 1754 3358 1859 3433; x_wconf 85' lang='lat' dir='ltr'>nostri</span> <span class='ocrx_word' id='word_1_353' title='bbox 1873 3381 1955 3431; x_wconf 91' lang='lat' dir='ltr'>cor·</span> 
     </span>
     <span class='ocr_line' id='line_1_29' title="bbox 288 3454 1956 3559; baseline -0.003 -24"><span class='ocrx_word' id='word_1_354' title='bbox 288 3471 398 3524; x_wconf 63' lang='grc' dir='ltr'>ΜΠ</span> <span class='ocrx_word' id='word_1_355' title='bbox 426 3454 564 3525; x_wconf 87' lang='lat' dir='ltr'>audient</span> <span class='ocrx_word' id='word_1_356' title='bbox 581 3456 638 3525; x_wconf 66' lang='grc' dir='ltr'>εδ(</span> <span class='ocrx_word' id='word_1_357' title='bbox 654 3462 717 3535; x_wconf 84' lang='lat' dir='ltr'>fict</span> <span class='ocrx_word' id='word_1_358' title='bbox 743 3484 830 3534; x_wconf 89' lang='lat' dir='ltr'>unus</span> <span class='ocrx_word' id='word_1_359' title='bbox 844 3483 934 3559; x_wconf 82' lang='lat' dir='ltr'>grex</span> <span class='ocrx_word' id='word_1_360' title='bbox 958 3464 1095 3536; x_wconf 88' lang='lat' dir='ltr'>&amp;unus</span> <span class='ocrx_word' id='word_1_361' title='bbox 1145 3460 1199 3533; x_wconf 91' lang='lat' dir='ltr'>dis</span> <span class='ocrx_word' id='word_1_362' title='bbox 1228 3462 1415 3536; x_wconf 84' lang='lat' dir='ltr'>offeramus</span> <span class='ocrx_word' id='word_1_363' title='bbox 1442 3460 1673 3537; x_wconf 76' lang='lat' dir='ltr'>holocaustum</span> <span class='ocrx_word' id='word_1_364' title='bbox 1688 3506 1698 3527; x_wconf 84' lang='lat'><strong><em>.</em></strong></span> <span class='ocrx_word' id='word_1_365' title='bbox 1714 3459 1812 3531; x_wconf 86' lang='lat' dir='ltr'>Hanc</span> <span class='ocrx_word' id='word_1_366' title='bbox 1838 3459 1956 3553; x_wconf 88' lang='lat' dir='ltr'>itaque</span> 
     </span>
     <span class='ocr_line' id='line_1_30' title="bbox 288 3548 1954 3650; baseline 0.005 -32"><span class='ocrx_word' id='word_1_367' title='bbox 288 3548 403 3641; x_wconf 86' lang='lat' dir='ltr'>patior</span> <span class='ocrx_word' id='word_1_368' title='bbox 417 3596 427 3617; x_wconf 85' lang='lat'><strong><em>.</em></strong></span> <span class='ocrx_word' id='word_1_369' title='bbox 445 3566 493 3640; x_wconf 66' lang='lat' dir='ltr'>ga.</span> <span class='ocrx_word' id='word_1_370' title='bbox 510 3558 617 3625; x_wconf 85' lang='lat' dir='ltr'>Amen</span> <span class='ocrx_word' id='word_1_371' title='bbox 635 3601 646 3622; x_wconf 88' lang='lat'><strong>.</strong></span> <span class='ocrx_word' id='word_1_372' title='bbox 1146 3556 1298 3632; x_wconf 86' lang='lat' dir='ltr'>fidelium</span> <span class='ocrx_word' id='word_1_373' title='bbox 1316 3580 1455 3637; x_wconf 89' lang='lat' dir='ltr'>tuorum</span> <span class='ocrx_word' id='word_1_374' title='bbox 1470 3560 1688 3635; x_wconf 83' lang='lat' dir='ltr'>oblationem</span> <span class='ocrx_word' id='word_1_375' title='bbox 1703 3582 1712 3624; x_wconf 82' lang='grc' dir='ltr'>ι</span> <span class='ocrx_word' id='word_1_376' title='bbox 1728 3554 1954 3650; x_wconf 85' lang='lat' dir='ltr'>propiciusac</span> 
     </span>
    </p>

    <p class='ocr_par' dir='ltr' id='par_1_10' title="bbox 206 3643 2016 3849">
     <span class='ocr_line' id='line_1_31' title="bbox 206 3643 1954 3757; baseline -0.003 -28"><span class='ocrx_word' id='word_1_377' title='bbox 206 3682 256 3757; x_wconf 84' lang='lat'>30</span> <span class='ocrx_word' id='word_1_378' title='bbox 337 3650 438 3716; x_wconf 66' lang='lat' dir='ltr'>Dicat</span> <span class='ocrx_word' id='word_1_379' title='bbox 449 3643 570 3721; x_wconf 70' lang='lat' dir='ltr'>&#39;Presb-</span> <span class='ocrx_word' id='word_1_380' title='bbox 584 3652 753 3729; x_wconf 90' lang='lat' dir='ltr'>Dominus</span> <span class='ocrx_word' id='word_1_381' title='bbox 768 3659 809 3733; x_wconf 85' lang='lat' dir='ltr'>srt</span> <span class='ocrx_word' id='word_1_382' title='bbox 831 3655 964 3755; x_wconf 89' lang='lat' dir='ltr'>semper</span> <span class='ocrx_word' id='word_1_383' title='bbox 976 3656 1096 3733; x_wconf 85' lang='lat' dir='ltr'>vobis·</span> <span class='ocrx_word' id='word_1_384' title='bbox 1145 3656 1266 3731; x_wconf 90' lang='lat' dir='ltr'>sereno</span> <span class='ocrx_word' id='word_1_385' title='bbox 1294 3659 1395 3733; x_wconf 84' lang='lat' dir='ltr'>vultu</span> <span class='ocrx_word' id='word_1_386' title='bbox 1412 3660 1562 3733; x_wconf 89' lang='lat' dir='ltr'>Domine</span> <span class='ocrx_word' id='word_1_387' title='bbox 1586 3658 1731 3754; x_wconf 85' lang='lat' dir='ltr'>dignare</span> <span class='ocrx_word' id='word_1_388' title='bbox 1758 3654 1954 3750; x_wconf 79' lang='lat' dir='ltr'>respiceret</span> 
     </span>
     <span class='ocr_line' id='line_1_32' title="bbox 286 3749 2016 3849; baseline 0.009 -35"><span class='ocrx_word' id='word_1_389' title='bbox 286 3765 386 3816; x_wconf 83' lang='lat' dir='ltr'>cum.</span> <span class='ocrx_word' id='word_1_390' title='bbox 401 3756 449 3835; x_wconf 72' lang='lat' dir='ltr'>itt.</span> <span class='ocrx_word' id='word_1_391' title='bbox 464 3749 598 3822; x_wconf 87' lang='lat' dir='ltr'>Etcum</span> <span class='ocrx_word' id='word_1_392' title='bbox 614 3754 738 3849; x_wconf 89' lang='lat' dir='ltr'>spiritu</span> <span class='ocrx_word' id='word_1_393' title='bbox 756 3803 767 3825; x_wconf 87' lang='lat'><strong>.</strong></span> <span class='ocrx_word' id='word_1_394' title='bbox 954 3757 1094 3829; x_wconf 83' lang='lat' dir='ltr'>Lauda.</span> <span class='ocrx_word' id='word_1_395' title='bbox 1145 3775 1183 3832; x_wconf 92' lang='lat' dir='ltr'>ut</span> <span class='ocrx_word' id='word_1_396' title='bbox 1199 3757 1404 3829; x_wconf 86' lang='lat' dir='ltr'>decurrente</span> <span class='ocrx_word' id='word_1_397' title='bbox 1430 3764 1500 3842; x_wconf 85' lang='lat' dir='ltr'>iam</span> <span class='ocrx_word' id='word_1_398' title='bbox 1527 3758 1736 3843; x_wconf 77' lang='lat' dir='ltr'>ieiuniorum</span> <span class='ocrx_word' id='word_1_399' title='bbox 1759 3754 1953 3828; x_wconf 78' lang='lat' dir='ltr'>nostrorum</span> <span class='ocrx_word' id='word_1_400' title='bbox 1978 3758 2016 3847; x_wconf 85' lang='lat'>85</span> 
     </span>
    </p>
   </div>
   <div class='ocr_carea' id='block_1_2' title="bbox 287 3842 1953 4051">
    <p class='ocr_par' dir='ltr' id='par_1_11' title="bbox 287 3842 1953 4051">
     <span class='ocr_line' id='line_1_33' title="bbox 287 3842 1953 4026; baseline 0.004 -107"><span class='ocrx_word' id='word_1_401' title='bbox 287 3844 364 4026; x_wconf 82' lang='lat' dir='ltr'>E</span> <span class='ocrx_word' id='word_1_402' title='bbox 382 3842 472 3956; x_wconf 61' lang='lat' dir='ltr'>Rffpe</span> <span class='ocrx_word' id='word_1_403' title='bbox 486 3869 539 3957; x_wconf 72' lang='lat' dir='ltr'>me</span> <span class='ocrx_word' id='word_1_404' title='bbox 556 3850 708 3925; x_wconf 85' lang='lat' dir='ltr'>Domine</span> <span class='ocrx_word' id='word_1_405' title='bbox 722 3853 764 3927; x_wconf 89' lang='lat' dir='ltr'>ab</span> <span class='ocrx_word' id='word_1_406' title='bbox 780 3850 918 3928; x_wconf 87' lang='lat' dir='ltr'>homine</span> <span class='ocrx_word' id='word_1_407' title='bbox 945 3852 1058 3931; x_wconf 88' lang='lat' dir='ltr'>maio:</span> <span class='ocrx_word' id='word_1_408' title='bbox 1073 3882 1093 3931; x_wconf 90' lang='lat' dir='ltr'>a</span> <span class='ocrx_word' id='word_1_409' title='bbox 1145 3874 1305 3949; x_wconf 87' lang='lat' dir='ltr'>tempore</span> <span class='ocrx_word' id='word_1_410' title='bbox 1320 3883 1329 3925; x_wconf 83' lang='grc' dir='ltr'>ι</span> <span class='ocrx_word' id='word_1_411' title='bbox 1344 3857 1407 3927; x_wconf 92' lang='lat' dir='ltr'>hec</span> <span class='ocrx_word' id='word_1_412' title='bbox 1422 3880 1482 3928; x_wconf 89' lang='lat' dir='ltr'>nos</span> <span class='ocrx_word' id='word_1_413' title='bbox 1498 3854 1632 3929; x_wconf 86' lang='lat' dir='ltr'>oblatio</span> <span class='ocrx_word' id='word_1_414' title='bbox 1650 3878 1659 3922; x_wconf 85' lang='lat' dir='ltr'>a</span> <span class='ocrx_word' id='word_1_415' title='bbox 1676 3852 1744 3925; x_wconf 80' lang='lat' dir='ltr'>&amp;a</span> <span class='ocrx_word' id='word_1_416' title='bbox 1773 3850 1953 3947; x_wconf 88' lang='lat' dir='ltr'>preteritis</span> 
     </span>
     <span class='ocr_line' id='line_1_34' title="bbox 391 3949 1953 4051; baseline 0.006 -39"><span class='ocrx_word' id='word_1_417' title='bbox 391 3964 471 4019; x_wconf 84' lang='lat' dir='ltr'>vtro</span> <span class='ocrx_word' id='word_1_418' title='bbox 485 3966 605 4034; x_wconf 86' lang='lat' dir='ltr'>uuquo</span> <span class='ocrx_word' id='word_1_419' title='bbox 621 3949 726 4026; x_wconf 83' lang='lat' dir='ltr'>libera</span> <span class='ocrx_word' id='word_1_420' title='bbox 750 3974 804 4024; x_wconf 91' lang='lat' dir='ltr'>me</span> <span class='ocrx_word' id='word_1_421' title='bbox 820 4002 831 4023; x_wconf 87' lang='lat'><strong>.</strong></span> <span class='ocrx_word' id='word_1_422' title='bbox 845 3952 895 4041; x_wconf 61' lang='lat' dir='ltr'>d.</span> <span class='ocrx_word' id='word_1_423' title='bbox 908 3953 977 4044; x_wconf 80' lang='lat' dir='ltr'>Qai</span> <span class='ocrx_word' id='word_1_424' title='bbox 994 3955 1092 4051; x_wconf 86' lang='lat' dir='ltr'>cogi·</span> <span class='ocrx_word' id='word_1_425' title='bbox 1144 3951 1351 4029; x_wconf 72' lang='lat' dir='ltr'>delisiorum</span> <span class='ocrx_word' id='word_1_426' title='bbox 1366 3953 1520 4028; x_wconf 90' lang='lat' dir='ltr'>sordibus</span> <span class='ocrx_word' id='word_1_427' title='bbox 1536 3950 1649 4027; x_wconf 80' lang='lat' dir='ltr'>abluat</span> <span class='ocrx_word' id='word_1_428' title='bbox 1665 3973 1674 4016; x_wconf 73' lang='grc' dir='ltr'><strong>ε</strong></span> <span class='ocrx_word' id='word_1_429' title='bbox 1690 3954 1724 4024; x_wconf 90' lang='lat'>&amp;</span> <span class='ocrx_word' id='word_1_430' title='bbox 1739 3977 1758 4024; x_wconf 89' lang='lat' dir='ltr'>a</span> <span class='ocrx_word' id='word_1_431' title='bbox 1772 3950 1900 4025; x_wconf 87' lang='lat' dir='ltr'>suturis</span> <span class='ocrx_word' id='word_1_432' title='bbox 1913 3966 1953 4022; x_wconf 90' lang='lat' dir='ltr'>ut</span> 
     </span>
    </p>
   </div>
   <div class='ocr_carea' id='block_1_3' title="bbox 202 4039 2035 6017">
    <p class='ocr_par' dir='ltr' id='par_1_12' title="bbox 289 4039 1955 4127">
     <span class='ocr_line' id='line_1_35' title="bbox 289 4039 1955 4127; baseline 0.005 -20"><span class='ocrx_word' id='word_1_433' title='bbox 289 4054 457 4116; x_wconf 78' lang='lat' dir='ltr'>taverunt</span> <span class='ocrx_word' id='word_1_434' title='bbox 480 4039 627 4121; x_wconf 84' lang='lat' dir='ltr'>malicias</span> <span class='ocrx_word' id='word_1_435' title='bbox 654 4051 687 4122; x_wconf 92' lang='lat' dir='ltr'>in</span> <span class='ocrx_word' id='word_1_436' title='bbox 709 4052 817 4123; x_wconf 87' lang='lat' dir='ltr'>corde</span> <span class='ocrx_word' id='word_1_437' title='bbox 831 4050 893 4126; x_wconf 89' lang='lat' dir='ltr'>suo</span> <span class='ocrx_word' id='word_1_438' title='bbox 909 4081 917 4121; x_wconf 85' lang='grc' dir='ltr'>ι</span> <span class='ocrx_word' id='word_1_439' title='bbox 933 4070 1012 4126; x_wconf 88' lang='lat' dir='ltr'>tota</span> <span class='ocrx_word' id='word_1_440' title='bbox 1038 4054 1094 4126; x_wconf 88' lang='lat' dir='ltr'>die</span> <span class='ocrx_word' id='word_1_441' title='bbox 1149 4076 1327 4127; x_wconf 86' lang='lat' dir='ltr'>caveamus</span> <span class='ocrx_word' id='word_1_442' title='bbox 1343 4080 1352 4123; x_wconf 84' lang='lat' dir='ltr'>a</span> <span class='ocrx_word' id='word_1_443' title='bbox 1370 4070 1407 4125; x_wconf 92' lang='lat' dir='ltr'>te</span> <span class='ocrx_word' id='word_1_444' title='bbox 1422 4052 1603 4127; x_wconf 88' lang='lat' dir='ltr'>miserante</span> <span class='ocrx_word' id='word_1_445' title='bbox 1618 4047 1784 4124; x_wconf 80' lang='lat' dir='ltr'>custodiat</span> <span class='ocrx_word' id='word_1_446' title='bbox 1799 4073 1809 4117; x_wconf 83' lang='grc' dir='ltr'>ι</span> <span class='ocrx_word' id='word_1_447' title='bbox 1824 4068 1861 4121; x_wconf 89' lang='grc' dir='ltr'>ιιι</span> <span class='ocrx_word' id='word_1_448' title='bbox 1891 4068 1955 4123; x_wconf 86' lang='lat' dir='ltr'>oc-</span> 
     </span>
    </p>

    <p class='ocr_par' dir='ltr' id='par_1_13' title="bbox 205 4137 1957 4243">
     <span class='ocr_line' id='line_1_36' title="bbox 205 4137 1957 4243; baseline 0.002 -32"><span class='ocrx_word' id='word_1_449' title='bbox 205 4168 253 4243; x_wconf 79' lang='lat'>35</span> <span class='ocrx_word' id='word_1_450' title='bbox 289 4137 539 4224; x_wconf 80' lang='lat' dir='ltr'>constituebant</span> <span class='ocrx_word' id='word_1_451' title='bbox 568 4146 678 4243; x_wconf 85' lang='lat' dir='ltr'>prelia</span> <span class='ocrx_word' id='word_1_452' title='bbox 714 4194 725 4216; x_wconf 86' lang='grc'><strong>.</strong></span> <span class='ocrx_word' id='word_1_453' title='bbox 754 4144 805 4237; x_wconf 69' lang='lat' dir='ltr'>rb.</span> <span class='ocrx_word' id='word_1_454' title='bbox 829 4154 1009 4223; x_wconf 87' lang='lat' dir='ltr'>Acuerunt</span> <span class='ocrx_word' id='word_1_455' title='bbox 1034 4148 1101 4219; x_wconf 88' lang='lat' dir='ltr'>lin·</span> <span class='ocrx_word' id='word_1_456' title='bbox 1150 4150 1278 4223; x_wconf 84' lang='lat' dir='ltr'>cursuri</span> <span class='ocrx_word' id='word_1_457' title='bbox 1297 4150 1434 4227; x_wconf 88' lang='lat' dir='ltr'>obviam</span> <span class='ocrx_word' id='word_1_458' title='bbox 1459 4172 1518 4225; x_wconf 90' lang='lat' dir='ltr'>tue</span> <span class='ocrx_word' id='word_1_459' title='bbox 1541 4148 1811 4235; x_wconf 79' lang='lat' dir='ltr'>maiestatianon</span> <span class='ocrx_word' id='word_1_460' title='bbox 1831 4150 1957 4241; x_wconf 88' lang='lat' dir='ltr'>pedum</span> 
     </span>
    </p>

    <p class='ocr_par' dir='ltr' id='par_1_14' title="bbox 206 4230 2023 4638">
     <span class='ocr_line' id='line_1_37' title="bbox 206 4230 2023 4343; baseline -0.009 -12"><span class='ocrx_word' id='word_1_461' title='bbox 206 4264 212 4271; x_wconf 88' lang='lat'>&#39;</span> <span class='ocrx_word' id='word_1_462' title='bbox 288 4254 370 4329; x_wconf 72' lang='lat'>8⁰³⁸</span> <span class='ocrx_word' id='word_1_463' title='bbox 384 4230 556 4311; x_wconf 84' lang='lat' dir='ltr'>suassrcut&#39;</span> <span class='ocrx_word' id='word_1_464' title='bbox 581 4246 756 4338; x_wconf 86' lang='lat' dir='ltr'>serpentes</span> <span class='ocrx_word' id='word_1_465' title='bbox 779 4272 787 4311; x_wconf 81' lang='lat' dir='ltr'>a</span> <span class='ocrx_word' id='word_1_466' title='bbox 809 4271 981 4318; x_wconf 88' lang='lat' dir='ltr'>venenum</span> <span class='ocrx_word' id='word_1_467' title='bbox 1009 4243 1101 4340; x_wconf 87' lang='lat' dir='ltr'>aspi·</span> <span class='ocrx_word' id='word_1_468' title='bbox 1153 4248 1297 4343; x_wconf 75' lang='lat' dir='ltr'>passibus</span> <span class='ocrx_word' id='word_1_469' title='bbox 1312 4278 1320 4318; x_wconf 77' lang='grc' dir='ltr'>ι</span> <span class='ocrx_word' id='word_1_470' title='bbox 1338 4247 1393 4320; x_wconf 89' lang='lat' dir='ltr'>sed</span> <span class='ocrx_word' id='word_1_471' title='bbox 1407 4251 1555 4324; x_wconf 90' lang='lat' dir='ltr'>contriti</span> <span class='ocrx_word' id='word_1_472' title='bbox 1569 4248 1685 4322; x_wconf 89' lang='lat' dir='ltr'>cordis</span> <span class='ocrx_word' id='word_1_473' title='bbox 1710 4247 1810 4317; x_wconf 85' lang='lat' dir='ltr'>nostri</span> <span class='ocrx_word' id='word_1_474' title='bbox 1841 4247 1960 4341; x_wconf 75' lang='lat' dir='ltr'>gressi·</span> <span class='ocrx_word' id='word_1_475' title='bbox 1978 4254 2023 4339; x_wconf 82' lang='lat'>&#39;90</span> 
     </span>
     <span class='ocr_line' id='line_1_38' title="bbox 288 4330 1961 4441; baseline 0.007 -38"><span class='ocrx_word' id='word_1_476' title='bbox 288 4332 369 4403; x_wconf 88' lang='lat' dir='ltr'>dum</span> <span class='ocrx_word' id='word_1_477' title='bbox 379 4330 438 4406; x_wconf 93' lang='lat' dir='ltr'>sub</span> <span class='ocrx_word' id='word_1_478' title='bbox 448 4334 543 4406; x_wconf 86' lang='lat' dir='ltr'>labiis</span> <span class='ocrx_word' id='word_1_479' title='bbox 558 4364 674 4414; x_wconf 87' lang='lat' dir='ltr'>eorum</span> <span class='ocrx_word' id='word_1_480' title='bbox 689 4390 699 4411; x_wconf 89' lang='lat'><strong>.</strong></span> <span class='ocrx_word' id='word_1_481' title='bbox 712 4340 902 4432; x_wconf 56' lang='lat' dir='ltr'>uslusto&amp;</span> <span class='ocrx_word' id='word_1_482' title='bbox 920 4340 1104 4416; x_wconf 88' lang='lat' dir='ltr'>meDomi·</span> <span class='ocrx_word' id='word_1_483' title='bbox 1153 4346 1215 4416; x_wconf 91' lang='lat' dir='ltr'>bus</span> <span class='ocrx_word' id='word_1_484' title='bbox 1233 4371 1242 4414; x_wconf 85' lang='lat' dir='ltr'>a</span> <span class='ocrx_word' id='word_1_485' title='bbox 1257 4344 1466 4421; x_wconf 81' lang='lat' dir='ltr'>conclamare</span> <span class='ocrx_word' id='word_1_486' title='bbox 1481 4348 1544 4420; x_wconf 92' lang='lat' dir='ltr'>tibi</span> <span class='ocrx_word' id='word_1_487' title='bbox 1562 4370 1650 4441; x_wconf 91' lang='lat' dir='ltr'>puro</span> <span class='ocrx_word' id='word_1_488' title='bbox 1680 4344 1804 4415; x_wconf 88' lang='lat' dir='ltr'>mentis</span> <span class='ocrx_word' id='word_1_489' title='bbox 1832 4342 1961 4420; x_wconf 67' lang='lat' dir='ltr'>assessu</span> 
     </span>
     <span class='ocr_line' id='line_1_39' title="bbox 284 4430 1963 4542; baseline 0.007 -44"><span class='ocrx_word' id='word_1_490' title='bbox 284 4430 394 4542; x_wconf 36' lang='lat' dir='ltr'>node·</span> <span class='ocrx_word' id='word_1_491' title='bbox 414 4454 512 4505; x_wconf 90' lang='lat' dir='ltr'>manu</span> <span class='ocrx_word' id='word_1_492' title='bbox 527 4439 742 4528; x_wconf 78' lang='lat' dir='ltr'>peccatoris:</span> <span class='ocrx_word' id='word_1_493' title='bbox 760 4441 802 4515; x_wconf 89' lang='lat' dir='ltr'>ab</span> <span class='ocrx_word' id='word_1_494' title='bbox 828 4441 1021 4516; x_wconf 88' lang='lat' dir='ltr'>hominibus</span> <span class='ocrx_word' id='word_1_495' title='bbox 1036 4440 1102 4514; x_wconf 92' lang='lat' dir='ltr'>ini·</span> <span class='ocrx_word' id='word_1_496' title='bbox 1153 4439 1264 4540; x_wconf 88' lang='lat' dir='ltr'>gloria</span> <span class='ocrx_word' id='word_1_497' title='bbox 1280 4443 1311 4515; x_wconf 93' lang='lat' dir='ltr'>in</span> <span class='ocrx_word' id='word_1_498' title='bbox 1328 4442 1468 4519; x_wconf 82' lang='lat' dir='ltr'>erceifis</span> <span class='ocrx_word' id='word_1_499' title='bbox 1480 4449 1556 4518; x_wconf 91' lang='lat' dir='ltr'>Deo</span> <span class='ocrx_word' id='word_1_500' title='bbox 1569 4468 1643 4516; x_wconf 92' lang='lat' dir='ltr'>cum</span> <span class='ocrx_word' id='word_1_501' title='bbox 1654 4442 1867 4514; x_wconf 87' lang='lat' dir='ltr'>Hebreorum</span> <span class='ocrx_word' id='word_1_502' title='bbox 1878 4464 1963 4536; x_wconf 84' lang='lat' dir='ltr'>pue·</span> 
     </span>
     <span class='ocr_line' id='line_1_40' title="bbox 284 4525 1965 4638; baseline 0.006 -38"><span class='ocrx_word' id='word_1_503' title='bbox 284 4525 575 4621; x_wconf 75' lang='lat' dir='ltr'>quisliberame.</span> <span class='ocrx_word' id='word_1_504' title='bbox 1150 4541 1197 4614; x_wconf 87' lang='lat' dir='ltr'>ris</span> <span class='ocrx_word' id='word_1_505' title='bbox 1213 4549 1605 4638; x_wconf 63' lang='lat' dir='ltr'>mereamunljtuimen.</span> <span class='ocrx_word' id='word_1_506' title='bbox 1631 4544 1817 4636; x_wconf 68' lang='lat' dir='ltr'>Adparent</span> <span class='ocrx_word' id='word_1_507' title='bbox 1833 4542 1965 4619; x_wconf 75' lang='lat' dir='ltr'>oraria.</span> 
     </span>
    </p>

    <p class='ocr_par' dir='ltr' id='par_1_15' title="bbox 204 4634 2020 4839">
     <span class='ocr_line' id='line_1_41' title="bbox 204 4634 2013 4746; baseline -0.017 -11"><span class='ocrx_word' id='word_1_508' title='bbox 204 4661 256 4735; x_wconf 73' lang='lat'>40</span> <span class='ocrx_word' id='word_1_509' title='bbox 336 4634 1100 4746; x_wconf 59' lang='lat' dir='ltr'>P&#39;“‘⁵·P‘¹³it‘¹¹i²⁸·Qesefn‘iuariase·</span> <span class='ocrx_word' id='word_1_510' title='bbox 1241 4642 1312 4714; x_wconf 88' lang='lat' dir='ltr'>idei</span> <span class='ocrx_word' id='word_1_511' title='bbox 1344 4634 1457 4719; x_wconf 84' lang='lat' dir='ltr'>nostre</span> <span class='ocrx_word' id='word_1_512' title='bbox 1482 4644 1699 4734; x_wconf 90' lang='lat' dir='ltr'>omnipotens</span> <span class='ocrx_word' id='word_1_513' title='bbox 1716 4638 1810 4710; x_wconf 88' lang='lat' dir='ltr'>Deus</span> <span class='ocrx_word' id='word_1_514' title='bbox 1836 4635 1960 4715; x_wconf 83' lang='lat' dir='ltr'>crescit</span> <span class='ocrx_word' id='word_1_515' title='bbox 2006 4680 2013 4693; x_wconf 81' lang='lat'><strong>·</strong></span> 
     </span>
     <span class='ocr_line' id='line_1_42' title="bbox 286 4725 2020 4839; baseline -0.02 1"><span class='ocrx_word' id='word_1_516' title='bbox 286 4725 601 4810; x_wconf 57' lang='lat' dir='ltr'>&#39;ial‘fflbdma‘ie</span> <span class='ocrx_word' id='word_1_517' title='bbox 614 4737 1052 4837; x_wconf 48' lang='lat' dir='ltr'>Quadragefimfssldsffl·</span> <span class='ocrx_word' id='word_1_518' title='bbox 1249 4763 1465 4839; x_wconf 79' lang='lat' dir='ltr'>augmentum</span> <span class='ocrx_word' id='word_1_519' title='bbox 1482 4743 1533 4814; x_wconf 77' lang='lat' dir='ltr'>:st</span> <span class='ocrx_word' id='word_1_520' title='bbox 1565 4737 1713 4812; x_wconf 76' lang='lat' dir='ltr'>sedulum</span> <span class='ocrx_word' id='word_1_521' title='bbox 1739 4737 1958 4824; x_wconf 83' lang='lat' dir='ltr'>ieiuniorum</span> <span class='ocrx_word' id='word_1_522' title='bbox 1978 4762 2020 4839; x_wconf 79' lang='lat'>95</span> 
     </span>
    </p>

    <p class='ocr_par' dir='ltr' id='par_1_16' title="bbox 346 4835 1959 5131">
     <span class='ocr_line' id='line_1_43' title="bbox 388 4835 1959 4937; baseline -0.015 -10"><span class='ocrx_word' id='word_1_523' title='bbox 388 4920 396 4937; x_wconf 87' lang='grc'><em>,</em></span> <span class='ocrx_word' id='word_1_524' title='bbox 585 4835 790 4921; x_wconf 72' lang='lat' dir='ltr'>Sacrificium</span> <span class='ocrx_word' id='word_1_525' title='bbox 809 4886 820 4909; x_wconf 88' lang='lat'><strong>·</strong></span> <span class='ocrx_word' id='word_1_526' title='bbox 1152 4837 1351 4913; x_wconf 79' lang='lat' dir='ltr'>nostrorum</span> <span class='ocrx_word' id='word_1_527' title='bbox 1367 4859 1426 4915; x_wconf 86' lang='lat' dir='ltr'>tue</span> <span class='ocrx_word' id='word_1_528' title='bbox 1441 4838 1623 4925; x_wconf 81' lang='lat' dir='ltr'>majestatis</span> <span class='ocrx_word' id='word_1_529' title='bbox 1637 4835 1800 4912; x_wconf 83' lang='lat' dir='ltr'>solvimus</span> <span class='ocrx_word' id='word_1_530' title='bbox 1816 4852 1959 4909; x_wconf 88' lang='lat' dir='ltr'>votum.</span> 
     </span>
     <span class='ocr_line' id='line_1_44' title="bbox 346 4922 1958 5036; baseline -0.006 -25"><span class='ocrx_word' id='word_1_531' title='bbox 346 4923 397 4994; x_wconf 85' lang='lat' dir='ltr'>Str</span> <span class='ocrx_word' id='word_1_532' title='bbox 428 4922 506 4998; x_wconf 75' lang='lat' dir='ltr'>sunt</span> <span class='ocrx_word' id='word_1_533' title='bbox 531 4931 604 5005; x_wconf 87' lang='lat' dir='ltr'>dies</span> <span class='ocrx_word' id='word_1_534' title='bbox 628 4956 740 5027; x_wconf 78' lang='lat' dir='ltr'>:quos</span> <span class='ocrx_word' id='word_1_535' title='bbox 767 4933 903 5010; x_wconf 88' lang='lat' dir='ltr'>debetis</span> <span class='ocrx_word' id='word_1_536' title='bbox 932 4931 1102 5009; x_wconf 83' lang='lat' dir='ltr'>custodire</span> <span class='ocrx_word' id='word_1_537' title='bbox 1153 4939 1286 5032; x_wconf 79' lang='lat' dir='ltr'>Asper</span> <span class='ocrx_word' id='word_1_538' title='bbox 1302 4938 1567 5036; x_wconf 88' lang='lat' dir='ltr'>hocpervenire</span> <span class='ocrx_word' id='word_1_539' title='bbox 1583 4935 1777 5028; x_wconf 88' lang='lat' dir='ltr'>poterimus</span> <span class='ocrx_word' id='word_1_540' title='bbox 1804 4951 1864 5004; x_wconf 88' lang='lat' dir='ltr'>tue</span> <span class='ocrx_word' id='word_1_541' title='bbox 1889 4927 1958 5003; x_wconf 83' lang='lat' dir='ltr'>cia·</span> 
     </span>
     <span class='ocr_line' id='line_1_45' title="bbox 363 5024 1957 5131; baseline -0.008 -19"><span class='ocrx_word' id='word_1_542' title='bbox 363 5024 575 5113; x_wconf 72' lang='lat' dir='ltr'>temporibus</span> <span class='ocrx_word' id='word_1_543' title='bbox 600 5027 668 5099; x_wconf 82' lang='lat' dir='ltr'>suis</span> <span class='ocrx_word' id='word_1_544' title='bbox 685 5057 694 5097; x_wconf 74' lang='grc' dir='ltr'>ι</span> <span class='ocrx_word' id='word_1_545' title='bbox 710 5034 962 5122; x_wconf 85' lang='lat' dir='ltr'>quartadecima</span> <span class='ocrx_word' id='word_1_546' title='bbox 977 5034 1032 5106; x_wconf 87' lang='lat' dir='ltr'>die</span> <span class='ocrx_word' id='word_1_547' title='bbox 1047 5031 1091 5104; x_wconf 86' lang='lat' dir='ltr'>ad</span> <span class='ocrx_word' id='word_1_548' title='bbox 1154 5033 1248 5109; x_wconf 92' lang='lat' dir='ltr'>ritati</span> <span class='ocrx_word' id='word_1_549' title='bbox 1262 5036 1437 5113; x_wconf 88' lang='lat' dir='ltr'>occursum</span> <span class='ocrx_word' id='word_1_550' title='bbox 1450 5038 1496 5112; x_wconf 85' lang='lat' dir='ltr'>asa</span> <span class='ocrx_word' id='word_1_551' title='bbox 1522 5033 1654 5131; x_wconf 88' lang='lat' dir='ltr'>pacifici</span> <span class='ocrx_word' id='word_1_552' title='bbox 1670 5033 1803 5124; x_wconf 84' lang='lat' dir='ltr'>semper</span> <span class='ocrx_word' id='word_1_553' title='bbox 1820 5052 1957 5102; x_wconf 85' lang='lat' dir='ltr'>manen·</span> 
     </span>
    </p>

    <p class='ocr_par' dir='ltr' id='par_1_17' title="bbox 203 5114 2035 5621">
     <span class='ocr_line' id='line_1_46' title="bbox 203 5114 1956 5228; baseline -0.002 -25"><span class='ocrx_word' id='word_1_554' title='bbox 203 5148 252 5227; x_wconf 68' lang='lat'>45</span> <span class='ocrx_word' id='word_1_555' title='bbox 289 5114 473 5228; x_wconf 63' lang='lat' dir='ltr'>vesperum</span> <span class='ocrx_word' id='word_1_556' title='bbox 491 5127 617 5201; x_wconf 76' lang='lat' dir='ltr'>Pascha</span> <span class='ocrx_word' id='word_1_557' title='bbox 631 5125 773 5202; x_wconf 91' lang='lat' dir='ltr'>Domini</span> <span class='ocrx_word' id='word_1_558' title='bbox 790 5132 959 5205; x_wconf 81' lang='lat' dir='ltr'>esta&amp;in</span> <span class='ocrx_word' id='word_1_559' title='bbox 973 5131 1093 5225; x_wconf 80' lang='lat' dir='ltr'>quinta</span> <span class='ocrx_word' id='word_1_560' title='bbox 1142 5134 1364 5208; x_wconf 83' lang='lat' dir='ltr'>tesaanobis</span> <span class='ocrx_word' id='word_1_561' title='bbox 1377 5135 1547 5208; x_wconf 85' lang='lat' dir='ltr'>custodita</span> <span class='ocrx_word' id='word_1_562' title='bbox 1561 5131 1664 5206; x_wconf 85' lang='lat' dir='ltr'>suerit</span> <span class='ocrx_word' id='word_1_563' title='bbox 1678 5128 1890 5225; x_wconf 81' lang='lat' dir='ltr'>parcimonia</span> <span class='ocrx_word' id='word_1_564' title='bbox 1903 5130 1956 5213; x_wconf 82' lang='lat' dir='ltr'>ie·</span> 
     </span>
     <span class='ocr_line' id='line_1_47' title="bbox 286 5216 2035 5329; baseline 0.003 -41"><span class='ocrx_word' id='word_1_565' title='bbox 286 5216 419 5289; x_wconf 79' lang='lat' dir='ltr'>decima</span> <span class='ocrx_word' id='word_1_566' title='bbox 441 5217 655 5297; x_wconf 86' lang='lat' dir='ltr'>soiennitatis</span> <span class='ocrx_word' id='word_1_567' title='bbox 682 5227 898 5300; x_wconf 89' lang='lat' dir='ltr'>celebrabitis</span> <span class='ocrx_word' id='word_1_568' title='bbox 926 5228 1092 5304; x_wconf 75' lang='lat' dir='ltr'>alumno</span> <span class='ocrx_word' id='word_1_569' title='bbox 1145 5231 1477 5328; x_wconf 81' lang='lat' dir='ltr'>luniommaquibus</span> <span class='ocrx_word' id='word_1_570' title='bbox 1499 5227 1796 5329; x_wconf 76' lang='lat' dir='ltr'>opprimimutt&amp;</span> <span class='ocrx_word' id='word_1_571' title='bbox 1825 5224 1952 5300; x_wconf 85' lang='lat' dir='ltr'>toiian-</span> <span class='ocrx_word' id='word_1_572' title='bbox 1981 5244 2035 5303; x_wconf 82' lang='lat' dir='ltr'>roo</span> 
     </span>
     <span class='ocr_line' id='line_1_48' title="bbox 285 5315 1954 5429; baseline -0.013 -11"><span class='ocrx_word' id='word_1_573' title='bbox 285 5315 366 5387; x_wconf 66' lang='lat'>9²⁰</span> <span class='ocrx_word' id='word_1_574' title='bbox 390 5317 525 5429; x_wconf 46' lang='grc' dir='ltr'>ΜΝ·</span> <span class='ocrx_word' id='word_1_575' title='bbox 540 5320 589 5412; x_wconf 70' lang='lat' dir='ltr'>s·</span> <span class='ocrx_word' id='word_1_576' title='bbox 604 5325 756 5397; x_wconf 69' lang='lat' dir='ltr'>Locutus</span> <span class='ocrx_word' id='word_1_577' title='bbox 783 5326 829 5396; x_wconf 80' lang='lat' dir='ltr'>est</span> <span class='ocrx_word' id='word_1_578' title='bbox 844 5324 986 5418; x_wconf 89' lang='lat' dir='ltr'>Moyses</span> <span class='ocrx_word' id='word_1_579' title='bbox 1015 5323 1095 5403; x_wconf 81' lang='lat' dir='ltr'>filiis</span> <span class='ocrx_word' id='word_1_580' title='bbox 1147 5345 1204 5402; x_wconf 90' lang='lat' dir='ltr'>tut</span> <span class='ocrx_word' id='word_1_581' title='bbox 1215 5331 1332 5403; x_wconf 91' lang='lat' dir='ltr'>omnia</span> <span class='ocrx_word' id='word_1_582' title='bbox 1349 5331 1503 5424; x_wconf 89' lang='lat' dir='ltr'>pondera</span> <span class='ocrx_word' id='word_1_583' title='bbox 1531 5329 1700 5402; x_wconf 86' lang='lat' dir='ltr'>vitiorum</span> <span class='ocrx_word' id='word_1_584' title='bbox 1721 5375 1731 5396; x_wconf 85' lang='lat'><strong>·</strong></span> <span class='ocrx_word' id='word_1_585' title='bbox 1748 5329 1872 5402; x_wconf 86' lang='lat' dir='ltr'>Pacem</span> <span class='ocrx_word' id='word_1_586' title='bbox 1888 5325 1954 5397; x_wconf 81' lang='lat' dir='ltr'>ita·</span> 
     </span>
     <span class='ocr_line' id='line_1_49' title="bbox 284 5409 1957 5523; baseline 0 -29"><span class='ocrx_word' id='word_1_587' title='bbox 284 5409 389 5486; x_wconf 75' lang='lat' dir='ltr'>lsrael</span> <span class='ocrx_word' id='word_1_588' title='bbox 406 5416 546 5492; x_wconf 75' lang='lat' dir='ltr'>dicens:</span> <span class='ocrx_word' id='word_1_589' title='bbox 561 5422 594 5492; x_wconf 88' lang='lat' dir='ltr'>in</span> <span class='ocrx_word' id='word_1_590' title='bbox 612 5421 668 5492; x_wconf 90' lang='lat' dir='ltr'>die</span> <span class='ocrx_word' id='word_1_591' title='bbox 681 5425 810 5497; x_wconf 77' lang='lat' dir='ltr'>odtavo</span> <span class='ocrx_word' id='word_1_592' title='bbox 826 5442 977 5495; x_wconf 90' lang='lat' dir='ltr'>venturo</span> <span class='ocrx_word' id='word_1_593' title='bbox 994 5421 1095 5500; x_wconf 89' lang='lat' dir='ltr'>sumi·</span> <span class='ocrx_word' id='word_1_594' title='bbox 1145 5448 1210 5520; x_wconf 90' lang='lat' dir='ltr'>que</span> <span class='ocrx_word' id='word_1_595' title='bbox 1225 5427 1413 5523; x_wconf 68' lang='lat' dir='ltr'>persedam</span> <span class='ocrx_word' id='word_1_596' title='bbox 1427 5426 1686 5500; x_wconf 86' lang='lat' dir='ltr'>nobisomnibus</span> <span class='ocrx_word' id='word_1_597' title='bbox 1699 5423 1957 5519; x_wconf 85' lang='lat' dir='ltr'>benignuscon·</span> 
     </span>
     <span class='ocr_line' id='line_1_50' title="bbox 286 5511 1957 5621; baseline -0.003 -26"><span class='ocrx_word' id='word_1_598' title='bbox 286 5530 324 5587; x_wconf 69' lang='lat' dir='ltr'>tt</span> <span class='ocrx_word' id='word_1_599' title='bbox 338 5511 439 5584; x_wconf 76' lang='lat' dir='ltr'>vobis</span> <span class='ocrx_word' id='word_1_600' title='bbox 455 5540 569 5594; x_wconf 86' lang='lat' dir='ltr'>ramos</span> <span class='ocrx_word' id='word_1_601' title='bbox 587 5516 769 5615; x_wconf 89' lang='lat' dir='ltr'>palmarum</span> <span class='ocrx_word' id='word_1_602' title='bbox 786 5550 795 5592; x_wconf 77' lang='grc' dir='ltr'>ι</span> <span class='ocrx_word' id='word_1_603' title='bbox 811 5522 846 5594; x_wconf 78' lang='lat' dir='ltr'>dt</span> <span class='ocrx_word' id='word_1_604' title='bbox 875 5516 1030 5593; x_wconf 79' lang='lat' dir='ltr'>exultate</span> <span class='ocrx_word' id='word_1_605' title='bbox 1058 5524 1095 5598; x_wconf 95' lang='lat' dir='ltr'>in</span> <span class='ocrx_word' id='word_1_606' title='bbox 1145 5525 1253 5597; x_wconf 86' lang='lat' dir='ltr'>cede=</span> <span class='ocrx_word' id='word_1_607' title='bbox 1272 5545 1309 5598; x_wconf 94' lang='lat' dir='ltr'>ut</span> <span class='ocrx_word' id='word_1_608' title='bbox 1331 5551 1433 5621; x_wconf 88' lang='lat' dir='ltr'>quant</span> <span class='ocrx_word' id='word_1_609' title='bbox 1460 5530 1511 5601; x_wconf 92' lang='lat' dir='ltr'>tui</span> <span class='ocrx_word' id='word_1_610' title='bbox 1528 5530 1595 5609; x_wconf 83' lang='lat' dir='ltr'>iarn</span> <span class='ocrx_word' id='word_1_611' title='bbox 1610 5520 1723 5596; x_wconf 72' lang='lat' dir='ltr'>saneti</span> <span class='ocrx_word' id='word_1_612' title='bbox 1741 5523 1904 5595; x_wconf 82' lang='lat' dir='ltr'>fruuntur</span> <span class='ocrx_word' id='word_1_613' title='bbox 1922 5522 1957 5591; x_wconf 89' lang='lat' dir='ltr'>in</span> 
     </span>
    </p>

    <p class='ocr_par' dir='ltr' id='par_1_18' title="bbox 202 5608 2032 5996">
     <span class='ocr_line' id='line_1_51' title="bbox 202 5608 1956 5719; baseline -0.014 -5"><span class='ocrx_word' id='word_1_614' title='bbox 202 5642 250 5714; x_wconf 74' lang='lat'>5⁰</span> <span class='ocrx_word' id='word_1_615' title='bbox 286 5608 1094 5719; x_wconf 65' lang='lat' dir='ltr'>‘⁰¹³sp25iuDominiusecundunlegemquod</span> <span class='ocrx_word' id='word_1_616' title='bbox 1145 5619 1226 5696; x_wconf 85' lang='lat' dir='ltr'>celis</span> <span class='ocrx_word' id='word_1_617' title='bbox 1244 5649 1334 5699; x_wconf 80' lang='lat' dir='ltr'>anos</span> <span class='ocrx_word' id='word_1_618' title='bbox 1361 5648 1498 5716; x_wconf 85' lang='lat' dir='ltr'>quoque</span> <span class='ocrx_word' id='word_1_619' title='bbox 1531 5621 1736 5696; x_wconf 86' lang='lat' dir='ltr'>meditemur</span> <span class='ocrx_word' id='word_1_620' title='bbox 1761 5620 1896 5716; x_wconf 83' lang='lat' dir='ltr'>jugiter</span> <span class='ocrx_word' id='word_1_621' title='bbox 1922 5618 1956 5689; x_wconf 82' lang='lat' dir='ltr'>ia</span> 
     </span>
     <span class='ocr_line' id='line_1_52' title="bbox 283 5708 2032 5815; baseline -0.011 -34"><span class='ocrx_word' id='word_1_622' title='bbox 283 5708 913 5815; x_wconf 73' lang='lat' dir='ltr'>vousprecept.a.80tenniutem.</span> <span class='ocrx_word' id='word_1_623' title='bbox 973 5713 1097 5810; x_wconf 78' lang='lat' dir='ltr'>Miffa.</span> <span class='ocrx_word' id='word_1_624' title='bbox 1147 5724 1493 5815; x_wconf 55' lang='lat' dir='ltr'>terri,‚132‚gmen‚</span> <span class='ocrx_word' id='word_1_625' title='bbox 1715 5718 1860 5789; x_wconf 78' lang='lat' dir='ltr'>salario.</span> <span class='ocrx_word' id='word_1_626' title='bbox 1982 5728 2032 5809; x_wconf 83' lang='lat'>105</span> 
     </span>
     <span class='ocr_line' id='line_1_53' title="bbox 284 5802 1954 5996; baseline -0.015 -84"><span class='ocrx_word' id='word_1_627' title='bbox 284 5802 382 5985; x_wconf 88' lang='lat' dir='ltr'>D</span> <span class='ocrx_word' id='word_1_628' title='bbox 397 5809 460 5887; x_wconf 54' lang='grc' dir='ltr'>ΕΜ</span> <span class='ocrx_word' id='word_1_629' title='bbox 475 5817 532 5908; x_wconf 63' lang='grc' dir='ltr'>(ἱΰῑ</span> <span class='ocrx_word' id='word_1_630' title='bbox 546 5815 691 5910; x_wconf 62' lang='lat' dir='ltr'>mystico</span> <span class='ocrx_word' id='word_1_631' title='bbox 707 5816 790 5893; x_wconf 84' lang='lat' dir='ltr'>olim</span> <span class='ocrx_word' id='word_1_632' title='bbox 815 5814 976 5914; x_wconf 83' lang='lat' dir='ltr'>presagio</span> <span class='ocrx_word' id='word_1_633' title='bbox 991 5818 1100 5895; x_wconf 81' lang='lat' dir='ltr'>samu·</span> <span class='ocrx_word' id='word_1_634' title='bbox 1151 5818 1386 5996; x_wconf 83' lang='lat' dir='ltr'>Dignum</span> <span class='ocrx_word' id='word_1_635' title='bbox 1397 5825 1432 5895; x_wconf 76' lang='lat' dir='ltr'>dc</span> <span class='ocrx_word' id='word_1_636' title='bbox 1445 5823 1571 5905; x_wconf 79' lang='lat' dir='ltr'>iustum</span> <span class='ocrx_word' id='word_1_637' title='bbox 1587 5820 1633 5891; x_wconf 85' lang='lat' dir='ltr'>esi</span> <span class='ocrx_word' id='word_1_638' title='bbox 1648 5840 1733 5890; x_wconf 87' lang='lat' dir='ltr'>vere</span> <span class='ocrx_word' id='word_1_639' title='bbox 1746 5813 1896 5890; x_wconf 73' lang='lat' dir='ltr'>sanctum</span> <span class='ocrx_word' id='word_1_640' title='bbox 1921 5816 1954 5887; x_wconf 71' lang='lat' dir='ltr'>se</span> 
     </span>
    </p>

    <p class='ocr_par' dir='ltr' id='par_1_19' title="bbox 408 5904 1958 6017">
     <span class='ocr_line' id='line_1_54' title="bbox 408 5904 1958 6017; baseline -0.005 -26"><span class='ocrx_word' id='word_1_641' title='bbox 408 5904 445 5984; x_wconf 84' lang='lat' dir='ltr'>lo</span> <span class='ocrx_word' id='word_1_642' title='bbox 461 5930 526 5989; x_wconf 82' lang='lat' dir='ltr'>tuo</span> <span class='ocrx_word' id='word_1_643' title='bbox 540 5913 657 6008; x_wconf 80' lang='lat' dir='ltr'>Moysi</span> <span class='ocrx_word' id='word_1_644' title='bbox 684 5915 778 5990; x_wconf 87' lang='lat' dir='ltr'>inter</span> <span class='ocrx_word' id='word_1_645' title='bbox 809 5916 889 5989; x_wconf 85' lang='lat' dir='ltr'>alias</span> <span class='ocrx_word' id='word_1_646' title='bbox 915 5938 1100 6015; x_wconf 86' lang='lat' dir='ltr'>precepto·</span> <span class='ocrx_word' id='word_1_647' title='bbox 1274 5920 1449 6017; x_wconf 87' lang='lat' dir='ltr'>pulchrum</span> <span class='ocrx_word' id='word_1_648' title='bbox 1464 5923 1533 5991; x_wconf 77' lang='lat' dir='ltr'>esta</span> <span class='ocrx_word' id='word_1_649' title='bbox 1552 5943 1612 5990; x_wconf 88' lang='lat' dir='ltr'>nos</span> <span class='ocrx_word' id='word_1_650' title='bbox 1631 5916 1692 5989; x_wconf 92' lang='lat' dir='ltr'>tibi</span> <span class='ocrx_word' id='word_1_651' title='bbox 1706 5914 1838 6007; x_wconf 90' lang='lat' dir='ltr'>semper</span> <span class='ocrx_word' id='word_1_652' title='bbox 1857 5915 1912 5987; x_wconf 84' lang='lat' dir='ltr'>hic</span> <span class='ocrx_word' id='word_1_653' title='bbox 1924 5916 1958 5984; x_wconf 82' lang='lat' dir='ltr'>dr</span> 
     </span>
    </p>
   </div>
   <div class='ocr_carea' id='block_1_4' title="bbox 280 6010 1968 6209">
    <p class='ocr_par' dir='ltr' id='par_1_20' title="bbox 280 6010 1968 6209">
     <span class='ocr_line' id='line_1_55' title="bbox 280 6010 1960 6119; baseline 0.005 -38"><span class='ocrx_word' id='word_1_654' title='bbox 280 6024 359 6081; x_wconf 86' lang='lat' dir='ltr'>rum</span> <span class='ocrx_word' id='word_1_655' title='bbox 381 6012 1016 6094; x_wconf 72' lang='lat' dir='ltr'>tuorumcerimoniaszetiamborum</span> <span class='ocrx_word' id='word_1_656' title='bbox 1027 6019 1102 6095; x_wconf 76' lang='lat' dir='ltr'>oae-</span> <span class='ocrx_word' id='word_1_657' title='bbox 1148 6016 1273 6114; x_wconf 87' lang='lat' dir='ltr'>tabique</span> <span class='ocrx_word' id='word_1_658' title='bbox 1304 6017 1437 6119; x_wconf 83' lang='lat' dir='ltr'>gratias</span> <span class='ocrx_word' id='word_1_659' title='bbox 1464 6042 1571 6115; x_wconf 77' lang='lat' dir='ltr'>agere</span> <span class='ocrx_word' id='word_1_660' title='bbox 1588 6010 1799 6111; x_wconf 76' lang='lat' dir='ltr'>aiaudtsque</span> <span class='ocrx_word' id='word_1_661' title='bbox 1828 6014 1960 6090; x_wconf 79' lang='lat' dir='ltr'>reterre</span> 
     </span>
     <span class='ocr_line' id='line_1_56' title="bbox 293 6129 1968 6209; baseline 0.004 -34"><span class='ocrx_word' id='word_1_662' title='bbox 293 6140 297 6145; x_wconf 95' lang='lat'>·</span> <span class='ocrx_word' id='word_1_663' title='bbox 1871 6152 1875 6158; x_wconf 92' lang='lat'><em>-</em></span> <span class='ocrx_word' id='word_1_664' title='bbox 1908 6129 1968 6209; x_wconf 87' lang='lat' dir='ltr'>per</span> 
     </span>
    </p>
   </div>
   <div class='ocr_carea' id='block_1_5' title="bbox 0 0 2230 7209">
    <p class='ocr_par' dir='ltr' id='par_1_21' title="bbox 0 0 2230 7209">
     <span class='ocr_line' id='line_1_57' title="bbox 0 0 2230 7209; baseline 0 0"><span class='ocrx_word' id='word_1_665' title='bbox 0 0 2230 7209; x_wconf 95' lang='lat' dir='ltr'> </span> 
     </span>
    </p>
   </div>
  </div>
 </body>
</html>
