4450 7209
481 745 639 820 POST
677 737 981 821 OCTAVAS
1022 738 1401 823 EPIPHANlls·
1713 757 1766 839 79

145 856 191 921 Da
207 842 367 937 quesumus
392 840 487 913 nobis
512 843 666 919 omnibus
690 846 913 921 charitatis&
962 845 1049 957 patri
1066 840 1251 937 discipulos
1269 836 1546 917 commendavitt
1571 838 1631 913 sed
1659 840 1765 917 etiam
1804 858 1847 935 55

145 940 320 1017 humilitatis
333 938 510 1011 affectum:
538 959 577 1011 ut
602 940 746 1013 humiles
768 964 806 1017 ac
825 936 919 1036 paci·
966 966 1001 1013 ιιι
1018 943 1167 1031 passione
1179 966 1246 1037 pro
1263 938 1405 1013 inimicis
1419 940 1559 1015 oravit.
1576 939 1631 1014 Sic
1645 938 1682 1009 in
1694 937 1765 1009 Dei

144 1040 216 1108 ficos
232 1041 261 1107 in
276 1035 435 1108 charitate
453 1034 519 1106 Dei
536 1039 570 1108 δι
583 1036 752 1129 proximis
777 1062 841 1111 nos
857 1037 907 1111 vi·
954 1040 1097 1111 dextera
1114 1038 1286 1111 exaltatus
1301 1034 1476 1129 perpetim
1491 1052 1634 1130 regnata
1650 1038 1685 1106 ἃ
1695 1055 1763 1127 pro

143 1155 213 1203 vere
228 1130 447 1229 gratulemur.
461 1137 650 1223 lja-Amen·
962 1134 1059 1207 nobis
1077 1134 1207 1228 iugiter
1223 1128 1443 1225 interpellat·
1458 1133 1569 1221 Qem
1581 1150 1693 1203 tecum
1706 1154 1765 1223 pa·

965 1250 1020 1301 ter
1042 1230 1074 1299 in
1089 1231 1220 1303 unitate
1237 1227 1386 1321 Spiritus
1403 1224 1515 1301 Sansli
1529 1224 1680 1299 celorum
1702 1221 1764 1297 ille
1802 1252 1813 1313 ς,

443 1324 592 1397 ursatio.
963 1325 1133 1397 exercitus
1160 1322 1409 1397 innumerabilis
1421 1344 1609 1396 creatorem
1625 1317 1762 1392 laudata
1799 1318 1848 1395 60

141 1418 349 1591 Dignum
376 1420 411 1489 δι
426 1422 546 1503 justnm
560 1423 606 1493 cll
620 1439 656 1493 te
670 1422 824 1495 Domine
837 1446 915 1495 ora·
963 1418 1128 1493 extollit:
1145 1440 1324 1515 precatur:
1341 1420 1487 1493 adorata
1503 1416 1763 1515 glorificgtcho·

245 1539 280 1583 re
295 1513 427 1609 semper
448 1520 482 1588 sa
498 1517 661 1591 invocare
675 1547 686 1587 a
716 1521 773 1611 qai
795 1519 917 1591 servo·
966 1536 1087 1590 notata
1104 1537 1289 1591 veneratur
1305 1543 1316 1581 a
1332 1512 1485 1588 exaltata
1498 1510 1763 1607 atqueinslefes-

141 1632 200 1681 rum
215 1629 341 1685 tuorum
356 1618 512 1703 precibus
534 1612 575 1683 ab
607 1611 707 1689 initio
736 1612 909 1708 propicius
957 1614 994 1685 so
1013 1615 1185 1705 preconio
1201 1608 1544 1706 benedicitcattollitr
1565 1609 1766 1681 confiteturc

88 1729 118 1781 ιο
140 1706 261 1775 annuis:
282 1707 915 1801 ttplacatusostenderis.Qelbusque
965 1709 1129 1783 aedicit.
1156 1705 1725 1804 msanuus.82nuus.saactus.
1826 1722 1834 1754 ι
1940 1756 1946 1763 .

139 1799 851 1903 tcinvocantibus&beneficiaprorogass
882 1811 917 1879 bt
1242 1801 1492 1888 Possrasius.
1752 1848 1759 1859 ·
1796 1800 1848 1895 65

138 1893 284 1969 mirabilia
301 1918 435 1993 parsasa
462 1897 704 1995 indulgentiam
726 1928 794 1975 non
811 1904 919 1974 dene·
1065 1902 1128 1975 Ere
1141 1900 1284 1975 lansiusr
1297 1919 1381 1974 vere
1394 1896 1764 1979 benedittuanominua

138 2016 209 2084 gas:
234 1993 510 2069 benevolenftam
527 1999 667 2089 pressasa
682 2002 715 2071 dt
731 1998 875 2096 provide
883 2024 921 2071 n·
1088 1999 1198 2071 noster
1206 2000 1299 2076 lesus
1312 1994 1463 2067 Chrisius
1470 1993 1569 2066 ‘silius
1584 2013 1674 2067 tuus.
1687 1996 1758 2087 Qi

138 2090 207 2159 tiam
222 2092 396 2162 monllras.
427 2092 482 2166 sie·
509 2092 652 2186 Moyses
674 2097 916 2171 manibusins
964 2095 1145 2190 repudiata
1170 2094 1417 2170 immundorum
1442 2090 1660 2185 cogitatione
1676 2088 1765 2163 liba·'

85 2206 113 2271 15
139 2187 231 2279 tipum
248 2186 353 2259 crucis
381 2205 417 2259 te
430 2188 562 2261 orando
579 2192 746 2286 porreslis
764 2194 797 2265 in
812 2199 921 2266 Ama*
966 2193 1118 2267 minuma
1140 2189 1321 2286 simplicem
1346 2187 1450 2261 ritum
1466 2207 1560 2259 nove
1581 2184 1760 2261 sandionis
1796 2201 1840 2252 ‘vn

138 2278 200 2351 lech
214 2279 382 2355 diabolum
397 2282 599 2377 superavit.
626 2288 683 2361 Sic
695 2288 796 2367 Josue
817 2290 918 2363 invo-
966 2290 1131 2363 intituler
1156 2286 1344 2379 docuitque
1359 2278 1648 2376 discipulossuosa
1670 2282 1760 2353 inter
1793 2298 1851 2375 7ο
1916 2331 1920 2335 -

136 2398 202 2449 cans
214 2378 319 2451 Deum
339 2382 373 2452 in
389 2398 489 2453 tanto
503 2383 665 2455 nominer
687 2388 767 2456 dum
788 2387 916 2463 hostem
965 2388 1029 2460 hec
1055 2382 1261 2459 sacrosansla
1289 2379 1439 2456 solennia
1454 2378 1684 2451 innocentiam
1699 2402 1762 2473 pu·

136 2474 331 2565 prusiernita
359 2475 448 2547 diem
464 2478 633 2552 tetendit:
650 2480 788 2559 utJesus
805 2484 918 2556 noller
966 2506 1035 2558 ram
1051 2503 1186 2553 vovere
1203 2482 1238 2552 δι
1253 2483 1332 2553 Deo
1345 2476 1409 2549 soli
1425 2474 1565 2549 hostiam
1585 2471 1692 2546 laudis
1704 2473 1762 2545 of·

135 2567 183 2639 lua
205 2594 283 2643 vera
300 2569 501 2643 crescereta
523 2594 692 2648 venturus
716 2579 749 2651 in
768 2579 915 2653 exordio
964 2583 1067 2653 ferre.
1081 2576 1163 2671 Ipso
1175 2577 1331 2652 Domino
1344 2573 1627 2668 redemptorique
1642 2570 1767 2644 nolito

81 2686 113 2735 aa
135 2668 335 2738 tenebrarum
361 2666 498 2760 semper
517 2671 755 2747 excresceret·
782 2676 838 2747 Sic
851 2684 913 2753 Sa-
958 2696 1111 2753 eterno.
1827 2710 1831 2721 ·

134 2760 211 2833 muel
229 2764 314 2833 telle
337 2764 478 2839 Chrilio
496 2764 564 2837 Dei
590 2768 799 2867 evangelicis
819 2771 911 2845 into·
1186 2769 1266 2857 Posi
1271 2774 1401 2869 pridie.
1416 2762 1531 2839 oraria
1539 2782 1563 2834 a
1793 2777 1848 2859 75

133 2882 202 2930 nans
215 2858 355 2931 monitis
373 2888 382 2928 a
412 2860 531 2955 populi
547 2865 629 2937 dura
644 2869 824 2959 precordia
837 2880 914 2963 pre·
1059 2872 1233 2946 Redentes
1247 2870 1400 2943 Domine
1415 2860 1571 2935 universa
1589 2855 1759 2931 mirabilia

134 2954 213 3025 cibus
228 2954 356 3026 emissas
382 2956 515 3028 turbine
542 2964 668 3035 terruit
693 2967 913 3057 tonitruaque
1071 2967 1213 3043 Domini
1232 2967 1335 3039 noslri
1355 2960 1431 3047 Jesu
1452 2954 1576 3029 Christi
1602 2952 1663 3025 filil
1681 2953 1765 3025 tuit

132 3052 291 3123 concessit·
302 3052 361 3123 Sic
375 3052 488 3126 David
502 3056 702 3145 hynnidicus
719 3062 916 3135 orationum
961 3083 1062 3155 atque
1080 3062 1323 3135 incarnationis
1338 3066 1421 3144 ejus:
1439 3058 1474 3126 δι
1490 3048 1677 3123 divinitatis
1691 3070 1764 3212 po*

79 3170 110 3241 ις
135 3146 261 3241 gratiam
282 3146 489 3241 psalmorum
508 3150 742 3227 modulacione
763 3155 910 3227 reddidit
958 3162 1099 3232 tentiam
1107 3162 1313 3233 confitentes
1331 3155 1364 3225 in
1382 3151 1448 3227 tuis
1465 3144 1615 3222 laudibus
1627 3165 1693 3214 exu
1708 3163 1765 3216 ta·-

133 3238 334 3315 dulciorem.
357 3244 746 3321 SicSalomonextensls
772 3254 807 3323 δι
832 3248 903 3345 ipse
953 3240 1764 3347 staatstibiquesacriliciumlaudisosi'erimus‘llta·¹
1794 3240 1849 3313 80⁸

133 3340 264 3413 manibus
279 3340 359 3413 dum
372 3343 615 3415 orandocrucia
626 3346 771 3440 figuram
783 3343 924 3441 expres-
993 3374 1084 3424 amus
1113 3349 1332 3423 clementiam
1361 3365 1452 3418 tuam
1477 3335 1760 3412 summaTrinitas

132 3435 179 3507 sata
194 3433 356 3530 templum
370 3435 508 3512 Domini
524 3440 698 3513 dedicavit
709 3488 721 3511 .
731 3443 791 3514 Sic
802 3443 920 3536 Asaph·
963 3378 1057 3520 Deus
1085 3449 1268 3522 &infinita
1282 3445 1456 3529 maiestas:
1480 3455 1519 3507 ut
1547 3435 1616 3507 hec
1625 3430 1762 3513 oblatio

133 3532 326 3627 &iosaphat
343 3530 537 3605 nobilitant
552 3558 648 3634 reges
661 3538 764 3619 edum
781 3538 912 3632 pieDei
961 3568 1063 3637 qnam
1077 3548 1110 3619 in
1125 3543 1244 3619 sanslo
1256 3540 1382 3615 altario
1395 3556 1462 3610 tuo
1473 3529 1655 3628 deserimus
1668 3574 1679 3596 ·
1694 3548 1766 3623 ρι’ῠ·

78 3650 110 3721 30
135 3629 253 3720 populo
282 3625 424 3722 presunt
444 3630 590 3702 hostium
605 3637 917 3709 catervatimmen·
964 3644 1159 3716 nostrorum·
1178 3634 1601 3733 expiationesacinoruma
1624 3622 1762 3695 sitocu·
1840 3638 1844 3643 ’

133 3720 281 3817 saaprecc
296 3727 525 3819 potiusquam
540 3724 618 3799 ense
633 3732 852 3823 prostrarunt.
868 3734 927 3815 Sic·
970 3734 1010 3809 lis
1030 3737 1095 3813 tuis
1113 3736 1256 3831 placitas
1281 3733 1323 3807 sit
1338 3734 1468 3825 semper
1480 3739 1617 3817 accepta
1626 3744 1641 3789 a·
1649 3716 1761 3794 simul·
1796 3725 1848 3817 85

133 3818 279 3893 Ezechias
290 3822 409 3899 flendo
422 3823 552 3899 dumde
562 3844 676 3913 morte
690 3828 791 3899 rediit
808 3831 849 3900 ad
861 3834 918 3903 ei.
964 3856 1030 3925 que
1045 3832 1214 3906 efficiatur
1231 3828 1292 3902 illo
1307 3826 1425 3900 seculo·
1433 3820 1693 3919 superveniente
1708 3815 1761 3887 se·
1801 3848 1808 3859 ¹

134 3934 210 3987 tama
238 3915 319 3989 solis
336 3916 495 3991 occiduas
510 3920 614 3992 horas
626 3923 803 3995 convertit
813 3924 846 3993 in
857 3950 923 4001 ore
963 3928 1122 4025 ptiformi
1150 3926 1276 4021 spiritu
1299 3920 1503 3996 benedida:
1547 3938 1624 4007 quo
1638 3913 1762 4003 ubique

133 4026 222 4082 tum.
245 4014 302 4084 Sic
329 4009 449 4085 Helius
467 4016 558 4106 quasi
572 4013 701 4089 clavem
715 4018 922 4097 etherisose
964 4026 1059 4097 Deus
1085 4022 1261 4099 veraciter
1269 4018 1497 4095 manifestetur
1510 4012 1544 4083 in
1558 4034 1603 4083 eo
1617 4049 1634 4076 ι
1657 4012 1703 4080 Ut
1725 4026 1762 4116 te

76 4122 108 4195 35
134 4108 287 4199 gestareta
311 4110 471 4182 oratione
485 4108 592 4187 celum
607 4109 721 4187 clausit
736 4118 773 4186 δι
790 4116 923 4196 resera.
966 4122 1052 4195 hanc
1066 4122 1207 4193 hostiam
1220 4116 1443 4190 benedicente
1457 4134 1473 4179 a·
1492 4106 1592 4201 siqui
1604 4120 1652 4178 erc*
1663 4128 1702 4175 ea
1719 4100 1769 4172 he

132 4204 260 4279 vit-Sic
274 4202 433 4278 Heliseus
444 4206 613 4279 exanimes
629 4208 857 4287 incumbendo·
867 4240 922 4290 ca·
967 4217 1129 4290 baverint
1156 4236 1191 4289 te
1205 4214 1371 4305 largiente
1388 4236 1404 4280 r
1429 4211 1466 4281 δι
1489 4206 1527 4277 ἰιι·
1547 4204 1617 4277 hoc
1645 4196 1766 4273 seculo
1794 4224 1852 4292 po

131 4294 279 4373 lesaciens
293 4319 401 4374 arcusa
416 4302 606 4376 vivificavit
618 4306 781 4379 ‚oratione
794 4313 917 4384 desun-
963 4314 1156 4409 percipiant
1186 4294 1384 4387 medicinam
1401 4310 1438 4379 δι
1457 4305 1492 4377 in
1509 4303 1625 4375 futuro
1638 4288 1759 4370 conse·

131 4397 232 4471 dum·
254 4399 310 4471 Sic
321 4401 425 4473 Jonas
442 4397 565 4493 pelago
579 4400 753 4478 immersus
781 4430 843 4499 per
856 4434 917 4481 ce·
961 4409 1196 4505 quantur·vite
1208 4430 1327 4484 eterne
1342 4424 1500 4478 coronam
1513 4446 1530 4471 a
1556 4402 1729 4491 §cadmeo
1748 4443 1768 4469 r

128 4506 191 4566 tum
208 4514 354 4567 voratus
366 4516 575 4586 nequaquam
589 4497 630 4571 ab
643 4498 799 4572 oratione
815 4504 921 4578 celsa·

76 4598 104 4671 so
128 4586 195 4657 vita
218 4612 322 4680 quern
335 4588 368 4658 in
383 4590 505 4662 sinuosi
518 4594 650 4665 ventris
661 4613 763 4669 antro
777 4618 917 4690 precan·
1111 4596 1367 4675 adorationem
1380 4586 1615 4671 nouantem}
1744 4678 1750 4687 Ι

127 4700 189 4755 tem
203 4714 214 4754 a
226 4708 290 4757 nec
305 4681 419 4757 bellua
431 4689 544 4781 potuit
556 4685 693 4761 lederet
706 4714 767 4765 nec
781 4694 920 4787 proeel-
1032 4696 1119 4775 lmus
1133 4700 1173 4772 ad
1187 4698 1299 4770 Deum
1311 4697 1431 4767 fratres
1445 4685 1621 4759 charissimi
1638 4676 1762 4754 sollici·
1793 4698 1849 4780 95

125 4774 316 4854 lustrans
332 4792 470 4854 orantes
485 4786 582 4875 pueri
597 4785 748 4859 incendia
763 4810 830 4861 non
844 4791 927 4865 sene
967 4696 1028 4875 S
1051 4796 1100 4868 tia
1125 4792 1244 4889 quide
1269 4790 1471 4867 meritorum
1484 4783 1674 4855 nostwrum
1690 4799 1764 4855 ⁰0¹¹
1814 4787 1825 4808 ‘

126 4872 195 4946 sere
213 4877 368 4949 rotancia
382 4904 392 4944 a
408 4879 443 4950 δι
457 4880 698 4973 crepitantium
708 4882 916 4966 flammarum
957 4890 1069 4962 sumus
1096 4889 1266 4963 felicitate·
1285 4883 1394 4981 securi
1409 4931 1421 4973 ·.
1442 4884 1488 4955 Et
1504 4878 1586 4969 quia·
1604 4876 1765 4950 omnibus·

125 4970 294 5066 llrepirum
313 4996 449 5069 precum
462 4996 633 5050 concentu
647 4976 784 5050 vicere·
806 4983 860 5053 Sic
877 4985 911 5055 in
960 5008 1045 5077 opus
1059 4984 1108 5057 sss
1119 4982 1333 5079 indulgentia
1348 4975 1579 5071 redemptoris
1595 4996 1610 5043 a·
1630 4975 1677 5045 ad·
1699 4972 1760 5043 im·
1813 4998 1829 5009 ··

77 5076 100 5149 ις
124 5058 191 5137 lacu
211 5068 369 5141 Danielis
391 5071 508 5144 oratio
521 5070 659 5146 leonum
668 5072 792 5147 avidos
811 5078 920 5151 rit‘dus¹
962 5082 1250 5175 petrandamejus
1273 5074 1537 5156 misericordiam·
1551 5093 1769 5144 omnesunaae
1830 5081 1837 5089 ’

123 5162 285 5239 &edacia
309 5190 370 5240 ora
385 5166 584 5241 restrinxit.
610 5170 666 5242 Sic
678 5170 772 5242 client
790 5172 922 5247 Domc·
964 5172 1106 5249 nimiter
1115 5174 1298 5251 cl'antemus
1317 5171 1453 5248 cterris
1469 5210 1485 5241 a
1506 5172 1613 5245 Pater
1624 5168 1767 5240 uostcre
1801 5179 1875 5242 ιον

122 5282 179 5329 uus
199 5262 316 5333 noller
336 5261 427 5336 lesus
445 5262 597 5336 Chrillus
612 5265 721 5339 fidelis
750 5266 785 5337 in
799 5270 923 5343 verbis·
1014 5282 1063 5365 qr.
1078 5276 1216 5346 Amen.-
1677 5357 1680 5361 A
1753 5281 1757 5287 ’

122 5354 203 5425 suisa
225 5358 262 5427 δι
276 5358 403 5431 sanstus
424 5356 457 5429 in
472 5361 634 5433 omnibus
646 5360 805 5455 operibus
820 5364 886 5438 suis
902 5393 919 5437 a
1012 5370 1113 5439 Dicat
1126 5366 1245 5441 areas.
1258 5358 1449 5441 Humiliatc
1468 5386 1532 5433 vos
1553 5352 1770 5432 benedictio«

122 5448 340 5542 sequentibus
362 5452 531 5527 scortandi
553 5480 706 5533 normam
728 5456 854 5557 inqua
876 5463 920 5537 sit
966 5462 1006 5535 ni
1016 5506 1031 5538 a
1051 5466 1219 5544 Dominus
1232 5458 1634 5559 uasenpeevobiscum·
1655 5452 1770 5543 15&st

77 5557 99 5611 ἰι
124 5545 247 5619 hamma
261 5546 376 5622 salutis
391 5550 534 5625 instituit
549 5600 565 5622 .-
586 5556 656 5627 Sed
669 5578 771 5629 orare
784 5559 822 5627 bs
835 5574 922 5630 nun'·
965 5584 1041 5634 cum
1054 5602 1072 5631 a

123 5644 561 5736 quamdesi'ccteaposlolis
577 5648 926 5747 imperavit-slepe
1259 5644 1470 5729 retenturi.-
1800 5667 1874 5745 105

125 5736 342 5833 fideliterque
363 5738 577 5837 poscentibus
593 5746 757 5837 quicquid
766 5748 928 5821 oratione·
1058 5744 1324 5827 [ementishmus
1337 5749 1502 5822 Dominus
1516 5737 1769 5825 in'cuiusman'tt

124 5836 308 5908 credentes
328 5839 519 5931 petierint:
539 5836 572 5909 se
589 5844 931 5937 prestaturumspon·
1003 5890 1009 5903 ·
1083 5853 1135 5922 esb
1157 5848 1319 5924 universa.
1341 5840 1548 5941 prosperitas
1564 5869 1579 5909 a
1609 5836 1770 5909 caritatis

124 5930 198 6005 sit·
221 5932 280 6005 sic
297 5952 374 6028 aute
386 5936 713 6034 pafficnemoraud'o
727 5936 928 6025 nuusol'uuc
969 5939 1768 6103 semperstpacisvobiatribrutiucremegtadga'·

836 6050 838 6055 ’
1669 6052 1723 6101 me
1754 6061 1773 6098 ιι
