4450 7209
580 785 1334 878 ansn'rto..
1653 820 1761 899 xxm

138 893 318 1025 virorem
348 890 590 1017 adgreffus,
623 896 817 1015 solutore
852 897 1061 1016 omnium,
1101 897 1314 1023 christum
1340 900 1559 996 Dominum
1589 908 1757 1026 populis

140 1011 385 1149 essentiavit,
415 1047 477 1106 ex·
492 1012 560 1106 his
589 1048 685 1149 ergo
710 1015 835 1138 pauci
860 1019 1074 1113 admodum
1100 1022 1333 1136 credentes,
1362 1021 1520 1117 Clerici
1546 1025 1732 1117 ordinati

139 1159 268 1269 rtrum
293 1129 507 1269 psallendi
526 1133 797 1269 suscipiunt,
836 1134 891 1231 (θ’
919 1139 1104 1258 qualiter
1130 1141 1349 1258 Ecclefiam
1376 1141 1643 1264 construant,
1678 1091 1757 1237 vel

137 1275 406 1370 omnipotente
424 1263 510 1346 Deo
531 1250 735 1369 solemma
765 1252 968 1348 celebrare
997 1256 1194 1374 debeant,
1224 1258 1492 1354 imbuuntur.
1522 1270 1610 1351 Nec
1641 1267 1760 1353 aliter

137 1375 175 1461 in
203 1375 403 1493 Hispania
433 1373 610 1489 sallum,
641 1377 808 1465 testatur
836 1380 1126 1496 fragmentum
1142 1385 1330 1490 celebre,
1359 1382 1499 1470 Codici
1530 1384 1760 1472 Scorialenst

136 1493 339 1585 adnexum
367 1490 465 1611 (a),
495 1498 646 1612 inquo
670 1503 937 1610 Torquatus,
976 1500 1138 1615 ejusque
1169 1503 1296 1613 socii,
1323 1495 1434 1615 ficut
1467 1494 1521 1589 ab
1549 1497 1758 1618 Apoliolir

132 1609 333 1733 Mtffam,
362 1611 668 1734 doslrioamque
695 1637 961 1733 acceperunt,
989 1640 1065 1736 per
1093 1616 1340 1737 Hispaniam
1366 1615 1571 1711 ordinatis
1590 1615 1758 1736 Episco-

131 1728 200 1852 pir
233 1733 437 1821 tradidisse
477 1738 695 1853 leguntur,
737 1741 776 1825 δι
808 1745 847 1828 8.
867 1741 1081 1854 Gregorius
1105 1747 1194 1827 VII
1234 1740 1370 1826 scribit
1396 1733 1459 1855 (b)
1492 1738 1674 1846 ordinem
1714 1739 1760 1826 in

134 1853 305 1945 Divinis
349 1855 505 1945 Officiis
555 1854 774 1945 tenendum
824 1858 981 1944 eosdem
1021 1857 1219 1974 Hispanos
1258 1858 1475 1967 docuisse,
1513 1861 1585 1971 qui
1625 1859 1762 1946 labore

133 1971 230 2082 sno,
262 1976 303 2062 8<
333 1971 522 2089 sanguine
549 1976 740 2063 Ecclelras
772 1977 1093 2064 constituerunt.
1124 1985 1263 2092 Atque
1294 1977 1386 2064 inde
1417 1977 1532 2065 facile
1551 1973 1761 2063 deducere·
1883 2031 1897 2072 ι,

133 2112 200 2181 tur
227 2093 459 2208 Liturgiam
481 2092 650 2181 Missolis
678 2091 862 2185 Ximom'r'
880 2094 1153 2212 Apostolicam
1186 2098 1289 2207 esse,
1320 2098 1350 2184 si
1381 2094 1575 2183 constaret
1605 2098 1762 2212 prima·

131 2238 231 2299 vam
265 2211 539 2329 Hispanorum
578 2213 1036 2304 sacrificandinormam
1067 2244 1159 2303 earn
1189 2216 1341 2326 fuisse,
1379 2243 1504 2329 quam
1529 2215 1761 2303 Concilium

131 2353 329 2444 quartum
359 2332 608 2419 Toleranum
641 2335 716 2422 suis
754 2333 921 2425 decretis
960 2335 1253 2447 confirmavit,
1293 2363 1498 2448 quamque
1523 2334 1761 2422 GothoHi·

130 2451 297 2569 spanam
322 2447 520 2538 dicimus.
551 2453 626 2544 Sed
657 2483 739 2541 non
769 2453 908 2542 desunt
933 2457 1013 2542 viri
1043 2455 1222 2565 eruditi,
1252 2455 1325 2569 qui
1349 2451 1596 2543 contendunt
1623 2454 1757 2542 Litus·
1790 2471 1870 2565 151

128 2572 280 2688 giam
317 2599 442 2684 quam
469 2571 639 2688 Hispani
680 2603 759 2660 una
784 2604 877 2660 cum
905 2573 1018 2664 Fide·
1035 2575 1258 2663 Christiana
1292 2573 1578 2689 susceperunt,
1608 2577 1761 2660 Roma·

129 2718 231 2779 nam
262 2689 412 2797 fuisse,
444 2718 535 2777 eam
563 2722 683 2801 vero,
712 2723 837 2807 quam
858 2693 1263 2810 Gotho-Hispanam,
1295 2697 1335 2780 ἃ
1362 2690 1665 2779 Mozarabicam
1692 2720 1762 2807 ap-

131 2810 368 2927 pellarunt,
398 2807 595 2913 Auslqres
625 2813 804 2901 habuisse
834 2814 941 2899 viros
973 2814 1251 2900 celeberrimos
1269 2810 1534 2921 Leandrum,
1564 2814 1604 2897 ἃ
1637 2809 1759 2898 lsrdo·

132 2957 263 3038 mm,
304 2930 589 3044 approbatores
628 2960 726 3017 vero
753 2932 922 3023 Concilii
959 2933 1094 3045 quarti
1122 2933 1315 3020 Toletani
1346 2938 1516 3038 Patres,
1554 2928 1626 3040 qui
1658 2929 1763 3013 hanc

88 3118 100 3165 χ
133 3046 315 3147 sormam
343 3049 491 3137 Officia
520 3050 672 3136 Divina
701 3050 924 3139 celebrandi
955 3052 1141 3139 Ecclesris
1169 3050 1354 3135 omnibns
1384 3046 1586 3162 Hispania
1612 3051 1651 3132 8(
1669 3045 1764 3134 Gal·

99 3168 196 3267 'lite
229 3166 420 3255 Gothicae
452 3168 755 3284 imposuerunt.
795 3171 876 3259 Hic
911 3171 1034 3285 igitur
1072 3164 1387 3255 examinandum
1416 3165 1504 3276 est,
1543 3192 1595 3250 an
1630 3164 1763 3251 Litur·

135 3286 237 3402 gia,
269 3312 395 3399 quam
414 3288 619 3403 Apostoli,
651 3290 807 3403 virique
827 3288 1043 3405 Apostolici
1072 3288 1260 3402 Hispanis
1286 3283 1559 3394 tradiderunt,
1576 3290 1765 3371 Romana

135 3398 293 3517 suerit3
334 3433 387 3488 an
426 3406 560 3520 potins
590 3407 783 3522 primava
813 3407 995 3522 Litutgia
1024 3407 1227 3522 Hispanae
1248 3433 1297 3492 ea
1332 3401 1523 3492 censendo
1552 3404 1634 3515 stt,
1673 3427 1763 3514 quae

87 3518 96 3541 ⁹
140 3524 274 3642 postea
293 3523 667 3642 Gotho-Hispana,
698 3533 739 3614 8(
768 3527 1027 3617 Mozarabica
1053 3524 1161 3616 diua
1191 3523 1277 3612 est.

940 3771 991 3856 X.

207 3961 211 3966 ·
369 3946 443 4031 Ao
461 3937 674 4061 primeva
701 3939 980 4064 Hispanorum
1000 3936 1204 4118 -birurpio
1239 3936 1376 4031 eodem
1396 3933 1538 4056 feurit
1580 3936 1584 3943 ’

452 4064 469 4091 ’
772 4085 896 4182 atque
922 4072 1136 4152 Romano.

275 4242 452 4337 Uatnvis
486 4243 746 4359 antiquorum
786 4274 907 4335 nemo
937 4265 1075 4361 aperte
1105 4242 1318 4354 docuerit,
1346 4240 1576 4356 Liturgiam
1604 4243 1755 4325 Roma·
1792 4263 1872 4350 152

297 4393 394 4452 nam
412 4427 426 4474 ,
446 4370 482 4449 ‘a
513 4367 653 4479 primis
684 4365 813 4480 gentis
834 4364 1067 4481 Apostolis,
1111 4363 1309 4478 Hispanos
1348 4359 1580 4476 accepisse,
1626 4381 1768 4445 tamon

321 4482 590 4597 recentiores,
611 4488 716 4572 hanc
746 4485 1004 4601 opinionem,
1036 4483 1244 4599 pluribus,
1277 4508 1350 4568 nec
1379 4476 1683 4568 contemnendis
1708 4505 1770 4564 ar·
1910 4536 1914 4544 ·

202 4604 350 4693 mentis
378 4601 608 4722 persuadere
638 4605 776 4695 conati
804 4604 923 4693 sunt.
956 4604 1140 4691 Primum
1172 4603 1309 4709 enim,
1340 4601 1550 4713 inquiunt,
1583 4591 1769 4684 fimanr'·

132 4633 288 4845 &lum
315 4718 407 4839 fit,
437 4747 485 4810 ut
514 4723 831 4818 &Innocentius
859 4724 1025 4833 scribit,
1057 4723 1185 4810 nullos
1216 4722 1258 4808 in
1289 4719 1506 4834 Hispania,
1534 4717 1575 4803 in
1602 4717 1773 4824 Gallia,

139 4846 184 4933 in
210 4844 388 4955 Africa,
419 4847 460 4932 8(
492 4844 535 4930 in
562 4844 834 4956 adjacentibus
871 4843 1046 4951 Infulis,
1077 4841 1271 4930 Ecclesras
1303 4837 1581 4946 constituisse,
1609 4857 1768 4964 proter

139 4994 233 5073 ros,
258 4995 361 5083 quos
387 4958 647 5054 venerabilis
665 4957 884 5084 Apostolus
912 4969 1088 5071 Petrus,
1120 4979 1195 5051 aut
1219 4961 1307 5072 elus
1325 4951 1592 5073 successores,
1623 4945 1771 5075 constr·
1889 5074 1891 5079 Ι

141 5105 315 5177 ruerunt
339 5080 576 5174 Sacerdotes
601 5079 687 5200 (c),
717 5082 957 5196 consequens
987 5079 1149 5170 videtur
1178 5086 1407 5169 Romanam
1433 5076 1661 5189 Liturgiam
1691 5101 1773 5160 non
1898 5095 1900 5100 ·
2015 5182 2036 5207 ·

141 5202 272 5292 modo
300 5202 344 5290 in
374 5227 462 5289 tota
490 5203 643 5313 Italia,
674 5200 740 5288 sed
771 5203 812 5289 in
829 5202 977 5321 ltsrica¹
997 5229 1186 5316 quoque,
1216 5199 1261 5287 in
1289 5196 1507 5315 Hispania,
1538 5199 1578 5282 ἃ
1611 5199 1651 5284 in
1677 5194 1776 5283 Gal·

139 5325 228 5431 lia,
262 5352 288 5410 a
317 5322 459 5440 primis
489 5324 581 5411 fidei
614 5323 856 5440 praeconibus
885 5328 1149 5441 propagatam
1179 5318 1327 5430 suisse;
1357 5317 1541 5405 credibile
1572 5318 1682 5404 enim
1713 5311 1772 5398 est
1899 5431 1904 5437 Ι

142 5446 300 5563 pslmos
330 5445 491 5531 illarum
522 5446 707 5563 gentium
737 5443 978 5560 Apostolos,
1008 5440 1059 5530 ad
1086 5439 1208 5529 sidem
1237 5440 1432 5527 conversrs
1465 5437 1649 5553 populis,
1681 5459 1775 5519 eam

146 5561 356 5656 tradidisse
375 5563 647 5682 sacrificandi,
676 5563 843 5701 orandi,
869 5569 1186 5667 &Sacramenta
1215 5557 1473 5669 conficiendi,
1502 5554 1781 5760 adminiiiim,

1682 5701 1755 5786 tqu

191 5904 255 5990 (a)
277 5901 387 5966 Extat
402 5899 489 5987 apud
506 5897 633 5966 Pinium
649 5900 681 5966 in
697 5898 808 5966 'fram
823 5896 940 5964 Hisbo
1000 5897 1138 5980 Tom.3.
1153 5902 1309 5983 pag.248·
1711 5971 1720 5988 ⁶

153 5986 323 6056 Chromde
334 5989 441 6074 antiq.
458 5989 588 6076 Litnrg.
605 5987 697 6074 Hisp.
719 6006 787 6070 n29.
1047 5991 1103 6076 (c)
1127 5991 1157 6048 S.
1171 5980 1354 6051 Innocentis
1364 5981 1393 6050 1.
1407 5979 1502 6075 ερὶίὶξ
1514 5979 1558 6076 ad
1577 5977 1781 6081 Decenttuttt

195 6082 256 6171 (b)
279 6079 386 6175 Apud
407 6081 484 6174 um,
506 6080 548 6170 dc
571 6079 713 6168 Aguirre
737 6092 825 6175 conc
850 6075 944 6171 Hisp.
1002 6075 1239 6170 angustinum,
1286 6120 1289 6125 .
1569 6114 1598 6190 χ
