4450 7209
285 705 351 780 128
706 693 1129 774 DOMINICA
1193 687 1519 782 Qunsrn'
1638 772 1641 777 ,
1889 785 1901 788 ,ι

283 825 337 876 tes
355 833 363 874 ε
382 792 624 899 persequimini
638 797 969 892 &comprehendite
983 817 1062 866 eum
1078 817 1087 858 =
1140 791 1240 864 nobis
1255 788 1386 867 Divine
1401 789 1543 866 virtutis
1558 787 1615 860 sue
1632 815 1642 858 a
1659 809 1725 883 que
1737 787 1778 860 ad
1795 781 1953 860 vitam&
1972 815 1996 887 53

285 903 446 995 quianon
465 901 579 992 estqui
595 898 716 971 liberet
734 918 839 967 cum.
870 893 965 966 Deus
994 917 1087 965 meus
1138 891 1303 984 pietatem
1323 891 1641 984 pertinentsdonata
1656 889 1735 959 sunt
1752 910 1817 983 per
1833 887 1955 980 cogni·

284 1023 328 1070 ne
344 998 487 1095 elonges
503 1024 520 1070 a
534 1020 610 1068 me.
638 1006 683 1066 P.
697 995 873 1069 Domine.
899 991 946 1083 p.
957 991 1087 1081 Quia...
1139 991 1271 1060 tionem
1286 991 1358 1073 ejus
1387 1017 1397 1059 a
1424 991 1483 1083 qui
1501 990 1641 1061 vocavit
1674 1009 1737 1058 nos
1752 990 1786 1057 in
1807 985 1952 1079 propria

283 1100 533 1173 firmamentum
546 1093 892 1188 meum&tefugium
922 1113 1086 1164 meumes
1138 1085 1251 1182 gloria
1277 1088 1314 1158 bt
1341 1089 1497 1161 virtute.
1524 1090 1591 1162 Per
1620 1095 1723 1176 quern'
1747 1083 1952 1162 maxima&

242 1234 262 1309 5
283 1212 319 1268 tu
342 1225 351 1264 ε
380 1196 474 1262 Deus
489 1214 580 1264 meus
596 1192 692 1283 eripe
706 1213 759 1262 me
787 1192 830 1260 de
846 1213 943 1262 manu
962 1207 1086 1263 contra
1137 1184 1293 1278 preciosa
1312 1187 1413 1258 vobis
1428 1186 1587 1282 promissa
1599 1184 1745 1255 donavit
1779 1213 1790 1255 a
1818 1201 1858 1254 ut
1886 1201 1951 1274 per

218 1298 226 1312 “
281 1288 394 1392 legem
410 1289 829 1386 agentis&iniquiaquia
847 1307 931 1362 tues
949 1287 1087 1383 patien·
1137 1283 1406 1356 hecefficiamini
1435 1285 1553 1358 divine
1580 1281 1760 1359 consortes
1792 1287 1996 1360 naturersr

284 1392 332 1464 tia
345 1413 419 1462 mea
436 1396 504 1458 .Ῥ.
518 1385 695 1462 Domine.
1137 1381 1319 1478 fugientes
1331 1388 1405 1468 eius
1418 1407 1484 1477 que
1515 1385 1549 1453 in
1576 1380 1703 1456 mundo
1722 1381 1770 1453 est
1782 1373 1952 1470 concupis

1107 1477 1121 1548 .’
1136 1479 1266 1551 scentie
1293 1483 1577 1577 corruptionem·
1605 1481 1673 1550 Sed
1687 1480 1721 1549 δι
1735 1502 1803 1553 vos
1832 1472 1950 1551 solici-

330 1589 393 1655 Hic
407 1585 497 1653 dicat
511 1581 630 1655 Presb·
635 1599 752 1678 preces
757 1581 933 1678 sequemet
941 1581 1032 1652 modo
1046 1592 1086 1648 ut
1135 1578 1290 1648 tudinem
1304 1603 1442 1652 ornnem
1455 1578 1704 1652 subinferentes
1720 1621 1731 1645 .
1749 1575 1948 1647 Ministrate

214 1725 256 1776 10
273 1685 379 1779 supra
390 1680 554 1774 scriptum
582 1677 624 1763 ess
652 1684 686 1750 r'n
711 1689 739 1749 Ι.
754 1678 1087 1784 Dominicoquadra·
1136 1673 1170 1747 in
1186 1676 1255 1747 fide
1272 1677 1382 1750 vestra
1397 1708 1407 1748 s
1423 1679 1587 1754 virtutem
1605 1723 1616 1746 .
1633 1675 1673 1746 ln
1689 1673 1822 1748 virtute
1838 1695 1947 1746 vetor

272 1775 599 1878 gesmefolxclffl.
1137 1771 1313 1845 scientiam
1327 1821 1339 1844 .
1355 1776 1394 1846 ln
1411 1775 1551 1850 scientia
1578 1793 1691 1849 autem
1716 1800 1726 1841 a
1755 1769 1944 1846 coutinen·
1965 1776 1996 1866 65

389 1875 607 1950 ldeDomine
622 1871 849 1947 humilitatem
858 1895 966 1946 meam
983 1896 992 1940 r
1009 1870 1088 1969 quia
1136 1870 1244 1943 tiam.
1270 1872 1541 1948 incontinentia
1563 1892 1698 1947 autema
1713 1865 1918 1967 patientiam
1935 1913 1947 1936 .

396 1976 529 2047 etesius
546 1975 592 2046 eli
607 1973 772 2046 inimicus.
786 1983 829 2044 t’.
845 1971 1009 2044 Miserere
1026 1994 1086 2065 pa·
1135 1966 1354 2062 inpatientia
1372 1995 1460 2047 vero
1485 1998 1496 2042 ε
1531 1972 1700 2067 pietatem
1718 2016 1730 2039 .
1757 1964 1949 2061 inpietate

279 2087 336 2145 ter
350 2070 675 2157 iuste=&omnibus
693 2068 937 2167 indulgentiam
966 2070 1085 2142 dona.
1136 2085 1249 2143 autem
1278 2096 1287 2137 r
1313 2094 1463 2147 amorem
1478 2068 1733 2144 fraternitatis.
1758 2065 1799 2136 ln
1826 2085 1948 2139 amore

211 2209 253 2280 15
278 2168 327 2260 yl-
343 2174 376 2244 A
393 2186 493 2264 patre
505 2168 615 2242 missus
634 2171 716 2239 veni
731 2168 889 2264 perditos
905 2166 1081 2258 requirere
1135 2186 1225 2237 vero
1244 2166 1467 2241 fraternitatis
1483 2167 1711 2241 :charitatem
1729 2211 1741 2234 ·
1762 2165 1842 2238 Hec
1856 2164 1947 2236 enim

278 2269 314 2340 &
343 2267 436 2339 holle
466 2267 663 2359 captivatos
680 2264 845 2364 sanguine
864 2267 1084 2339 redimeres:
1136 2283 1213 2333 eum
1229 2265 1333 2338 vobis
1352 2268 1464 2361 presto
1476 2264 1781 2357 lint&superent=
1800 2283 1871 2333 non
1886 2284 1946 2334 va·
1964 2283 1996 2358 70

278 2361 376 2460 plebs
392 2363 464 2436 dira
478 2363 602 2449 abjecit
616 2386 682 2436 me.
695 2376 739 2434 P.
754 2363 931 2436 Miserere·
948 2359 1085 2455 ulfre-
1136 2384 1220 2433 euos
1235 2384 1298 2434 nec
1312 2365 1382 2436 sine
1399 2365 1510 2438 fruslu
1528 2363 1811 2436 vosconstituent
1825 2359 1862 2430 in
1874 2359 1949 2431 Do-

277 2463 418 2537 dislusa
434 2462 750 2556 prophetisanatus
766 2461 836 2533 sum
862 2484 906 2531 ex
919 2460 1084 2557 virgine:
1136 2456 1220 2528 mini
1247 2461 1351 2534 nostri
1377 2461 1454 2536 lesu
1482 2461 1608 2535 Christi
1634 2458 1847 2558 agnitione.
1876 2457 1945 2532 Cui

279 2558 441 2654 adsumpsi
458 2559 602 2633 formam
619 2557 888 2653 servidispersos
902 2556 1084 2653 colligere:
1134 2558 1225 2632 enim
1239 2581 1308 2630 non
1327 2563 1441 2655 presto
1454 2559 1530 2633 sunt
1544 2560 1609 2629 hec
1623 2580 1632 2623 a
1648 2581 1750 2630 cecus
1763 2559 1813 2630 est
1824 2559 1861 2629 δι
1875 2581 1946 2633 ma·

206 2696 254 2748 20
279 2675 445 2730 venantes
461 2675 630 2752 ceperunt
644 2679 709 2727 me.
727 2656 949 2728 P.Miserere.
963 2651 1080 2749 rhMi-
1137 2675 1185 2725 nu
1215 2671 1352 2730 tentans
1382 2685 1391 2727 ε
1422 2656 1636 2732 oblivionem
1664 2657 1834 2751 accipiens
1865 2681 1946 2751 pur·

276 2753 505 2850 hiprobonis
532 2750 618 2827 mala
644 2755 778 2826 reddita
809 2753 885 2825 sunt
911 2747 1081 2844 plurima:
1137 2749 1290 2844 gationis
1318 2774 1476 2830 veterum
1508 2754 1646 2828 suorum
1680 2751 1995 2860 deliborunu·75

275 2854 524 2930 adversumme
541 2846 1084 2947 dederuntiniquaconssliaven·
1135 2850 1364 2947 Quapropter
1395 2857 1519 2926 fratres
1548 2850 1613 2924 mei
1640 2853 1747 2950 magis
1776 2853 1946 2952 satagitea

274 2954 386 3026 ditum
400 2947 568 3044 pecunia.
584 2949 834 3024 mmiserere.
858 2949 905 3041 sl·
924 2948 1083 3043 Spineam
1136 2963 1174 3018 ut
1206 2972 1268 3040 per
1281 2949 1373 3025 bona
1385 2975 1493 3045 opera
1520 2952 1946 3028 certamvessramuoca·

273 3072 434 3126 coronam
450 3045 638 3141 posuerunt
652 3048 756 3143 capiti
774 3049 906 3140 :sputis
931 3045 1087 3120 sordida·
1137 3042 1272 3118 tionem
1284 3051 1319 3120 δι
1335 3045 1541 3122 eleblionem
1559 3047 1720 3122 faciatis.
1744 3050 1823 3120 Hec
1852 3049 1944 3123 enim

205 3187 225 3238 2
231 3188 251 3260 5
273 3169 338 3224 to:
354 3145 539 3219 inluserunt
555 3146 652 3244 impii
683 3145 846 3219 affliblum
872 3140 1089 3219 crudeliter.
1140 3142 1308 3217 facientes
1324 3172 1333 3213 r
1348 3170 1415 3220 non
1440 3146 1628 3241 peccabitis
1656 3144 1866 3243 aliquando.
1890 3148 1944 3222 Sic

274 3246 534 3320 P.Miserere.
563 3245 610 3338 ir.
626 3244 716 3320 Cum
744 3242 859 3321 noxiis
889 3240 1087 3317 latronibus
1140 3239 1231 3313 enim
1258 3240 1472 3317 abundanter
1501 3242 1742 3318 ministrabitur
1767 3243 1870 3317 vobis
1893 3243 1943 3316 in·
1959 3248 1995 3323 so

272 3343 465 3439 suspensum
483 3339 787 3435 patibulosamaro
801 3341 882 3415 cibo
901 3341 1039 3436 pallum:
1054 3342 1091 3411 δι
1141 3338 1272 3410 troitus
1302 3340 1336 3412 in
1364 3360 1521 3415 eternum
1536 3366 1681 3438 regnum
1705 3339 1775 3417 Dei
1788 3340 1943 3437 nostri&

272 3443 397 3519 acerbo
413 3436 539 3534 poculo
557 3439 722 3515 traditum
737 3438 1000 3536 supplicium.
1017 3438 1091 3512 Mi·
1139 3433 1587 3521 SalvatorislesuChrilli.
1679 3506 1682 3512 ,
1777 3436 1787 3444 ’

271 3544 414 3615 serere.
430 3535 476 3630 s·
489 3539 588 3625 onos
602 3538 684 3611 veni
711 3535 880 3612 liberates
896 3536 932 3609 hi
945 3536 1080 3609 accusa·
1188 3547 1237 3628 qa
1251 3538 1386 3611 Amen.

205 3675 253 3746 30
273 3657 396 3712 verunt
413 3659 465 3709 me
483 3633 650 3732 :flagellis
667 3640 887 3736 uerberatum
914 3634 1008 3707 cruci
1026 3634 1079 3708 af·

271 3740 420 3812 fixerunt
435 3755 508 3808 me:
522 3730 637 3808 lancea
651 3730 1078 3828 percunerunrmemmi-
1179 3732 1408 3824 sentosarum
1422 3731 1604 3833 Evangelii
1608 3737 1794 3827 strumum
1807 3732 1939 3830 §olior-
1962 3737 1996 3829 85

217 3861 222 3864 ·
270 3836 385 3907 serere
400 3880 411 3903 .
424 3826 471 3927 pl
485 3832 557 3924 Qu
571 3831 678 3929 impio
693 3831 826 3909 latroni
837 3828 987 3904 dimifisti
1003 3829 1076 3902 sce·
1127 3848 1201 3898 nem
1216 3879 1228 3901 .
1802 3842 1940 3909 camir.

270 3933 342 4007 lera
360 3962 369 4002 ε
384 3952 421 4001 tu
437 3926 534 4001 solve
550 3929 687 4006 vincula
701 3932 811 4006 nostra
825 3933 860 4004 δι
875 3927 992 4003 relaxa
1009 3928 1077 4001 cri·
1193 3926 1257 4004 Llo
1273 3927 1481 4029 intempore
1511 3960 1522 4002 a
1553 3933 1736 4023 proximus
1761 3952 1840 4009 erat
1869 3932 1943 4007 dies

271 4027 382 4104 mina}
398 4027 487 4101 salva
501 4052 565 4101 nos
581 4053 679 4103 cruce
693 4052 698 4059 ·
710 4051 796 4105 tua.
823 4040 870 4100 P.
885 4024 1053 4101 Miserere
1067 4074 1079 4096 .
1202 4027 1302 4100 festus
1312 4033 1498 4109 ,iudeorum
1530 4034 1772 4130 scenophegia
1787 4080 1800 4101 ·
1828 4031 1946 4104 Dixe-

205 4159 249 4234 35
271 4127 318 4225 rb.
333 4122 494 4201 Traditus
507 4126 576 4199 sum
592 4124 774 4222 sepulchro
791 4156 801 4196 a
817 4124 977 4220 confregi
994 4149 1079 4220 pot·
1130 4142 1211 4196 runt
1225 4144 1340 4200 autem
1352 4130 1514 4208 adlesum
1539 4132 1663 4204 fratres
1692 4138 1789 4218 ejus.
1818 4131 1942 4204 Transi

272 4246 327 4301 tas
344 4224 445 4297 inseri
474 4250 483 4291 s
512 4225 598 4304 eieci
630 4222 872 4299 vinculatos&
888 4223 1011 4294 reduxi
1037 4223 1081 4295 ad
1130 4223 1210 4297 hinc
1225 4228 1262 4296 δι
1277 4227 1364 4298 vade
1379 4231 1412 4300 in
1424 4234 1564 4306 sudeam
1579 4257 1589 4296 =
1607 4250 1644 4302 ut
1661 4233 1695 4302 δι
1712 4227 1870 4325 discipuli
1892 4231 1942 4302 tui
1966 4252 1996 4320 9·

273 4326 417 4420 superos
432 4369 442 4389 .
456 4319 642 4392 Ostendiin
657 4321 818 4396 vistima.
834 4332 879 4392 P.
893 4317 1080 4393 Miserere.
1132 4319 1274 4397 videant
1290 4346 1396 4411 opera
1413 4347 1471 4403 tua
1484 4352 1549 4422 que
1566 4329 1674 4405 facis·
1707 4331 1827 4402 Nemo
1852 4329 1947 4404 enin

275 4421 326 4518 p.
340 4420 490 4492 Dimitte
506 4416 570 4491 illis
585 4418 689 4492 noxia
705 4437 805 4513 pater
823 4415 1083 4494 clementissime
1133 4418 1167 4492 in
1183 4417 1323 4493 occulto
1338 4428 1419 4515 quid
1437 4427 1517 4498 facit
1533 4455 1543 4495 ε
1560 4431 1595 4499 &
1613 4430 1726 4522 querit
1740 4427 1815 4521 ipse
1833 4426 1868 4497 in
1886 4452 1947 4521 pa·

275 4519 397 4594 cunda
413 4546 422 4588 ι
439 4513 515 4589 dele
530 4534 694 4612 peccatur
712 4518 747 4588 ἃ
761 4514 876 4592 relaxa
903 4514 1082 4590 criminas
1134 4514 1202 4591 lam
1219 4519 1310 4590 else.
1338 4525 1372 4595 Si
1388 4525 1451 4596 hec
1466 4526 1572 4598 facis:
1589 4529 1761 4601 manifesla
1784 4547 1822 4598 te
1837 4526 1945 4619 ipsunt

203 4645 255 4724 40
276 4615 511 4720 ignorantium
541 4616 623 4708 quid
650 4612 803 4688 faciant.
831 4625 875 4686 P.
890 4613 1058 4688 Miserere
1072 4663 1083 4686 .
1134 4621 1265 4691 mundo
1279 4664 1290 4687 .
1304 4619 1426 4715 Neque
1442 4626 1533 4694 enim
1548 4628 1678 4699 fratres
1703 4624 1894 4698 credebant
1912 4625 1944 4695 in

325 4718 442 4792 oratio
455 4762 465 4785 .
480 4713 610 4787 Exaudi
621 4715 817 4790 orationem
829 4711 978 4787 nostram
1004 4713 1081 4790 Do-
1133 4738 1239 4785 eum.
1255 4714 1356 4793 Dixit
1374 4743 1458 4817 ergo
1474 4723 1523 4793 eis
1534 4722 1627 4799 lesus
1641 4771 1653 4794 .
1668 4725 1820 4821 Tempus
1835 4747 1945 4798 meum
1964 4737 1996 4813 91

276 4817 392 4899 mine.
1133 4815 1285 4886 nondum
1301 4817 1443 4892 advenit
1468 4846 1477 4889 t
1500 4841 1637 4914 tempus
1667 4843 1781 4899 autem
1799 4824 1945 4898 vestrum

323 4925 436 5021 Qere
448 4926 540 4982 retro
548 4912 583 4983 in
598 4920 627 4982 1.
643 4916 813 4989 Dominiro
826 4909 1081 5020 Qadragrssme
1132 4909 1265 5009 semper
1282 4914 1372 4987 adest
1385 4939 1564 5011 paratum.
1593 4919 1678 4993 Non
1710 4923 1826 5017 potest
1841 4946 1940 4998 mun·

272 5013 472 5102 folliculi.
818 5018 821 5024 '
1131 5008 1195 5079 dus
1210 5010 1316 5084 odisse
1328 5028 1419 5086 v'os.
1445 5017 1504 5089 Me
1518 5038 1636 5093 sutem
1661 5023 1741 5095 odit
1768 5021 1848 5117 quia
1872 5044 1945 5118 ego

208 5133 255 5209 45
328 5103 563 5181 otcatnresb.
576 5104 758 5182 Silentium
776 5108 901 5183 facite.
1132 5108 1361 5186 testimonium
1373 5115 1543 5207 perhibeo
1559 5122 1602 5190 de
1619 5114 1682 5191 illo
1708 5148 1718 5189 s
1741 5120 1822 5212 quia
1836 5143 1944 5216 opera

1130 5231 1238 5299 opera
1263 5211 1337 5290 eius
1364 5208 1449 5285 mala
1475 5215 1584 5287 sunt.
1612 5219 1687 5290 Vos
1715 5217 1888 5292 ascendite
1902 5217 1943 5288 ad
1969 5230 1996 5283 10

328 5307 539 5404 Principium
553 5299 692 5399 Epistola
705 5304 807 5373 Petri
820 5303 973 5399 Apostoli
988 5354 999 5376 .
1130 5305 1222 5375 diem
1236 5303 1352 5378 festum
1368 5311 1481 5382 hunc.
1512 5314 1585 5412 Ego
1602 5339 1673 5388 non
1703 5317 1884 5394 ascendam
1901 5315 1942 5390 ad

279 5418 329 5498 132.
346 5403 425 5476 Deo
440 5401 568 5502 gratias
584 5448 595 5469 .
924 5407 1082 5497 11.εαρ.Ῑ.
1099 5463 1101 5466 .
1130 5399 1221 5474 diem
1237 5404 1354 5479 festum
1365 5407 1457 5480 istum
1471 5439 1481 5480 ε
1496 5416 1574 5507 quia
1584 5439 1696 5488 meum
1709 5436 1845 5514 tempus
1859 5441 1945 5491 non·

351 5506 460 5576 Ymon
476 5506 597 5578 Petrus
612 5494 729 5570 servus
744 5500 779 5571 dc
795 5499 986 5591 Apostolus
1005 5500 1083 5575 lesu
1132 5500 1212 5574 dum
1225 5500 1402 5596 impletum
1415 5507 1485 5578 est.
1513 5514 1678 5586 Heccum
1691 5515 1855 5590 dixisset:
1874 5513 1943 5610 ipse

214 5626 260 5698 50
361 5599 577 5674 Christishis
602 5596 659 5689 qui
680 5596 878 5690 coequalem
907 5599 1082 5673 nobiscum
1132 5599 1249 5674 manfit
1264 5601 1297 5671 in
1313 5600 1472 5676 Galilea.
1505 5613 1551 5682 Ut
1580 5630 1694 5684 aurem
1719 5613 1943 5688 ascenderunt

281 5700 398 5793 adepti
412 5698 488 5772 funt
504 5697 606 5771 fidem
631 5692 663 5765 iu
689 5697 816 5779 justicia
842 5696 909 5768 Dei
922 5696 1027 5769 nostri
1046 5700 1082 5771 &
1135 5701 1258 5772 fratres
1271 5704 1369 5786 ejus:
1387 5720 1468 5779 tunc
1481 5709 1516 5778 &
1530 5707 1601 5804 ipse
1627 5711 1776 5784 ascendit
1793 5717 1836 5787 ad
1854 5713 1942 5788 diem
1967 5719 1995 5772 ιο

281 5795 472 5869 Salvatoris
483 5796 558 5872 lesu
574 5793 700 5867 Chrisli
737 5822 745 5863 =
770 5795 889 5868 Gratia
917 5795 1020 5870 vobis
1045 5797 1080 5870 bt
1132 5797 1251 5870 sellum
1266 5824 1276 5867 a
1290 5824 1359 5875 non
1374 5804 1548 5878 manifeste
1565 5834 1574 5876 s
1590 5807 1647 5880 sed
1664 5812 1754 5906 quasi
1777 5813 1812 5885 in
1828 5808 1943 5887 occul.

282 5919 349 5989 pax
363 5891 587 5988 adimpleatur
613 5893 647 5964 in
675 5895 939 5990 regeneratione
962 5892 1029 5967 Dei
1042 5894 1079 5966 δι
1132 5916 1174 5968 to
1188 5900 1307 5975 ·Judei
1322 5919 1442 5974 auteur
1456 5907 1645 5996 querebant
1672 5933 1750 5983 eum
1770 5908 1803 5982 in
1821 5913 1877 5982 die
1896 5908 1945 5980 fe.

281 5990 491 6074 ChrissiJesu
507 5990 649 6069 Domini
661 5992 786 6093 nostri·¹
812 5993 908 6071 Sicut
923 5996 1077 6097 omnis-‚q
1127 5995 1202 6074 llos
1218 5998 1254 6072 δι
1265 5997 1409 6078 diceban
1425 6017 1440 6074 t
1458 6049 1469 6076 .
1485 6005 1550 6082 Ubi
1565 6007 1614 6084 eil
1627 6003 1685 6082 ille
1701 6054 1714 6081 .
1736 6006 1781 6085 Et
1795 6027 1946 6085 murmur

1702 6131 1944 6204 ,rma-
