4450 7209
426 680 474 753 ilav
840 674 1665 757 Domtutcnsut’rttttn

423 778 682 860 miserationum
696 779 877 857 ineffabilis
893 781 1047 854 Domine
1066 800 1102 855 te
1120 782 1225 855 bene·
1273 803 1336 851 nec
1355 777 1535 853 vetustatis
1550 773 1732 872 putredine
1750 801 1761 844 e
1787 776 1823 849 dt
1841 769 1987 850 vilitatis
2003 776 2075 853 sot·
2101 793 2134 866 55

371 890 377 897 '
425 879 624 954 dicererte
643 880 863 979 glorificate:
891 879 1085 953 &vocibus
1101 880 1223 975 quibus
1272 880 1315 950 de
1333 898 1474 974 poterat
1488 879 1693 969 quandoque
1707 872 1891 947 fatiscere=
1918 876 1976 949 sed
1994 902 2076 951 vere

426 977 597 1069 possumus
616 977 756 1074 perenni
772 978 965 1052 devotione
981 973 1139 1051 laudare.
1156 977 1226 1058 Qui
1278 999 1315 1052 te
1331 979 1440 1071 ipsum
1454 979 1558 1048 dans:
1583 978 1793 1049 &eternum
1814 991 1918 1065 atque
1935 974 2076 1049 immor·

426 1072 608 1149 Ecclesiam
624 1095 715 1149 tuam
732 1073 876 1149 sanctam
884 1074 1105 1151 Catholicam
1125 1094 1227 1151 tanto
1279 1073 1381 1149 talem
1409 1079 1451 1149 ad
1468 1093 1620 1151 mortem
1634 1069 1812 1147 humilians
1840 1073 1970 1145 emisisti
1988 1071 2079 1153 illam

369 1186 392 1258 ’ς
426 1167 492 1243 tibi
515 1172 761 1268 redemptionis
789 1178 862 1259 eius
876 1174 1113 1268 mysteriorum
1135 1170 1229 1245 cele·
1277 1172 1329 1248 ita
1357 1175 1515 1247 erudiens
1542 1195 1620 1245 cant
1648 1168 1826 1245 aditione
1851 1172 2005 1244 mottisc
2039 1190 2076 1247 ut

361 1331 368 1347 ,
426 1265 555 1342 britate
567 1271 731 1353 iunxisti:
759 1267 1047 1363 quantouitlam
1062 1271 1124 1345 tibi
1140 1294 1228 1345 con·
1278 1272 1516 1347 conformares
1543 1296 1619 1345 eam
1635 1265 1904 1345 immortalitatis
1922 1289 1982 1342 tue
1998 1268 2076 1367 glo-
2101 1258 2138 1332 ⁶0
2173 1283 2174 1326 1

423 1370 637 1460 jungendam
665 1368 864 1446 eternitatis
891 1365 1034 1443 consilio
1056 1369 1201 1441 diffinisti
1214 1418 1229 1442 .
1278 1371 1363 1443 riam
1381 1371 1417 1441 δι
1432 1370 1682 1444 beatitudinem
1700 1365 1965 1461 sempiternam.
1979 1372 2077 1445 Unde

425 1464 504 1553 Qe
527 1465 806 1563 quoniamnescit
820 1462 928 1539 aliene
945 1466 1089 1565 perfidie
1104 1486 1228 1541 conta·
1277 1468 1313 1539 dc
1344 1468 1408 1541 hec
1437 1465 1555 1543 talium
1582 1466 1832 1562 beneficiorum
1850 1465 2077 1541 indesinenter

426 1564 487 1659 gio
500 1564 650 1643 sauciati:
661 1567 787 1644 merito
802 1564 863 1641 tibi
877 1566 1047 1641 inherens:
1058 1587 1161 1660 teque
1174 1567 1228 1638 di·
1276 1589 1412 1639 memor
1424 1567 1571 1639 existens
1587 1597 1598 1637 e
1614 1588 1691 1639 cum
1707 1564 1778 1638 tide
1793 1564 1829 1635 ἃ
1846 1564 2076 1659 gratulatione

347 1682 394 1739 10
426 1658 539 1765 ligens
566 1686 669 1763 atque
684 1664 847 1760 sequensa
872 1665 907 1739 in
924 1664 990 1737 suis
1009 1664 1164 1760 pressuris
1187 1685 1225 1737 te
1273 1664 1401 1737 sincera
1416 1683 1476 1736 tue
1491 1664 1713 1739 institutionis
1740 1664 1776 1732 dc
1791 1659 1848 1729 sue
1867 1663 2076 1760 redemptio·

361 1808 365 1818 ·
426 1766 595 1843 invocat:
622 1785 725 1861 teque
750 1782 856 1859 rogat
884 1763 1042 1848 inhujus
1069 1762 1226 1837 sacrificii
1275 1763 1330 1835 nis
1345 1767 1451 1835 verba
1471 1777 1722 1839 commemorat
1736 1755 1894 1833 christus
1909 1760 2074 1841 Dominus
2100 1748 2137 1841 65
2173 1803 2174 1856 ss

424 1860 602 1962 singularis
616 1862 851 1939 sacramento:
873 1860 1061 1957 pensandi
1077 1859 1227 1957 Spiritus
1276 1883 1316 1933 ac
1329 1862 1535 1959 redemptor
1546 1882 1712 1935 eternus.

426 1982 602 2055 acceptum
616 1962 763 2061 pignus:
784 1983 900 2035 veram
916 1960 1072 2035 fiduciam
1088 1978 1226 2033 renense

398 2148 402 2156 ,
428 2081 466 2135 ut
484 2056 524 2132 ab
543 2060 592 2133 eis
607 2057 808 2135 sinceritatis
824 2060 909 2131 statu
925 2082 1063 2133 omnem
1085 2077 1225 2131 contra·
1481 2054 1561 2142 Post
1572 2059 1704 2155 pridie.
1729 2060 1869 2133 oratio.

350 2174 395 2249 15
428 2155 620 2233 dictionem
632 2157 813 2248 omnesque
826 2156 1100 2234 contradicentes
1121 2179 1226 2229 aver·

358 2306 365 2327 .
431 2278 509 2332 tas.
532 2253 649 2331 Tollas
669 2256 857 2351 questiones
882 2254 1061 2329 heresum:
1086 2255 1225 2350 dissipes
1380 2254 1559 2329 Efetentes
1568 2254 1730 2330 altaribus
1741 2256 1811 2329 tuis
1820 2258 1976 2333 Domine
1985 2254 2078 2333 obla·
2101 2286 2139 2357 70

432 2354 708 2452 impugnaciones
740 2353 1006 2453 temptationum
1027 2404 1038 2426 .
1076 2354 1228 2440 Abjician
1399 2354 1531 2427 tionum
1545 2375 1714 2429 votauota
1729 2354 1879 2430 metitar
1893 2382 2075 2453 precamur·

338 2514 345 2541 ,
428 2454 621 2529 erectiones
637 2448 890 2529 insultantium:
914 2454 1063 2526 obstruas
1085 2478 1148 2526 ora
1165 2456 1226 2527 aul-
1277 2451 1461 2526 multatum
1492 2452 1805 2526 misericordiarum
1838 2474 1968 2530 tuarum
1999 2454 2075 2551 glo·
2173 2491 2174 2562 p

427 2549 546 2627 versus
563 2556 744 2627 veritatem
759 2556 832 2635 eius
847 2549 926 2625 salsa
940 2549 1175 2646 loquentiumr
1188 2554 1226 2626 dt
1276 2550 1360 2623 riam
1373 2570 1461 2625 tuam
1479 2574 1490 2633 t
1515 2553 1551 2623 δι
1568 2548 1624 2626 illa
1640 2574 1707 2646 qne
1722 2549 1757 2621 se
1774 2554 1933 2626 omnibus
1945 2554 2074 2626 offerte
2173 2579 2174 2614 t

346 2666 398 2727 ,20
430 2650 639 2727 comminuas
652 2649 791 2748 prorsus
803 2672 902 2723 omne
917 2652 1012 2743 quod
1033 2646 1068 2720 in
1083 2668 1224 2724 contra·
1274 2648 1372 2722 stlit
1392 2650 1449 2742 qui
1474 2672 1549 2721 eam
1566 2668 1739 2723 mereatur
1761 2651 1922 2746 accipere
1938 2650 2074 2747 pietatis
2173 2643 2174 2712 ἶ

428 2744 617 2825 didiouisa
643 2746 701 2823 vel
726 2745 1001 2823 conturbationis
1024 2752 1099 2835 eius
1120 2748 1227 2822 acie,
1276 2764 1337 2817 tue
1355 2745 1724 2840 omnipotentiffimam
1737 2747 1953 2825 bonitatem.
1977 2754 2025 2821 Ut
2036 2751 2073 2823 lit
2100 2777 2139 2856 75
2173 2779 2174 2828 3

427 2864 488 2921 aut
518 2848 727 2923 venenosum
745 2844 878 2943 serpit:
900 2863 960 2921 aut
975 2840 1093 2921 falsum
1117 2845 1229 2919 insut·
1275 2842 1479 2917 rationabile
1493 2844 1693 2939 obsequium
1708 2847 1872 2921 vestrume
1885 2854 1922 2923 &
1939 2850 2001 2921 siat
2013 2848 2074 2918 hec
2173 2861 2174 2930 t

426 2944 503 3041 gite
528 2967 588 3022 aut
614 2950 773 3022 heretum
801 2944 950 3017 substate
975 2962 1033 3016 aut
1058 2960 1224 3019 exortum
1274 2938 1412 3016 oblatio
1437 2942 1718 3019 inremissionem
1735 2967 1990 3036 peccatorum:
2015 2970 2075 3040 per
2173 2959 2174 2986 ¹

426 3042 565 3119 turbate
587 3067 645 3123 aut
659 3040 838 3141 quodlibet
854 3046 945 3117 reste
961 3039 1042 3113 fidei
1056 3044 1092 3115 dl
1110 3038 1225 3115 sande
1273 3038 1404 3116 viscera
1417 3039 1649 3115 misericordie
1663 3040 1842 3117 charitatis
1854 3046 2000 3120 divine:
2026 3046 2072 3117 sa·

344 3160 392 3239 25
428 3146 645 3239 operationis
669 3139 872 3241 dignitatem
899 3142 1107 3239 impugnat.
1137 3141 1223 3214 Non
1271 3137 1404 3232 ciasque
1417 3140 1504 3213 banc
1518 3139 1659 3213 hostiam
1670 3140 1786 3213 vivam
1802 3139 1998 3237 placentem
2010 3142 2069 3216 tibi

424 3238 545 3339 lingua
573 3244 692 3319 verbis
714 3238 828 3313 elatae
858 3262 931 3315 non
956 3260 1072 3313 manus
1098 3231 1223 3333 gladiis
1270 3235 2069 3325 sanuamaebenedictam.ueferaturinfacti-
2097 3246 2135 3326 80

425 3338 555 3435 plenae
584 3366 653 3417 non
673 3336 865 3433 temptatio
891 3337 1012 3412 crebra
1045 3330 1102 3411 vel
1131 3333 1223 3411 vali·
1270 3333 1355 3409 ficio
1366 3334 1499 3418 iusticie
1514 3362 1526 3408 e
1542 3358 1675 3429 exquo
1688 3335 1721 3405 in
1735 3336 1877 3411 excelse
1894 3338 2073 3430 suavitatis

387 3464 390 3467 ·
423 3438 494 3513 da.
523 3438 609 3513 Non
637 3439 789 3534 potestas
806 3434 958 3529 quelibet
970 3443 1223 3531 quocumque)
1270 3433 1365 3505 odor
1379 3432 1562 3507 ascendatz
1586 3435 1623 3505 dt
1641 3430 1871 3511 holocaustum
1896 3435 1980 3534 igne
1996 3434 2072 3509 fidei

424 3535 495 3609 ieta
520 3538 851 3631 nocendipavenda
872 3531 1052 3631 insurgate
1080 3530 1136 3604 vel
1157 3558 1226 3608 no·
1274 3533 1399 3603 ardens
1426 3554 1491 3625 per
1518 3532 1668 3607 membra
1691 3531 1814 3628 populi
1827 3534 2075 3611 diuidendum

345 3654 394 3731 30
426 3652 529 3707 ccata
549 3657 607 3711 aur
623 3632 778 3728 improbe
791 3630 1026 3705 convalescat.
1050 3630 1118 3705 Sed
1135 3628 1226 3706 elisis
1273 3631 1368 3722 quod
1390 3628 1544 3703 omnium
1556 3630 1752 3702 sanctorum
1769 3632 1870 3707 uobis
1885 3636 2072 3729 patrocinia

429 3754 470 3809 ac
481 3732 659 3809 destruetis
671 3728 929 3805 aduersantibus
943 3726 1098 3803 canunt
1124 3746 1227 3803 tauto
1275 3730 1427 3819 acquirat
1443 3750 1455 3795 c
1474 3729 1720 3825 &percorum
1737 3729 1940 3806 fottiffimas
1954 3754 2074 3830 precer
2102 3732 2141 3829 ⁸5.

427 3828 493 3903 tibi
513 3830 550 3904 iu
565 3831 629 3907 bac
644 3829 718 3905 vita
742 3825 926 3923 tranquilla
939 3826 1067 3903 serviat
1083 3826 1227 3903 liberta·
1275 3826 1490 3902 firmamenta
1508 3822 1629 3903 auxilii
1649 3820 1781 3901 celestis
1800 3830 1990 3907 obtineat.
2023 3845 2070 3925 Bt·

320 3954 324 3999 t
425 3944 485 4001 tec
511 3952 645 4027 quanto
672 3927 738 4017 tibi
766 3927 929 4003 veritatis
953 3927 1124 4022 preconio
1148 3949 1227 4004 cum
1274 3928 1416 3999 Amen.

423 4028 651 4104 universitate
676 4024 801 4101 militie
824 4022 975 4099 celestise
999 4026 1090 4096 hunc
1113 4025 1225 4098 laudis

342 4140 391 4221 35
425 4124 593 4219 hymnum
605 4126 783 4200 concinite
802 4126 837 4197 δι
851 4121 1061 4221 proclamat:
1076 4121 1125 4195 ita
1138 4123 1229 4193 sde-
1419 4126 1487 4199 Λᾶ
1495 4125 1927 4207 οναιῖοηεηνῦοωῑηὶταηι.

423 4217 507 4317 litet
520 4226 656 4301 dicens.
671 4218 1053 4323 pusanctunsmdus.
1067 4216 1230 4319 Saucius.
1272 4220 1388 4404 SIT
1404 4225 1494 4323 iugis
1506 4228 1549 4298 ad
1562 4229 1676 4303 Deum
1687 4233 1812 4305 batres
1825 4232 2077 4310 cbariffimino·
2101 4245 2140 4320 90

442 4350 448 4371 ¹
1356 4323 1420 4393 lite
1436 4322 1637 4398 humilitatis
1650 4328 1828 4403 intentior
1853 4336 1891 4404 ἃ
1907 4357 1978 4425 pro
1991 4358 2077 4425 quo·

689 4414 771 4505 'Post
785 4416 952 4495 Saeuus.
1275 4418 1418 4491 tidianis
1444 4422 1600 4515 peccatis
1623 4425 1787 4500 indefessa
1814 4430 2007 4525 precatio.
2030 4434 2077 4505 Ut

1275 4519 1383 4591 corde
1400 4518 1553 4595 creduli:
1568 4522 1606 4591 &
1618 4522 1817 4601 deuotione
1828 4526 1953 4601 strenui
1965 4525 2078 4602 fideli·

336 4632 393 4719 40
426 4600 589 4805 VEre
614 4622 750 4703 sandius
769 4644 859 4701 vete
882 4616 1081 4719 gloriosuse
1101 4638 1229 4697 veru
1275 4632 1335 4689 ter
1344 4614 1712 4694 clamemuseterris.
1736 4626 1995 4701 Paternoller.
2173 4703 2174 4706 ,

365 4793 369 4803 ,
543 4720 650 4803 multe
668 4724 807 4821 pietatis
821 4721 997 4797 Dominus
1017 4717 1228 4815 Unigenitus
1324 4717 1428 4786 orcae
1441 4712 1562 4789 ansb.
1576 4718 1766 4794 Humiliate
1780 4746 1846 4797 vos
1865 4723 2076 4801 benedidio-
2097 4728 2141 4807 95
2173 4719 2174 4742 ¹

342 4820 347 4829 ’
416 4820 517 4902 lesus
532 4825 691 4897 Christus
717 4822 809 4898 lilius
835 4819 907 4892 Dei
929 4815 1029 4895 vivi·
1051 4814 1122 4907 Qi
1145 4838 1226 4889 cum
1274 4812 1312 4884 ni
1325 4860 1340 4881 .
1360 4812 1533 4889 Dominus
1543 4816 1587 4893 ut
1598 4816 1736 4913 semper
1752 4822 1959 4902 vobiscum.
1974 4824 2073 4920 &Et

422 4924 534 4996 Patre
561 4945 705 4996 mancus·
728 4919 932 4995 eternitatis
958 4937 1018 4995 tue
1039 4911 1230 5013 prospectu
1275 4930 1385 4989 cum.
1617 4987 1622 4997 ,
2173 4955 2174 5032 p

422 5016 612 5093 diffinieras
631 5041 733 5092 unam
754 5017 821 5090 tibi
838 5018 882 5089 dc
897 5014 1230 5137 gentibur4congre⁴
1365 5108 1368 5115 Ι
1445 5109 1458 5129 .
1574 5018 1795 5133 Benedissi00'
1874 5117 1888 5138 ⁶

337 5129 388 5211 ⁴⁵
422 5115 573 5287 tisias
590 5108 1229 5306 stlittttslttsilsttts
1270 5108 1534 5289 Lissi
1548 5120 2075 5295 trististristis?
2098 5222 2157 5279 100

420 5308 584 5406 corporis
606 5302 1226 5405 &sanguinistuireraexhibitione
1273 5308 1388 5382 mediat
1414 5305 1611 5409 largiatur.
1645 5316 1860 5400 atr-Amen·
1895 5318 2072 5415 Abstergat
2173 5387 2174 5400 ,

418 5408 595 5506 complesti
612 5435 627 5479 c
650 5406 695 5478 ad
708 5402 937 5477 inherendum
957 5398 1023 5471 tibi
1037 5402 1227 5476 emundant
1272 5405 1450 5501 propitius
1465 5406 1554 5483 mala
1566 5414 1681 5487 omnia
1705 5436 1774 5506 que
1786 5416 1947 5510 gessitis:
1975 5415 2073 5491 &tria

420 5506 517 5582 illam
538 5532 622 5601 aqua
650 5498 889 5599 baptismatis:
920 5491 1116 5571 exhilarans
1139 5496 1227 5575 oleo
1272 5502 1357 5577 buat
1372 5504 1512 5578 veniam
1531 5533 1637 5602 quam
1660 5510 1708 5583 ab
1722 5536 1770 5585 eo
1784 5512 2000 5612 deposcitis.
2024 5528 2073 5597 Bt.

212 5626 216 5635 ’
340 5622 389 5707 50
422 5606 617 5681 unctionicc
642 5601 773 5677 satiansv
800 5594 1097 5703 panecorporise·
1118 5598 1155 5669 dt
1170 5594 1227 5668 le·
1271 5602 1803 5699 Amemfijusqueconcedffloe
1821 5608 2069 5687 dementem&

420 5694 1008 5809 titicansvinoedulicmotis.lpse
1021 5696 1228 5791 redemptor
1270 5698 1520 5800 indulgentiam
1539 5704 1750 5788 criminum
1776 5712 1815 5781 dc
1835 5707 1972 5785 celestis
1993 5706 2069 5806 glo-
2097 5702 2154 5781 105

419 5805 524 5888 ejus:
548 5802 625 5895 ipse·
643 5824 710 5896 pro
721 5825 761 5876 ea
779 5798 890 5875 fadus
901 5817 1057 5893 prectum
1069 5796 1226 5892 emptio-
1271 5797 1327 5872 rie
1339 5800 1538 5875 mereamini
1564 5807 1745 5902 percipere
1760 5830 1935 5905 regnum.
1963 5822 2010 5903 ῃ
2022 5812 2068 5880 Α.

420 5898 494 5971 uis.
509 5900 594 5973 Non
609 5900 692 5973 dtus
705 5924 771 5998 pro
783 5926 825 5973 ea
835 5890 1223 5996 quamstbetpteciolitm
1272 5920 1371 5971 meu.
1395 5899 1468 5972 Per
1478 5898 1745 5981 misericordiam
1767 5906 1871 6003 ipsius
1882 5905 1955 5979 Dei
1965 5904 2066 5983 nosti
2173 5899 2174 5990 J

419 6016 519 6075 reme
545 6020 613 6094 que
629 6016 750 6081 tamen
762 5999 846 6075 eset
857 6025 872 6071 c
892 6018 960 6093 que
972 5995 1250 6075 emendacius„
1272 5996 1331 6096 qui
1343 5998 1604 6081 etheredum
1626 6004 1772 6089 &vivit
1794 6006 1964 6087 &omnia
1974 6006 2066 6106 regit
2173 5995 2174 6074 T
