<?xml version="1.0" encoding="UTF-8"?>
<!DOCTYPE html PUBLIC "-//W3C//DTD XHTML 1.0 Transitional//EN"
    "http://www.w3.org/TR/xhtml1/DTD/xhtml1-transitional.dtd">
<html xmlns="http://www.w3.org/1999/xhtml" xml:lang="en" lang="en">
 <head>
  <title>
</title>
<meta http-equiv="Content-Type" content="text/html;charset=utf-8" />
  <meta name='ocr-system' content='tesseract 3.04.00' />
  <meta name='ocr-capabilities' content='ocr_page ocr_carea ocr_par ocr_line ocrx_word'/>
</head>
<body>
  <div class='ocr_page' id='page_1' title='image "./missalemixtumse00leslgoog_0295.png"; bbox 0 0 4450 7209; ppageno 0'>
   <div class='ocr_carea' id='block_1_1' title="bbox 139 696 2023 6161">
    <p class='ocr_par' dir='ltr' id='par_1_1' title="bbox 200 696 2012 1193">
     <span class='ocr_line' id='line_1_1' title="bbox 200 696 2012 917; baseline -0.015 -22"><span class='ocrx_word' id='word_1_1' title='bbox 200 836 204 841; x_wconf 86' lang='lat'>&#39;</span> <span class='ocrx_word' id='word_1_2' title='bbox 284 747 364 895; x_wconf 58' lang='lat' dir='ltr'><em>llll¹</em></span> <span class='ocrx_word' id='word_1_3' title='bbox 377 822 410 891; x_wconf 93' lang='lat' dir='ltr'><em>in</em></span> <span class='ocrx_word' id='word_1_4' title='bbox 437 813 503 917; x_wconf 80' lang='lat' dir='ltr'><em>qu&#39;o</em></span> <span class='ocrx_word' id='word_1_5' title='bbox 529 816 626 890; x_wconf 81' lang='lat' dir='ltr'><em>uenit</em></span> <span class='ocrx_word' id='word_1_6' title='bbox 649 718 752 910; x_wconf 47' lang='lat' dir='ltr'><em>slpllr</em></span> <span class='ocrx_word' id='word_1_7' title='bbox 763 709 975 900; x_wconf 47' lang='lat' dir='ltr'><em>ErllmArlpuco)</em></span> <span class='ocrx_word' id='word_1_8' title='bbox 1000 703 1121 891; x_wconf 60' lang='lat' dir='ltr'><em>soslioN</em></span> <span class='ocrx_word' id='word_1_9' title='bbox 1136 696 1502 894; x_wconf 47' lang='lat' dir='ltr'><em>scarnipgmlisffiinq</em></span> <span class='ocrx_word' id='word_1_10' title='bbox 1515 697 1541 867; x_wconf 69' lang='grc' dir='ltr'><em>.Ε</em></span> <span class='ocrx_word' id='word_1_11' title='bbox 1556 743 1600 867; x_wconf 53' lang='lat' dir='ltr'><em>dt</em></span> <span class='ocrx_word' id='word_1_12' title='bbox 1612 794 1826 868; x_wconf 79' lang='lat' dir='ltr'><em>condicatur</em></span> <span class='ocrx_word' id='word_1_13' title='bbox 1838 837 1851 861; x_wconf 82' lang='lat'><strong>.</strong></span> <span class='ocrx_word' id='word_1_14' title='bbox 1864 792 1955 868; x_wconf 90' lang='lat' dir='ltr'><em>Cor·</em></span> <span class='ocrx_word' id='word_1_15' title='bbox 1979 820 2012 892; x_wconf 89' lang='lat'><em>55</em></span> 
     </span>
     <span class='ocr_line' id='line_1_2' title="bbox 282 822 1951 1009; baseline -0.013 -21"><span class='ocrx_word' id='word_1_16' title='bbox 282 919 456 1009; x_wconf 79' lang='lat' dir='ltr'><em>descendat</em></span> <span class='ocrx_word' id='word_1_17' title='bbox 482 923 541 986; x_wconf 85' lang='lat' dir='ltr'><em>ad·</em></span> <span class='ocrx_word' id='word_1_18' title='bbox 544 911 689 1008; x_wconf 81' lang='lat' dir='ltr'><em>gradum</em></span> <span class='ocrx_word' id='word_1_19' title='bbox 719 906 841 976; x_wconf 85' lang='lat' dir='ltr'><em>altaris</em></span> <span class='ocrx_word' id='word_1_20' title='bbox 868 933 878 975; x_wconf 73' lang='lat' dir='ltr'><em>a</em></span> <span class='ocrx_word' id='word_1_21' title='bbox 904 911 949 978; x_wconf 87' lang='grc' dir='ltr'><em>Θ</em></span> <span class='ocrx_word' id='word_1_22' title='bbox 970 822 1086 988; x_wconf 62' lang='lat' dir='ltr'><em>iiifa·</em></span> <span class='ocrx_word' id='word_1_23' title='bbox 1136 924 1198 996; x_wconf 82' lang='lat' dir='ltr'><em>pus</em></span> <span class='ocrx_word' id='word_1_24' title='bbox 1217 897 1354 969; x_wconf 88' lang='lat' dir='ltr'>Domini</span> <span class='ocrx_word' id='word_1_25' title='bbox 1383 892 1573 977; x_wconf 78' lang='lat' dir='ltr'><em>nostrilesu</em></span> <span class='ocrx_word' id='word_1_26' title='bbox 1588 891 1743 969; x_wconf 82' lang='lat' dir='ltr'><em>Christi.</em></span> <span class='ocrx_word' id='word_1_27' title='bbox 1774 889 1951 989; x_wconf 63' lang='lat' dir='ltr'><em>NccPla-</em></span> 
     </span>
     <span class='ocr_line' id='line_1_3' title="bbox 280 991 1948 1108; baseline -0.017 -19"><span class='ocrx_word' id='word_1_28' title='bbox 280 1026 350 1088; x_wconf 84' lang='lat' dir='ltr'><em>ciac</em></span> <span class='ocrx_word' id='word_1_29' title='bbox 378 1010 624 1099; x_wconf 81' lang='lat' dir='ltr'><em>confasionem.</em></span> <span class='ocrx_word' id='word_1_30' title='bbox 650 1013 727 1108; x_wconf 71' lang='lat' dir='ltr'><em>Qu</em></span> <span class='ocrx_word' id='word_1_31' title='bbox 741 1001 837 1087; x_wconf 68' lang='lat' dir='ltr'><em>sabia</em></span> <span class='ocrx_word' id='word_1_32' title='bbox 859 1001 1013 1091; x_wconf 79' lang='lat' dir='ltr'><em>ascendat</em></span> <span class='ocrx_word' id='word_1_33' title='bbox 1042 999 1087 1069; x_wconf 85' lang='lat' dir='ltr'><em>ad</em></span> <span class='ocrx_word' id='word_1_34' title='bbox 1135 1013 1213 1071; x_wconf 83' lang='lat' dir='ltr'><em>ccat</em></span> <span class='ocrx_word' id='word_1_35' title='bbox 1244 993 1308 1068; x_wconf 90' lang='lat' dir='ltr'><em>tibi</em></span> <span class='ocrx_word' id='word_1_36' title='bbox 1337 993 1448 1069; x_wconf 74' lang='lat' dir='ltr'><em>sancta</em></span> <span class='ocrx_word' id='word_1_37' title='bbox 1480 992 1665 1066; x_wconf 78' lang='lat' dir='ltr'><em>Trinitas.</em></span> <span class='ocrx_word' id='word_1_38' title='bbox 1698 1001 1743 1065; x_wconf 80' lang='lat' dir='ltr'><em>Et</em></span> <span class='ocrx_word' id='word_1_39' title='bbox 1763 991 1817 1064; x_wconf 83' lang='lat' dir='ltr'><em>bis</em></span> <span class='ocrx_word' id='word_1_40' title='bbox 1841 993 1948 1063; x_wconf 76' lang='lat' dir='ltr'><em>anat·</em></span> 
     </span>
     <span class='ocr_line' id='line_1_4' title="bbox 278 1086 1948 1193; baseline -0.008 -20"><span class='ocrx_word' id='word_1_41' title='bbox 278 1115 390 1184; x_wconf 67' lang='lat' dir='ltr'><em>altere</em></span> <span class='ocrx_word' id='word_1_42' title='bbox 415 1115 460 1181; x_wconf 71' lang='grc' dir='ltr'><em>Θ</em></span> <span class='ocrx_word' id='word_1_43' title='bbox 489 1105 585 1175; x_wconf 84' lang='lat' dir='ltr'><em>lauet</em></span> <span class='ocrx_word' id='word_1_44' title='bbox 615 1121 749 1170; x_wconf 84' lang='lat' dir='ltr'><em>manus.</em></span> <span class='ocrx_word' id='word_1_45' title='bbox 786 1099 912 1169; x_wconf 84' lang='lat' dir='ltr'><em>Deinde</em></span> <span class='ocrx_word' id='word_1_46' title='bbox 941 1096 1085 1193; x_wconf 87' lang='lat' dir='ltr'><em>accipiat</em></span> <span class='ocrx_word' id='word_1_47' title='bbox 1134 1093 1198 1167; x_wconf 83' lang='lat' dir='ltr'><em>bus</em></span> <span class='ocrx_word' id='word_1_48' title='bbox 1218 1094 1368 1186; x_wconf 82' lang='lat' dir='ltr'><em>peraliis</em></span> <span class='ocrx_word' id='word_1_49' title='bbox 1395 1094 1487 1165; x_wconf 85' lang='lat' dir='ltr'><em>dicat</em></span> <span class='ocrx_word' id='word_1_50' title='bbox 1523 1086 1710 1190; x_wconf 77' lang='lat' dir='ltr'><em>Presbyter</em></span> <span class='ocrx_word' id='word_1_51' title='bbox 1745 1086 1832 1164; x_wconf 78' lang='lat' dir='ltr'><em>basac</em></span> <span class='ocrx_word' id='word_1_52' title='bbox 1864 1097 1948 1161; x_wconf 86' lang='lat' dir='ltr'><em>Ora·</em></span> 
     </span>
    </p>

    <p class='ocr_par' dir='ltr' id='par_1_2' title="bbox 205 1191 2009 2153">
     <span class='ocr_line' id='line_1_5' title="bbox 233 1191 1284 1312; baseline -0.018 -33"><span class='ocrx_word' id='word_1_53' title='bbox 233 1245 252 1312; x_wconf 86' lang='lat'>5</span> <span class='ocrx_word' id='word_1_54' title='bbox 277 1228 392 1303; x_wconf 85' lang='lat' dir='ltr'><em>corpus</em></span> <span class='ocrx_word' id='word_1_55' title='bbox 422 1196 536 1280; x_wconf 73' lang='lat' dir='ltr'><em>(irrisi</em></span> <span class='ocrx_word' id='word_1_56' title='bbox 565 1211 761 1270; x_wconf 80' lang='lat' dir='ltr'><em>reverenter</em></span> <span class='ocrx_word' id='word_1_57' title='bbox 795 1191 966 1267; x_wconf 81' lang='lat' dir='ltr'><em>deradice</em></span> <span class='ocrx_word' id='word_1_58' title='bbox 997 1221 1006 1260; x_wconf 76' lang='lat' dir='ltr'><em>e</em></span> <span class='ocrx_word' id='word_1_59' title='bbox 1037 1198 1082 1267; x_wconf 94' lang='grc' dir='ltr'><em>Θ</em></span> <span class='ocrx_word' id='word_1_60' title='bbox 1134 1195 1284 1265; x_wconf 85' lang='lat' dir='ltr'><em>tionem.</em></span> 
     </span>
     <span class='ocr_line' id='line_1_6' title="bbox 272 1287 2009 1402; baseline -0.01 -27"><span class='ocrx_word' id='word_1_61' title='bbox 272 1321 375 1402; x_wconf 87' lang='lat' dir='ltr'><em>ponat</em></span> <span class='ocrx_word' id='word_1_62' title='bbox 395 1299 503 1390; x_wconf 90' lang='lat' dir='ltr'><em>super</em></span> <span class='ocrx_word' id='word_1_63' title='bbox 531 1319 626 1378; x_wconf 86' lang='lat' dir='ltr'><em>aram</em></span> <span class='ocrx_word' id='word_1_64' title='bbox 644 1293 828 1389; x_wconf 26' lang='lat' dir='ltr'><em>‘adpelem</em></span> <span class='ocrx_word' id='word_1_65' title='bbox 853 1289 969 1361; x_wconf 83' lang='lat' dir='ltr'><em>calicis</em></span> <span class='ocrx_word' id='word_1_66' title='bbox 1000 1320 1010 1361; x_wconf 79' lang='lat' dir='ltr'><em>t</em></span> <span class='ocrx_word' id='word_1_67' title='bbox 1038 1297 1084 1367; x_wconf 86' lang='grc' dir='ltr'><em>Θ</em></span> <span class='ocrx_word' id='word_1_68' title='bbox 1562 1311 1564 1316; x_wconf 90' lang='grc'><strong><em>·</em></strong></span> <span class='ocrx_word' id='word_1_69' title='bbox 1972 1287 2009 1358; x_wconf 77' lang='lat'><em>60</em></span> 
     </span>
     <span class='ocr_line' id='line_1_7' title="bbox 272 1383 1084 1498; baseline -0.014 -27"><span class='ocrx_word' id='word_1_70' title='bbox 272 1397 453 1498; x_wconf 82' lang='lat' dir='ltr'><em>provideat</em></span> <span class='ocrx_word' id='word_1_71' title='bbox 479 1395 519 1464; x_wconf 86' lang='lat' dir='ltr'><em>de</em></span> <span class='ocrx_word' id='word_1_72' title='bbox 545 1397 626 1464; x_wconf 80' lang='lat' dir='ltr'><em>vino</em></span> <span class='ocrx_word' id='word_1_73' title='bbox 654 1393 699 1463; x_wconf 77' lang='grc' dir='ltr'><em>Θ</em></span> <span class='ocrx_word' id='word_1_74' title='bbox 725 1410 813 1483; x_wconf 85' lang='lat' dir='ltr'><em>aqua</em></span> <span class='ocrx_word' id='word_1_75' title='bbox 837 1403 876 1457; x_wconf 85' lang='lat' dir='ltr'><em>ut</em></span> <span class='ocrx_word' id='word_1_76' title='bbox 906 1387 1007 1458; x_wconf 80' lang='lat' dir='ltr'><em>muris</em></span> <span class='ocrx_word' id='word_1_77' title='bbox 1038 1383 1084 1472; x_wconf 79' lang='lat' dir='ltr'><em>esl</em></span> 
     </span>
     <span class='ocr_line' id='line_1_8' title="bbox 274 1482 1947 1580; baseline -0.005 -13"><span class='ocrx_word' id='word_1_78' title='bbox 274 1486 504 1567; x_wconf 80' lang='lat' dir='ltr'><em>aliisdiebus.</em></span> <span class='ocrx_word' id='word_1_79' title='bbox 544 1495 663 1562; x_wconf 83' lang='lat' dir='ltr'><em>Tamen</em></span> <span class='ocrx_word' id='word_1_80' title='bbox 681 1489 800 1558; x_wconf 81' lang='lat' dir='ltr'><em>videat</em></span> <span class='ocrx_word' id='word_1_81' title='bbox 828 1490 874 1560; x_wconf 94' lang='grc' dir='ltr'><em>Θ</em></span> <span class='ocrx_word' id='word_1_82' title='bbox 902 1487 1083 1559; x_wconf 83' lang='lat' dir='ltr'><em>revideats</em></span> <span class='ocrx_word' id='word_1_83' title='bbox 1236 1488 1322 1563; x_wconf 87' lang='lat' dir='ltr'><em>Ruti</em></span> <span class='ocrx_word' id='word_1_84' title='bbox 1351 1514 1370 1565; x_wconf 85' lang='lat' dir='ltr'><em>a</em></span> <span class='ocrx_word' id='word_1_85' title='bbox 1396 1483 1488 1564; x_wconf 83' lang='lat' dir='ltr'><em>malo</em></span> <span class='ocrx_word' id='word_1_86' title='bbox 1517 1511 1529 1557; x_wconf 85' lang='lat' dir='ltr'><em>t</em></span> <span class='ocrx_word' id='word_1_87' title='bbox 1559 1482 1698 1561; x_wconf 80' lang='lat' dir='ltr'><em>stabiliti</em></span> <span class='ocrx_word' id='word_1_88' title='bbox 1735 1485 1872 1580; x_wconf 81' lang='lat' dir='ltr'><em>semper</em></span> <span class='ocrx_word' id='word_1_89' title='bbox 1911 1483 1947 1560; x_wconf 86' lang='lat' dir='ltr'><em>iu</em></span> 
     </span>
     <span class='ocr_line' id='line_1_9' title="bbox 268 1579 1946 1683; baseline -0.005 -17"><span class='ocrx_word' id='word_1_90' title='bbox 268 1589 301 1680; x_wconf 82' lang='lat' dir='ltr'><em>si</em></span> <span class='ocrx_word' id='word_1_91' title='bbox 315 1592 410 1680; x_wconf 85' lang='lat' dir='ltr'><em>sorte</em></span> <span class='ocrx_word' id='word_1_92' title='bbox 436 1585 552 1683; x_wconf 84' lang='lat' dir='ltr'><em>aliqua</em></span> <span class='ocrx_word' id='word_1_93' title='bbox 575 1604 658 1681; x_wconf 90' lang='lat' dir='ltr'><em>pars</em></span> <span class='ocrx_word' id='word_1_94' title='bbox 684 1579 784 1666; x_wconf 79' lang='lat' dir='ltr'><em>bosia</em></span> <span class='ocrx_word' id='word_1_95' title='bbox 810 1582 1080 1680; x_wconf 85' lang='lat' dir='ltr'><em>mantatplicata</em></span> <span class='ocrx_word' id='word_1_96' title='bbox 1236 1588 1331 1664; x_wconf 88' lang='lat' dir='ltr'><em>bono</em></span> <span class='ocrx_word' id='word_1_97' title='bbox 1346 1616 1355 1659; x_wconf 78' lang='lat' dir='ltr'><em>s</em></span> <span class='ocrx_word' id='word_1_98' title='bbox 1371 1585 1436 1659; x_wconf 90' lang='lat' dir='ltr'><em>tibi</em></span> <span class='ocrx_word' id='word_1_99' title='bbox 1464 1586 1632 1659; x_wconf 85' lang='lat' dir='ltr'><em>adherere</em></span> <span class='ocrx_word' id='word_1_100' title='bbox 1659 1581 1946 1661; x_wconf 85' lang='lat' dir='ltr'><em>mereamurDeo</em></span> 
     </span>
     <span class='ocr_line' id='line_1_10' title="bbox 205 1681 1944 1797; baseline -0.006 -35"><span class='ocrx_word' id='word_1_101' title='bbox 205 1730 251 1797; x_wconf 53' lang='grc' dir='ltr'><em>ιο</em></span> <span class='ocrx_word' id='word_1_102' title='bbox 268 1686 377 1774; x_wconf 84' lang='lat' dir='ltr'><em>filiole</em></span> <span class='ocrx_word' id='word_1_103' title='bbox 396 1683 619 1780; x_wconf 82' lang='lat' dir='ltr'><em>corporalium</em></span> <span class='ocrx_word' id='word_1_104' title='bbox 649 1706 662 1749; x_wconf 84' lang='lat' dir='ltr'><em>t</em></span> <span class='ocrx_word' id='word_1_105' title='bbox 687 1699 754 1772; x_wconf 82' lang='lat' dir='ltr'><em>que</em></span> <span class='ocrx_word' id='word_1_106' title='bbox 782 1695 859 1752; x_wconf 78' lang='lat' dir='ltr'><em>tras</em></span> <span class='ocrx_word' id='word_1_107' title='bbox 884 1684 919 1752; x_wconf 86' lang='lat' dir='ltr'><em>in</em></span> <span class='ocrx_word' id='word_1_108' title='bbox 949 1681 1084 1753; x_wconf 83' lang='lat' dir='ltr'><em>calice.</em></span> <span class='ocrx_word' id='word_1_109' title='bbox 1133 1690 1169 1757; x_wconf 71' lang='lat' dir='ltr'><em>lic</em></span> <span class='ocrx_word' id='word_1_110' title='bbox 1199 1688 1353 1762; x_wconf 89' lang='lat' dir='ltr'><em>Domino</em></span> <span class='ocrx_word' id='word_1_111' title='bbox 1389 1683 1508 1761; x_wconf 76' lang='lat' dir='ltr'><em>nostro</em></span> <span class='ocrx_word' id='word_1_112' title='bbox 1536 1682 1616 1759; x_wconf 84' lang='lat' dir='ltr'><em>Jesu</em></span> <span class='ocrx_word' id='word_1_113' title='bbox 1658 1684 1801 1758; x_wconf 85' lang='lat' dir='ltr'><em>Christo</em></span> <span class='ocrx_word' id='word_1_114' title='bbox 1837 1731 1850 1755; x_wconf 92' lang='lat'><strong>.</strong></span> <span class='ocrx_word' id='word_1_115' title='bbox 1888 1683 1944 1756; x_wconf 81' lang='lat' dir='ltr'><em>Da</em></span> 
     </span>
     <span class='ocr_line' id='line_1_11' title="bbox 276 1778 2005 1881; baseline -0.005 -22"><span class='ocrx_word' id='word_1_116' title='bbox 276 1788 385 1862; x_wconf 77' lang='lat' dir='ltr'><em>calice</em></span> <span class='ocrx_word' id='word_1_117' title='bbox 410 1781 569 1854; x_wconf 82' lang='lat' dir='ltr'><em>collocato</em></span> <span class='ocrx_word' id='word_1_118' title='bbox 583 1780 687 1875; x_wconf 81' lang='lat' dir='ltr'><em>super</em></span> <span class='ocrx_word' id='word_1_119' title='bbox 714 1800 809 1849; x_wconf 89' lang='lat' dir='ltr'><em>aram</em></span> <span class='ocrx_word' id='word_1_120' title='bbox 836 1800 909 1851; x_wconf 88' lang='lat' dir='ltr'><em>cum</em></span> <span class='ocrx_word' id='word_1_121' title='bbox 932 1779 1013 1850; x_wconf 80' lang='lat' dir='ltr'><em>vino</em></span> <span class='ocrx_word' id='word_1_122' title='bbox 1034 1786 1080 1856; x_wconf 91' lang='grc' dir='ltr'><em>Θ</em></span> <span class='ocrx_word' id='word_1_123' title='bbox 1133 1785 1272 1861; x_wconf 82' lang='lat' dir='ltr'><em>veniam</em></span> <span class='ocrx_word' id='word_1_124' title='bbox 1312 1785 1464 1881; x_wconf 84' lang='lat' dir='ltr'><em>peccatis</em></span> <span class='ocrx_word' id='word_1_125' title='bbox 1504 1782 1626 1870; x_wconf 83' lang='lat' dir='ltr'><em>nostris</em></span> <span class='ocrx_word' id='word_1_126' title='bbox 1662 1807 1674 1850; x_wconf 82' lang='lat' dir='ltr'><em>s</em></span> <span class='ocrx_word' id='word_1_127' title='bbox 1712 1784 1748 1857; x_wconf 72' lang='grc' dir='ltr'><strong>ἃ</strong></span> <span class='ocrx_word' id='word_1_128' title='bbox 1794 1780 1946 1873; x_wconf 77' lang='lat' dir='ltr'><em>requiem</em></span> <span class='ocrx_word' id='word_1_129' title='bbox 1968 1778 2005 1872; x_wconf 67' lang='grc' dir='ltr'><em>ὅς</em></span> 
     </span>
     <span class='ocr_line' id='line_1_12' title="bbox 274 1872 1945 2057; baseline -0.001 -107"><span class='ocrx_word' id='word_1_130' title='bbox 274 1907 369 2057; x_wconf 55' lang='lat' dir='ltr'><em>m</em></span> <span class='ocrx_word' id='word_1_131' title='bbox 380 1980 402 2055; x_wconf 64' lang='lat' dir='ltr'><em>b</em></span> <span class='ocrx_word' id='word_1_132' title='bbox 432 1880 701 2053; x_wconf 51' lang='lat' dir='ltr'><em>sogpertifctmztm</em></span> <span class='ocrx_word' id='word_1_133' title='bbox 725 1872 838 1963; x_wconf 73' lang='lat' dir='ltr'><em>filiola</em></span> <span class='ocrx_word' id='word_1_134' title='bbox 861 1899 873 1944; x_wconf 76' lang='lat' dir='ltr'><em>a</em></span> <span class='ocrx_word' id='word_1_135' title='bbox 898 1896 964 1973; x_wconf 84' lang='lat' dir='ltr'><em>quo</em></span> <span class='ocrx_word' id='word_1_136' title='bbox 982 1876 1081 1968; x_wconf 75' lang='lat' dir='ltr'><em>salic</em></span> <span class='ocrx_word' id='word_1_137' title='bbox 1132 1881 1267 2054; x_wconf 51' lang='lat' dir='ltr'><em>{emulis</em></span> <span class='ocrx_word' id='word_1_138' title='bbox 1291 1885 1362 2055; x_wconf 49' lang='lat' dir='ltr'><em>taretia</em></span> <span class='ocrx_word' id='word_1_139' title='bbox 1386 1874 1548 1956; x_wconf 83' lang='lat' dir='ltr'><em>omuibus</em></span> <span class='ocrx_word' id='word_1_140' title='bbox 1563 1876 1945 2051; x_wconf 50' lang='lat' dir='ltr'><em>fidellbsfigiffllil&#39;:</em></span> 
     </span>
     <span class='ocr_line' id='line_1_13' title="bbox 238 1996 1948 2055; baseline -0.003 -1"><span class='ocrx_word' id='word_1_141' title='bbox 238 1998 242 2003; x_wconf 87' lang='grc'><em>·</em></span> <span class='ocrx_word' id='word_1_142' title='bbox 300 2006 330 2054; x_wconf 86' lang='lat' dir='ltr'><em>tc</em></span> <span class='ocrx_word' id='word_1_143' title='bbox 403 1998 463 2050; x_wconf 84' lang='lat' dir='ltr'><em>ane</em></span> <span class='ocrx_word' id='word_1_144' title='bbox 500 2001 539 2051; x_wconf 87' lang='lat' dir='ltr'><em>ra</em></span> <span class='ocrx_word' id='word_1_145' title='bbox 556 1997 587 2049; x_wconf 87' lang='lat' dir='ltr'><em>co</em></span> <span class='ocrx_word' id='word_1_146' title='bbox 670 2015 685 2044; x_wconf 70' lang='grc' dir='ltr'><strong><em>ο</em></strong></span> <span class='ocrx_word' id='word_1_147' title='bbox 1164 2005 1222 2055; x_wconf 87' lang='lat' dir='ltr'><em>ran</em></span> <span class='ocrx_word' id='word_1_148' title='bbox 1252 2004 1272 2050; x_wconf 86' lang='lat' dir='ltr'><em>e</em></span> <span class='ocrx_word' id='word_1_149' title='bbox 1407 1996 1507 2051; x_wconf 86' lang='lat' dir='ltr'><em>rcute</em></span> <span class='ocrx_word' id='word_1_150' title='bbox 1531 1999 1653 2051; x_wconf 86' lang='lat' dir='ltr'><em>omnes</em></span> <span class='ocrx_word' id='word_1_151' title='bbox 1680 2001 1716 2049; x_wconf 84' lang='lat' dir='ltr'><em>m</em></span> <span class='ocrx_word' id='word_1_152' title='bbox 1769 1998 1948 2051; x_wconf 82' lang='lat' dir='ltr'><em>tarrmmt·</em></span> 
     </span>
     <span class='ocr_line' id='line_1_14' title="bbox 1133 2004 1945 2153; baseline -0.009 -1"><span class='ocrx_word' id='word_1_153' title='bbox 1133 2080 1184 2153; x_wconf 87' lang='lat' dir='ltr'><em>eis</em></span> <span class='ocrx_word' id='word_1_154' title='bbox 1213 2007 1336 2153; x_wconf 68' lang='lat' dir='ltr'><em>ngtsstrie</em></span> <span class='ocrx_word' id='word_1_155' title='bbox 1362 2004 1571 2150; x_wconf 31' lang='lat' dir='ltr'><em>&amp;Defende</em></span> <span class='ocrx_word' id='word_1_156' title='bbox 1615 2099 1679 2150; x_wconf 82' lang='lat' dir='ltr'><em>nos</em></span> <span class='ocrx_word' id='word_1_157' title='bbox 1709 2075 1753 2149; x_wconf 84' lang='lat' dir='ltr'><em>ab</em></span> <span class='ocrx_word' id='word_1_158' title='bbox 1782 2072 1945 2150; x_wconf 85' lang='lat' dir='ltr'><em>omnibus</em></span> 
     </span>
    </p>

    <p class='ocr_par' dir='ltr' id='par_1_3' title="bbox 207 2170 1988 2291">
     <span class='ocr_line' id='line_1_15' title="bbox 207 2170 1988 2291; baseline -0.009 -30"><span class='ocrx_word' id='word_1_159' title='bbox 207 2219 251 2291; x_wconf 81' lang='lat'><em>15</em></span> <span class='ocrx_word' id='word_1_160' title='bbox 1133 2177 1303 2274; x_wconf 85' lang='lat' dir='ltr'><em>operibus</em></span> <span class='ocrx_word' id='word_1_161' title='bbox 1327 2171 1425 2249; x_wconf 84' lang='lat' dir='ltr'><em>malie</em></span> <span class='ocrx_word' id='word_1_162' title='bbox 1452 2202 1462 2245; x_wconf 79' lang='lat' dir='ltr'><em>e</em></span> <span class='ocrx_word' id='word_1_163' title='bbox 1487 2178 1524 2247; x_wconf 79' lang='grc' dir='ltr'><em>δι</em></span> <span class='ocrx_word' id='word_1_164' title='bbox 1549 2176 1719 2250; x_wconf 87' lang='lat' dir='ltr'><em>confirma</em></span> <span class='ocrx_word' id='word_1_165' title='bbox 1748 2173 1782 2246; x_wconf 88' lang='lat' dir='ltr'><em>io</em></span> <span class='ocrx_word' id='word_1_166' title='bbox 1810 2170 1946 2245; x_wconf 72' lang='lat' dir='ltr'><em>cundia</em></span> <span class='ocrx_word' id='word_1_167' title='bbox 1980 2242 1988 2255; x_wconf 86' lang='grc'><strong>,</strong></span> 
     </span>
    </p>

    <p class='ocr_par' dir='ltr' id='par_1_4' title="bbox 383 2267 2007 2371">
     <span class='ocr_line' id='line_1_16' title="bbox 383 2267 2007 2371; baseline -0.004 -23"><span class='ocrx_word' id='word_1_168' title='bbox 383 2271 568 2371; x_wconf 82' lang='lat' dir='ltr'><em>Nigenitus</em></span> <span class='ocrx_word' id='word_1_169' title='bbox 595 2267 685 2345; x_wconf 83' lang='lat' dir='ltr'><em>filius</em></span> <span class='ocrx_word' id='word_1_170' title='bbox 713 2272 781 2348; x_wconf 87' lang='lat' dir='ltr'><em>Dei</em></span> <span class='ocrx_word' id='word_1_171' title='bbox 807 2267 1002 2345; x_wconf 80' lang='lat' dir='ltr'><em>Patrissde</em></span> <span class='ocrx_word' id='word_1_172' title='bbox 1014 2294 1087 2366; x_wconf 88' lang='lat' dir='ltr'><em>quo</em></span> <span class='ocrx_word' id='word_1_173' title='bbox 1135 2276 1236 2350; x_wconf 87' lang='lat' dir='ltr'><em>bonis</em></span> <span class='ocrx_word' id='word_1_174' title='bbox 1264 2322 1276 2348; x_wconf 88' lang='lat'><strong>.</strong></span> <span class='ocrx_word' id='word_1_175' title='bbox 1301 2275 1435 2368; x_wconf 82' lang='lat' dir='ltr'><em>Accipe</em></span> <span class='ocrx_word' id='word_1_176' title='bbox 1461 2270 1631 2357; x_wconf 79' lang='lat' dir='ltr'><em>jejunium</em></span> <span class='ocrx_word' id='word_1_177' title='bbox 1657 2268 1715 2347; x_wconf 82' lang='lat' dir='ltr'><em>vei</em></span> <span class='ocrx_word' id='word_1_178' title='bbox 1743 2286 1869 2345; x_wconf 84' lang='lat' dir='ltr'><em>votam</em></span> <span class='ocrx_word' id='word_1_179' title='bbox 1884 2290 1947 2341; x_wconf 86' lang='lat' dir='ltr'><em>no·</em></span> <span class='ocrx_word' id='word_1_180' title='bbox 1969 2289 2007 2368; x_wconf 74' lang='lat' dir='ltr'><em>po</em></span> 
     </span>
    </p>

    <p class='ocr_par' dir='ltr' id='par_1_5' title="bbox 276 2367 1948 2665">
     <span class='ocr_line' id='line_1_17' title="bbox 396 2367 1944 2467; baseline -0.004 -19"><span class='ocrx_word' id='word_1_181' title='bbox 396 2392 476 2448; x_wconf 84' lang='lat' dir='ltr'><em>ante</em></span> <span class='ocrx_word' id='word_1_182' title='bbox 500 2391 568 2444; x_wconf 87' lang='lat' dir='ltr'><em>tam</em></span> <span class='ocrx_word' id='word_1_183' title='bbox 593 2369 790 2447; x_wconf 86' lang='lat' dir='ltr'><em>innumeros</em></span> <span class='ocrx_word' id='word_1_184' title='bbox 803 2392 911 2446; x_wconf 82' lang='lat' dir='ltr'><em>annos</em></span> <span class='ocrx_word' id='word_1_185' title='bbox 931 2372 1083 2467; x_wconf 84' lang='lat' dir='ltr'><em>prophe·</em></span> <span class='ocrx_word' id='word_1_186' title='bbox 1131 2374 1235 2446; x_wconf 74' lang='lat' dir='ltr'><em>lirum</em></span> <span class='ocrx_word' id='word_1_187' title='bbox 1263 2400 1274 2442; x_wconf 80' lang='lat' dir='ltr'><em>e</em></span> <span class='ocrx_word' id='word_1_188' title='bbox 1299 2373 1336 2445; x_wconf 75' lang='lat' dir='ltr'><em>dr</em></span> <span class='ocrx_word' id='word_1_189' title='bbox 1379 2371 1506 2444; x_wconf 85' lang='lat' dir='ltr'><em>exaudi</em></span> <span class='ocrx_word' id='word_1_190' title='bbox 1551 2367 1751 2445; x_wconf 87' lang='lat' dir='ltr'><em>orationem</em></span> <span class='ocrx_word' id='word_1_191' title='bbox 1795 2370 1944 2444; x_wconf 75' lang='lat' dir='ltr'><em>nostram</em></span> 
     </span>
     <span class='ocr_line' id='line_1_18' title="bbox 276 2467 1948 2562; baseline -0.004 -18"><span class='ocrx_word' id='word_1_192' title='bbox 276 2491 316 2545; x_wconf 84' lang='lat' dir='ltr'><em>ta</em></span> <span class='ocrx_word' id='word_1_193' title='bbox 356 2467 511 2548; x_wconf 87' lang='lat' dir='ltr'><em>cantavit</em></span> <span class='ocrx_word' id='word_1_194' title='bbox 554 2469 645 2540; x_wconf 88' lang='lat' dir='ltr'><em>hunc</em></span> <span class='ocrx_word' id='word_1_195' title='bbox 681 2469 817 2544; x_wconf 85' lang='lat' dir='ltr'><em>versum</em></span> <span class='ocrx_word' id='word_1_196' title='bbox 845 2499 855 2539; x_wconf 78' lang='lat' dir='ltr'><em>a</em></span> <span class='ocrx_word' id='word_1_197' title='bbox 885 2470 923 2540; x_wconf 87' lang='lat' dir='ltr'><em>ln</em></span> <span class='ocrx_word' id='word_1_198' title='bbox 965 2468 1084 2542; x_wconf 86' lang='lat' dir='ltr'><em>medio</em></span> <span class='ocrx_word' id='word_1_199' title='bbox 1132 2472 1168 2544; x_wconf 89' lang='lat' dir='ltr'><em>in</em></span> <span class='ocrx_word' id='word_1_200' title='bbox 1194 2472 1247 2543; x_wconf 86' lang='lat' dir='ltr'><em>hie</em></span> <span class='ocrx_word' id='word_1_201' title='bbox 1273 2471 1396 2544; x_wconf 82' lang='lat' dir='ltr'><em>diebus</em></span> <span class='ocrx_word' id='word_1_202' title='bbox 1424 2470 1461 2540; x_wconf 76' lang='grc' dir='ltr'><em>δι</em></span> <span class='ocrx_word' id='word_1_203' title='bbox 1500 2467 1533 2541; x_wconf 86' lang='lat' dir='ltr'><em>in</em></span> <span class='ocrx_word' id='word_1_204' title='bbox 1573 2467 1661 2542; x_wconf 84' lang='lat' dir='ltr'><em>totis</em></span> <span class='ocrx_word' id='word_1_205' title='bbox 1689 2468 1948 2562; x_wconf 84' lang='lat' dir='ltr'><em>temporibus.</em></span> 
     </span>
     <span class='ocr_line' id='line_1_19' title="bbox 280 2564 1944 2665; baseline -0.003 -24"><span class='ocrx_word' id='word_1_206' title='bbox 280 2570 429 2644; x_wconf 89' lang='lat' dir='ltr'><em>duorum</em></span> <span class='ocrx_word' id='word_1_207' title='bbox 454 2564 645 2642; x_wconf 85' lang='lat' dir='ltr'><em>animalium</em></span> <span class='ocrx_word' id='word_1_208' title='bbox 671 2566 891 2665; x_wconf 84' lang='lat' dir='ltr'><em>cognosceris</em></span> <span class='ocrx_word' id='word_1_209' title='bbox 907 2612 923 2636; x_wconf 64' lang='grc' dir='ltr'><strong>ι</strong></span> <span class='ocrx_word' id='word_1_210' title='bbox 944 2566 1083 2665; x_wconf 86' lang='lat' dir='ltr'><em>Cogni·</em></span> <span class='ocrx_word' id='word_1_211' title='bbox 1132 2570 1264 2647; x_wconf 85' lang='lat' dir='ltr'><em>Tribue</em></span> <span class='ocrx_word' id='word_1_212' title='bbox 1299 2570 1398 2643; x_wconf 85' lang='lat' dir='ltr'><em>nobit</em></span> <span class='ocrx_word' id='word_1_213' title='bbox 1444 2589 1564 2663; x_wconf 82' lang='lat' dir='ltr'><em>pacem</em></span> <span class='ocrx_word' id='word_1_214' title='bbox 1608 2570 1645 2641; x_wconf 79' lang='grc' dir='ltr'><em>δι</em></span> <span class='ocrx_word' id='word_1_215' title='bbox 1685 2565 1944 2639; x_wconf 77' lang='lat' dir='ltr'><em>securitatem:</em></span> 
     </span>
    </p>

    <p class='ocr_par' dir='ltr' id='par_1_6' title="bbox 205 2662 2023 3155">
     <span class='ocr_line' id='line_1_20' title="bbox 205 2662 1942 2764; baseline -0.004 -22"><span class='ocrx_word' id='word_1_216' title='bbox 205 2705 255 2762; x_wconf 85' lang='lat'><em>20</em></span> <span class='ocrx_word' id='word_1_217' title='bbox 283 2685 341 2742; x_wconf 82' lang='lat' dir='ltr'><em>tus</em></span> <span class='ocrx_word' id='word_1_218' title='bbox 368 2665 467 2764; x_wconf 86' lang='lat' dir='ltr'><em>piane</em></span> <span class='ocrx_word' id='word_1_219' title='bbox 497 2665 631 2742; x_wconf 76' lang='lat' dir='ltr'><em>estnon</em></span> <span class='ocrx_word' id='word_1_220' title='bbox 662 2662 772 2740; x_wconf 85' lang='lat' dir='ltr'><em>solum</em></span> <span class='ocrx_word' id='word_1_221' title='bbox 802 2664 895 2739; x_wconf 86' lang='lat' dir='ltr'><em>inter</em></span> <span class='ocrx_word' id='word_1_222' title='bbox 920 2664 1011 2737; x_wconf 84' lang='lat' dir='ltr'><em>duos</em></span> <span class='ocrx_word' id='word_1_223' title='bbox 1033 2662 1082 2738; x_wconf 83' lang='lat' dir='ltr'><em>ia·</em></span> <span class='ocrx_word' id='word_1_224' title='bbox 1131 2667 1299 2764; x_wconf 87' lang='lat' dir='ltr'><em>pietatem</em></span> <span class='ocrx_word' id='word_1_225' title='bbox 1327 2695 1336 2737; x_wconf 80' lang='lat' dir='ltr'><em>e</em></span> <span class='ocrx_word' id='word_1_226' title='bbox 1362 2669 1398 2740; x_wconf 81' lang='lat' dir='ltr'><em>u</em></span> <span class='ocrx_word' id='word_1_227' title='bbox 1426 2667 1591 2738; x_wconf 84' lang='lat' dir='ltr'><em>finccram</em></span> <span class='ocrx_word' id='word_1_228' title='bbox 1626 2663 1834 2740; x_wconf 76' lang='lat' dir='ltr'><em>charitatem</em></span> <span class='ocrx_word' id='word_1_229' title='bbox 1865 2688 1875 2733; x_wconf 79' lang='lat' dir='ltr'><em>e</em></span> <span class='ocrx_word' id='word_1_230' title='bbox 1903 2682 1942 2736; x_wconf 82' lang='lat' dir='ltr'><em>ac</em></span> 
     </span>
     <span class='ocr_line' id='line_1_21' title="bbox 279 2752 2023 2930; baseline -0.003 -91"><span class='ocrx_word' id='word_1_231' title='bbox 279 2785 401 2841; x_wconf 83' lang='lat' dir='ltr'><em>teones</em></span> <span class='ocrx_word' id='word_1_232' title='bbox 428 2765 581 2860; x_wconf 80' lang='lat' dir='ltr'><em>pendens</em></span> <span class='ocrx_word' id='word_1_233' title='bbox 610 2762 647 2836; x_wconf 90' lang='lat' dir='ltr'><em>in</em></span> <span class='ocrx_word' id='word_1_234' title='bbox 673 2757 772 2861; x_wconf 78' lang='lat' dir='ltr'><em>ligno</em></span> <span class='ocrx_word' id='word_1_235' title='bbox 800 2791 811 2835; x_wconf 83' lang='lat' dir='ltr'><em>a</em></span> <span class='ocrx_word' id='word_1_236' title='bbox 841 2760 899 2837; x_wconf 88' lang='lat' dir='ltr'><em>vel</em></span> <span class='ocrx_word' id='word_1_237' title='bbox 930 2766 1082 2839; x_wconf 86' lang='lat' dir='ltr'><em>duorum</em></span> <span class='ocrx_word' id='word_1_238' title='bbox 1130 2766 1280 2863; x_wconf 83' lang='lat' dir='ltr'><em>gratiam</em></span> <span class='ocrx_word' id='word_1_239' title='bbox 1296 2787 1359 2861; x_wconf 90' lang='lat' dir='ltr'><em>ptt</em></span> <span class='ocrx_word' id='word_1_240' title='bbox 1384 2763 1652 2840; x_wconf 84' lang='lat' dir='ltr'><em>misecicordiam</em></span> <span class='ocrx_word' id='word_1_241' title='bbox 1669 2781 1787 2837; x_wconf 77' lang='lat' dir='ltr'><em>tuams</em></span> <span class='ocrx_word' id='word_1_242' title='bbox 1806 2752 2023 2930; x_wconf 44' lang='lat' dir='ltr'><em>stigma-‘sp</em></span> 
     </span>
     <span class='ocr_line' id='line_1_22' title="bbox 280 2858 1942 2961; baseline -0.003 -25"><span class='ocrx_word' id='word_1_243' title='bbox 280 2865 560 2940; x_wconf 85' lang='lat' dir='ltr'><em>testamentorum</em></span> <span class='ocrx_word' id='word_1_244' title='bbox 583 2860 618 2933; x_wconf 91' lang='lat' dir='ltr'><em>in</em></span> <span class='ocrx_word' id='word_1_245' title='bbox 648 2860 766 2937; x_wconf 86' lang='lat' dir='ltr'><em>medio</em></span> <span class='ocrx_word' id='word_1_246' title='bbox 794 2891 805 2935; x_wconf 82' lang='lat' dir='ltr'><em>a</em></span> <span class='ocrx_word' id='word_1_247' title='bbox 832 2861 1082 2938; x_wconf 81' lang='lat' dir='ltr'><em>verumetiam</em></span> <span class='ocrx_word' id='word_1_248' title='bbox 1134 2864 1345 2961; x_wconf 83' lang='lat' dir='ltr'><em>tepassionis</em></span> <span class='ocrx_word' id='word_1_249' title='bbox 1373 2882 1435 2937; x_wconf 87' lang='lat' dir='ltr'><em>tue</em></span> <span class='ocrx_word' id='word_1_250' title='bbox 1461 2865 1556 2936; x_wconf 85' lang='lat' dir='ltr'><em>Deus</em></span> <span class='ocrx_word' id='word_1_251' title='bbox 1583 2862 1700 2937; x_wconf 85' lang='lat' dir='ltr'><em>noster</em></span> <span class='ocrx_word' id='word_1_252' title='bbox 1727 2858 1820 2934; x_wconf 79' lang='lat' dir='ltr'><em>filius</em></span> <span class='ocrx_word' id='word_1_253' title='bbox 1883 2859 1942 2933; x_wconf 83' lang='lat' dir='ltr'><em>eis</em></span> 
     </span>
     <span class='ocr_line' id='line_1_23' title="bbox 278 2958 1940 3061; baseline -0.003 -25"><span class='ocrx_word' id='word_1_254' title='bbox 278 2964 364 3061; x_wconf 78' lang='lat' dir='ltr'><em>tuga</em></span> <span class='ocrx_word' id='word_1_255' title='bbox 392 2958 472 3037; x_wconf 85' lang='lat' dir='ltr'><em>solis</em></span> <span class='ocrx_word' id='word_1_256' title='bbox 501 2989 513 3029; x_wconf 79' lang='lat' dir='ltr'><em>e</em></span> <span class='ocrx_word' id='word_1_257' title='bbox 538 2958 663 3033; x_wconf 74' lang='lat' dir='ltr'><em>occasu</em></span> <span class='ocrx_word' id='word_1_258' title='bbox 690 2959 761 3032; x_wconf 89' lang='lat' dir='ltr'><em>diti</em></span> <span class='ocrx_word' id='word_1_259' title='bbox 804 2987 817 3030; x_wconf 78' lang='lat' dir='ltr'><em>a</em></span> <span class='ocrx_word' id='word_1_260' title='bbox 861 2961 1083 3037; x_wconf 83' lang='lat' dir='ltr'><em>concnmone</em></span> <span class='ocrx_word' id='word_1_261' title='bbox 1133 2964 1193 3056; x_wconf 89' lang='lat' dir='ltr'><em>qui</em></span> <span class='ocrx_word' id='word_1_262' title='bbox 1221 2962 1314 3036; x_wconf 81' lang='lat' dir='ltr'><em>vivis</em></span> <span class='ocrx_word' id='word_1_263' title='bbox 1341 2983 1421 3034; x_wconf 89' lang='lat' dir='ltr'><em>cum</em></span> <span class='ocrx_word' id='word_1_264' title='bbox 1434 2961 1515 3038; x_wconf 87' lang='lat' dir='ltr'><em>Deo</em></span> <span class='ocrx_word' id='word_1_265' title='bbox 1530 2964 1634 3036; x_wconf 86' lang='lat' dir='ltr'><em>Patre</em></span> <span class='ocrx_word' id='word_1_266' title='bbox 1660 2961 1696 3032; x_wconf 78' lang='grc' dir='ltr'><em>δι</em></span> <span class='ocrx_word' id='word_1_267' title='bbox 1721 2982 1847 3056; x_wconf 84' lang='lat' dir='ltr'><em>tegnas</em></span> <span class='ocrx_word' id='word_1_268' title='bbox 1861 2974 1940 3033; x_wconf 88' lang='lat' dir='ltr'><em>cum</em></span> 
     </span>
     <span class='ocr_line' id='line_1_24' title="bbox 280 3056 1940 3155; baseline -0.004 -22"><span class='ocrx_word' id='word_1_269' title='bbox 280 3077 453 3135; x_wconf 80' lang='lat' dir='ltr'><em>terrarum</em></span> <span class='ocrx_word' id='word_1_270' title='bbox 487 3060 580 3131; x_wconf 86' lang='lat' dir='ltr'><em>.Tu</em></span> <span class='ocrx_word' id='word_1_271' title='bbox 622 3056 757 3133; x_wconf 81' lang='lat' dir='ltr'><em>Christe</em></span> <span class='ocrx_word' id='word_1_272' title='bbox 797 3058 994 3134; x_wconf 83' lang='lat' dir='ltr'><em>descendisti</em></span> <span class='ocrx_word' id='word_1_273' title='bbox 1038 3058 1083 3131; x_wconf 84' lang='lat' dir='ltr'><em>sd</em></span> <span class='ocrx_word' id='word_1_274' title='bbox 1132 3059 1265 3155; x_wconf 84' lang='lat' dir='ltr'><em>Spiritu</em></span> <span class='ocrx_word' id='word_1_275' title='bbox 1293 3058 1419 3134; x_wconf 68' lang='lat' dir='ltr'><em>Sancto</em></span> <span class='ocrx_word' id='word_1_276' title='bbox 1450 3059 1486 3133; x_wconf 88' lang='lat' dir='ltr'><em>in</em></span> <span class='ocrx_word' id='word_1_277' title='bbox 1525 3056 1698 3131; x_wconf 80' lang='lat' dir='ltr'><em>Trinitatt</em></span> <span class='ocrx_word' id='word_1_278' title='bbox 1728 3080 1816 3129; x_wconf 87' lang='lat' dir='ltr'><em>unus</em></span> <span class='ocrx_word' id='word_1_279' title='bbox 1846 3058 1940 3129; x_wconf 86' lang='lat' dir='ltr'><em>Deus</em></span> 
     </span>
    </p>

    <p class='ocr_par' dir='ltr' id='par_1_7' title="bbox 203 3151 1988 3273">
     <span class='ocr_line' id='line_1_25' title="bbox 203 3151 1988 3273; baseline -0.003 -42"><span class='ocrx_word' id='word_1_280' title='bbox 203 3197 251 3273; x_wconf 78' lang='lat'><em>²5</em></span> <span class='ocrx_word' id='word_1_281' title='bbox 280 3158 443 3233; x_wconf 80' lang='lat' dir='ltr'><em>inferos:</em></span> <span class='ocrx_word' id='word_1_282' title='bbox 473 3160 513 3230; x_wconf 90' lang='lat'>&amp;</span> <span class='ocrx_word' id='word_1_283' title='bbox 537 3155 671 3229; x_wconf 71' lang='lat' dir='ltr'><em>saeuos</em></span> <span class='ocrx_word' id='word_1_284' title='bbox 701 3151 855 3252; x_wconf 85' lang='lat' dir='ltr'><em>sepulcra</em></span> <span class='ocrx_word' id='word_1_285' title='bbox 886 3154 1081 3232; x_wconf 79' lang='lat' dir='ltr'><em>laxarunt·</em></span> <span class='ocrx_word' id='word_1_286' title='bbox 1179 3181 1335 3234; x_wconf 77' lang='lat' dir='ltr'><em>manens</em></span> <span class='ocrx_word' id='word_1_287' title='bbox 1349 3159 1382 3231; x_wconf 87' lang='lat' dir='ltr'><em>in</em></span> <span class='ocrx_word' id='word_1_288' title='bbox 1397 3156 1507 3234; x_wconf 84' lang='lat' dir='ltr'><em>secula</em></span> <span class='ocrx_word' id='word_1_289' title='bbox 1520 3154 1942 3259; x_wconf 56' lang='lat' dir='ltr'><em>seculorum-mmm</em></span> <span class='ocrx_word' id='word_1_290' title='bbox 1981 3208 1988 3250; x_wconf 89' lang='lat'><em>·.</em></span> 
     </span>
    </p>

    <p class='ocr_par' dir='ltr' id='par_1_8' title="bbox 188 3244 2003 3456">
     <span class='ocr_line' id='line_1_26' title="bbox 188 3244 2003 3352; baseline -0.008 -18"><span class='ocrx_word' id='word_1_291' title='bbox 188 3296 192 3321; x_wconf 67' lang='grc' dir='ltr'>ε</span> <span class='ocrx_word' id='word_1_292' title='bbox 280 3257 453 3334; x_wconf 87' lang='lat' dir='ltr'><em>Pietatem</em></span> <span class='ocrx_word' id='word_1_293' title='bbox 484 3277 574 3349; x_wconf 85' lang='lat' dir='ltr'><em>ergo</em></span> <span class='ocrx_word' id='word_1_294' title='bbox 597 3253 776 3349; x_wconf 77' lang='lat' dir='ltr'><em>quesumus</em></span> <span class='ocrx_word' id='word_1_295' title='bbox 801 3273 894 3330; x_wconf 86' lang='lat' dir='ltr'><em>tuam</em></span> <span class='ocrx_word' id='word_1_296' title='bbox 921 3283 932 3323; x_wconf 86' lang='lat'><em>=</em></span> <span class='ocrx_word' id='word_1_297' title='bbox 960 3273 1000 3328; x_wconf 91' lang='lat' dir='ltr'><em>ut</em></span> <span class='ocrx_word' id='word_1_298' title='bbox 1029 3253 1083 3326; x_wconf 89' lang='lat' dir='ltr'><em>in·</em></span> <span class='ocrx_word' id='word_1_299' title='bbox 1173 3257 1306 3332; x_wconf 84' lang='lat' dir='ltr'><em>ominus</em></span> <span class='ocrx_word' id='word_1_300' title='bbox 1331 3259 1376 3333; x_wconf 83' lang='lat' dir='ltr'><em>fit</em></span> <span class='ocrx_word' id='word_1_301' title='bbox 1412 3258 1547 3352; x_wconf 87' lang='lat' dir='ltr'><em>semper</em></span> <span class='ocrx_word' id='word_1_302' title='bbox 1575 3252 1750 3326; x_wconf 87' lang='lat' dir='ltr'><em>vobiscum</em></span> <span class='ocrx_word' id='word_1_303' title='bbox 1780 3303 1792 3325; x_wconf 89' lang='lat'><strong>.</strong></span> <span class='ocrx_word' id='word_1_304' title='bbox 1822 3266 1871 3348; x_wconf 62' lang='lat' dir='ltr'><em>Bc.</em></span> <span class='ocrx_word' id='word_1_305' title='bbox 1899 3252 1942 3327; x_wconf 80' lang='lat' dir='ltr'><em>Et</em></span> <span class='ocrx_word' id='word_1_306' title='bbox 1965 3244 2003 3320; x_wconf 82' lang='lat' dir='ltr'><em>do</em></span> 
     </span>
     <span class='ocr_line' id='line_1_27' title="bbox 283 3351 1941 3456; baseline -0.001 -28"><span class='ocrx_word' id='word_1_307' title='bbox 283 3352 448 3454; x_wconf 86' lang='lat' dir='ltr'><em>telligete</em></span> <span class='ocrx_word' id='word_1_308' title='bbox 474 3352 640 3447; x_wconf 83' lang='lat' dir='ltr'><em>poffimus</em></span> <span class='ocrx_word' id='word_1_309' title='bbox 662 3373 826 3446; x_wconf 88' lang='lat' dir='ltr'><em>quantum</em></span> <span class='ocrx_word' id='word_1_310' title='bbox 850 3355 949 3427; x_wconf 86' lang='lat' dir='ltr'><em>nobis</em></span> <span class='ocrx_word' id='word_1_311' title='bbox 975 3351 1088 3427; x_wconf 85' lang='lat' dir='ltr'><em>resur·</em></span> <span class='ocrx_word' id='word_1_312' title='bbox 1133 3379 1210 3431; x_wconf 88' lang='lat' dir='ltr'><em>cum</em></span> <span class='ocrx_word' id='word_1_313' title='bbox 1237 3401 1249 3425; x_wconf 83' lang='lat'><strong>.</strong></span> <span class='ocrx_word' id='word_1_314' title='bbox 1272 3364 1318 3428; x_wconf 79' lang='lat' dir='ltr'><em>Es</em></span> <span class='ocrx_word' id='word_1_315' title='bbox 1348 3353 1465 3441; x_wconf 80' lang='lat' dir='ltr'><em>satim</em></span> <span class='ocrx_word' id='word_1_316' title='bbox 1492 3352 1682 3456; x_wconf 63' lang='lat' dir='ltr'><em>Diachomp</em></span> <span class='ocrx_word' id='word_1_317' title='bbox 1720 3354 1848 3426; x_wconf 81' lang='lat' dir='ltr'><em>dicat.</em></span> <span class='ocrx_word' id='word_1_318' title='bbox 1878 3352 1941 3426; x_wconf 85' lang='lat' dir='ltr'><em>Ea·</em></span> 
     </span>
    </p>

    <p class='ocr_par' dir='ltr' id='par_1_9' title="bbox 274 3447 1942 3649">
     <span class='ocr_line' id='line_1_28' title="bbox 274 3447 1759 3551; baseline -0.005 -27"><span class='ocrx_word' id='word_1_319' title='bbox 274 3476 368 3551; x_wconf 71' lang='lat' dir='ltr'><em>gens</em></span> <span class='ocrx_word' id='word_1_320' title='bbox 398 3448 559 3548; x_wconf 78' lang='lat' dir='ltr'><em>prestabis</em></span> <span class='ocrx_word' id='word_1_321' title='bbox 587 3449 625 3521; x_wconf 86' lang='lat' dir='ltr'><em>in</em></span> <span class='ocrx_word' id='word_1_322' title='bbox 654 3472 800 3548; x_wconf 75' lang='lat' dir='ltr'><em>regnor</em></span> <span class='ocrx_word' id='word_1_323' title='bbox 827 3449 887 3544; x_wconf 85' lang='lat' dir='ltr'><em>¹qui</em></span> <span class='ocrx_word' id='word_1_324' title='bbox 917 3476 983 3529; x_wconf 83' lang='lat' dir='ltr'><em>nos</em></span> <span class='ocrx_word' id='word_1_325' title='bbox 1009 3472 1088 3523; x_wconf 89' lang='lat' dir='ltr'><em>mo·</em></span> <span class='ocrx_word' id='word_1_326' title='bbox 1135 3475 1300 3531; x_wconf 78' lang='lat' dir='ltr'><em>muscum</em></span> <span class='ocrx_word' id='word_1_327' title='bbox 1315 3477 1400 3551; x_wconf 89' lang='lat' dir='ltr'><em>pace</em></span> <span class='ocrx_word' id='word_1_328' title='bbox 1418 3467 1492 3549; x_wconf 57' lang='lat' dir='ltr'><em>Asc.</em></span> <span class='ocrx_word' id='word_1_329' title='bbox 1506 3453 1589 3524; x_wconf 84' lang='lat' dir='ltr'><em>Deo</em></span> <span class='ocrx_word' id='word_1_330' title='bbox 1602 3447 1759 3547; x_wconf 81' lang='lat' dir='ltr'><em>gratias.</em></span> 
     </span>
     <span class='ocr_line' id='line_1_29' title="bbox 282 3546 1942 3649; baseline -0.002 -26"><span class='ocrx_word' id='word_1_331' title='bbox 282 3550 375 3623; x_wconf 82' lang='lat' dir='ltr'><em>tiens</em></span> <span class='ocrx_word' id='word_1_332' title='bbox 406 3547 607 3622; x_wconf 85' lang='lat' dir='ltr'><em>resuscitasti</em></span> <span class='ocrx_word' id='word_1_333' title='bbox 636 3567 712 3622; x_wconf 91' lang='lat' dir='ltr'><em>cum</em></span> <span class='ocrx_word' id='word_1_334' title='bbox 753 3546 868 3644; x_wconf 81' lang='lat' dir='ltr'><em>gioria</em></span> <span class='ocrx_word' id='word_1_335' title='bbox 908 3550 952 3624; x_wconf 85' lang='lat' dir='ltr'><em>de</em></span> <span class='ocrx_word' id='word_1_336' title='bbox 981 3550 1088 3623; x_wconf 80' lang='lat' dir='ltr'><em>iufer-</em></span> <span class='ocrx_word' id='word_1_337' title='bbox 1186 3561 1224 3624; x_wconf 85' lang='lat' dir='ltr'><em>In</em></span> <span class='ocrx_word' id='word_1_338' title='bbox 1249 3554 1376 3649; x_wconf 82' lang='lat' dir='ltr'><em>Vigilia</em></span> <span class='ocrx_word' id='word_1_339' title='bbox 1394 3551 1544 3648; x_wconf 83' lang='lat' dir='ltr'><em>gloriose</em></span> <span class='ocrx_word' id='word_1_340' title='bbox 1572 3549 1742 3620; x_wconf 88' lang='lat' dir='ltr'><em>Dominice</em></span> <span class='ocrx_word' id='word_1_341' title='bbox 1780 3547 1942 3640; x_wconf 66' lang='lat' dir='ltr'><em>Resurre-</em></span> 
     </span>
    </p>

    <p class='ocr_par' dir='ltr' id='par_1_10' title="bbox 206 3644 1943 3759">
     <span class='ocr_line' id='line_1_30' title="bbox 206 3644 1943 3759; baseline -0.001 -41"><span class='ocrx_word' id='word_1_342' title='bbox 206 3681 255 3759; x_wconf 82' lang='lat'><em>30</em></span> <span class='ocrx_word' id='word_1_343' title='bbox 286 3671 335 3721; x_wconf 83' lang='lat' dir='ltr'><em>rso</em></span> <span class='ocrx_word' id='word_1_344' title='bbox 364 3691 376 3714; x_wconf 88' lang='lat'><strong>.</strong></span> <span class='ocrx_word' id='word_1_345' title='bbox 402 3648 506 3719; x_wconf 87' lang='lat' dir='ltr'><em>Pater</em></span> <span class='ocrx_word' id='word_1_346' title='bbox 533 3647 649 3720; x_wconf 80' lang='lat' dir='ltr'><em>noster</em></span> <span class='ocrx_word' id='word_1_347' title='bbox 675 3688 686 3711; x_wconf 85' lang='lat'><strong>·</strong></span> <span class='ocrx_word' id='word_1_348' title='bbox 716 3649 915 3717; x_wconf 68' lang='lat' dir='ltr'><em>cantandos</em></span> <span class='ocrx_word' id='word_1_349' title='bbox 943 3654 987 3723; x_wconf 83' lang='grc' dir='ltr'><em>Θ</em></span> <span class='ocrx_word' id='word_1_350' title='bbox 1012 3665 1088 3719; x_wconf 88' lang='lat' dir='ltr'><em>cum</em></span> <span class='ocrx_word' id='word_1_351' title='bbox 1139 3649 1257 3723; x_wconf 67' lang='lat' dir='ltr'><em>Bionis</em></span> <span class='ocrx_word' id='word_1_352' title='bbox 1283 3646 1429 3722; x_wconf 81' lang='lat' dir='ltr'><em>Sabbata</em></span> <span class='ocrx_word' id='word_1_353' title='bbox 1468 3650 1552 3724; x_wconf 84' lang='lat' dir='ltr'><em>bara</em></span> <span class='ocrx_word' id='word_1_354' title='bbox 1582 3647 1651 3720; x_wconf 87' lang='lat' dir='ltr'><em>diei</em></span> <span class='ocrx_word' id='word_1_355' title='bbox 1680 3667 1764 3716; x_wconf 86' lang='lat' dir='ltr'><em>nona</em></span> <span class='ocrx_word' id='word_1_356' title='bbox 1788 3644 1943 3743; x_wconf 74' lang='lat' dir='ltr'><em>sgnum-s</em></span> 
     </span>
    </p>

    <p class='ocr_par' dir='ltr' id='par_1_11' title="bbox 198 3736 2004 4132">
     <span class='ocr_line' id='line_1_31' title="bbox 198 3736 2004 3844; baseline -0.003 -29"><span class='ocrx_word' id='word_1_357' title='bbox 198 3792 202 3799; x_wconf 87' lang='lat'>·</span> <span class='ocrx_word' id='word_1_358' title='bbox 280 3744 483 3842; x_wconf 81' lang='lat' dir='ltr'><em>pervenerit</em></span> <span class='ocrx_word' id='word_1_359' title='bbox 507 3743 552 3813; x_wconf 91' lang='lat' dir='ltr'><em>ad</em></span> <span class='ocrx_word' id='word_1_360' title='bbox 578 3745 705 3816; x_wconf 87' lang='lat' dir='ltr'><em>Panem</em></span> <span class='ocrx_word' id='word_1_361' title='bbox 734 3743 884 3820; x_wconf 78' lang='lat' dir='ltr'><em>nostrum</em></span> <span class='ocrx_word' id='word_1_362' title='bbox 911 3744 1090 3836; x_wconf 86' lang='lat' dir='ltr'><em>quotidia·</em></span> <span class='ocrx_word' id='word_1_363' title='bbox 1132 3746 1263 3837; x_wconf 63' lang='lat' dir='ltr'><em>sonan</em></span> <span class='ocrx_word' id='word_1_364' title='bbox 1289 3753 1335 3823; x_wconf 91' lang='grc' dir='ltr'><em>Θ</em></span> <span class='ocrx_word' id='word_1_365' title='bbox 1364 3748 1575 3844; x_wconf 86' lang='lat' dir='ltr'><em>congregatis</em></span> <span class='ocrx_word' id='word_1_366' title='bbox 1590 3736 1741 3815; x_wconf 78' lang='lat' dir='ltr'><em>omnibus</em></span> <span class='ocrx_word' id='word_1_367' title='bbox 1768 3767 1778 3810; x_wconf 79' lang='lat' dir='ltr'><em>e</em></span> <span class='ocrx_word' id='word_1_368' title='bbox 1803 3747 1943 3815; x_wconf 86' lang='lat' dir='ltr'><em>induunt</em></span> <span class='ocrx_word' id='word_1_369' title='bbox 1968 3737 2004 3827; x_wconf 83' lang='lat'><em>85</em></span> 
     </span>
     <span class='ocr_line' id='line_1_32' title="bbox 285 3835 1942 3940; baseline -0.002 -26"><span class='ocrx_word' id='word_1_370' title='bbox 285 3865 366 3917; x_wconf 88' lang='lat' dir='ltr'><em>num</em></span> <span class='ocrx_word' id='word_1_371' title='bbox 402 3865 414 3916; x_wconf 78' lang='lat' dir='ltr'><em>t</em></span> <span class='ocrx_word' id='word_1_372' title='bbox 445 3835 590 3922; x_wconf 80' lang='lat' dir='ltr'><em>ostendat</em></span> <span class='ocrx_word' id='word_1_373' title='bbox 609 3837 735 3937; x_wconf 90' lang='lat' dir='ltr'><em>populo</em></span> <span class='ocrx_word' id='word_1_374' title='bbox 771 3859 889 3938; x_wconf 83' lang='lat' dir='ltr'><em>corpus</em></span> <span class='ocrx_word' id='word_1_375' title='bbox 914 3839 1029 3925; x_wconf 76' lang='lat' dir='ltr'><em>Chre&#39;ssi</em></span> <span class='ocrx_word' id='word_1_376' title='bbox 1055 3843 1091 3912; x_wconf 87' lang='lat' dir='ltr'><em>in</em></span> <span class='ocrx_word' id='word_1_377' title='bbox 1132 3841 1327 3940; x_wconf 77' lang='lat' dir='ltr'><em>semetipsos</em></span> <span class='ocrx_word' id='word_1_378' title='bbox 1343 3845 1529 3916; x_wconf 82' lang='lat' dir='ltr'><em>Diachonus</em></span> <span class='ocrx_word' id='word_1_379' title='bbox 1549 3843 1609 3916; x_wconf 81' lang='lat' dir='ltr'><em>vel</em></span> <span class='ocrx_word' id='word_1_380' title='bbox 1624 3840 1742 3912; x_wconf 83' lang='lat' dir='ltr'><em>Clerici</em></span> <span class='ocrx_word' id='word_1_381' title='bbox 1753 3835 1842 3910; x_wconf 82' lang='lat' dir='ltr'><em>albis</em></span> <span class='ocrx_word' id='word_1_382' title='bbox 1868 3861 1942 3911; x_wconf 77' lang='lat' dir='ltr'><em>cust</em></span> 
     </span>
     <span class='ocr_line' id='line_1_33' title="bbox 280 3932 1941 4037; baseline -0.001 -26"><span class='ocrx_word' id='word_1_383' title='bbox 280 3942 344 4030; x_wconf 90' lang='lat' dir='ltr'><em>suo</em></span> <span class='ocrx_word' id='word_1_384' title='bbox 373 3937 442 4011; x_wconf 89' lang='lat' dir='ltr'><em>loco</em></span> <span class='ocrx_word' id='word_1_385' title='bbox 463 3938 567 4032; x_wconf 89' lang='lat' dir='ltr'><em>super</em></span> <span class='ocrx_word' id='word_1_386' title='bbox 592 3962 718 4012; x_wconf 88' lang='lat' dir='ltr'><em>aram.</em></span> <span class='ocrx_word' id='word_1_387' title='bbox 751 3946 796 4008; x_wconf 86' lang='lat' dir='ltr'><em>Et</em></span> <span class='ocrx_word' id='word_1_388' title='bbox 832 3961 907 4014; x_wconf 89' lang='lat' dir='ltr'><em>cum</em></span> <span class='ocrx_word' id='word_1_389' title='bbox 933 3943 1092 4013; x_wconf 84' lang='lat' dir='ltr'><em>Sacerdos</em></span> <span class='ocrx_word' id='word_1_390' title='bbox 1139 3937 1378 4014; x_wconf 74' lang='lat' dir='ltr'><em>aneboladiis-2</em></span> <span class='ocrx_word' id='word_1_391' title='bbox 1403 3947 1447 4016; x_wconf 84' lang='grc' dir='ltr'><em>Θ</em></span> <span class='ocrx_word' id='word_1_392' title='bbox 1473 3942 1707 4037; x_wconf 85' lang='lat' dir='ltr'><em>ingrediuntur</em></span> <span class='ocrx_word' id='word_1_393' title='bbox 1736 3932 1941 4029; x_wconf 72' lang='lat' dir='ltr'><em>processum</em></span> 
     </span>
     <span class='ocr_line' id='line_1_34' title="bbox 287 4035 1943 4132; baseline -0.002 -25"><span class='ocrx_word' id='word_1_394' title='bbox 287 4040 418 4108; x_wconf 80' lang='lat' dir='ltr'><em>dixerit</em></span> <span class='ocrx_word' id='word_1_395' title='bbox 442 4060 460 4126; x_wconf 65' lang='lat' dir='ltr'><em>t¹</em></span> <span class='ocrx_word' id='word_1_396' title='bbox 489 4037 530 4107; x_wconf 89' lang='lat' dir='ltr'><em>Et</em></span> <span class='ocrx_word' id='word_1_397' title='bbox 553 4058 597 4106; x_wconf 88' lang='lat' dir='ltr'><em>ne</em></span> <span class='ocrx_word' id='word_1_398' title='bbox 629 4059 691 4109; x_wconf 87' lang='lat' dir='ltr'><em>nos</em></span> <span class='ocrx_word' id='word_1_399' title='bbox 719 4035 855 4110; x_wconf 84' lang='lat' dir='ltr'><em>inducas</em></span> <span class='ocrx_word' id='word_1_400' title='bbox 896 4039 931 4113; x_wconf 90' lang='lat' dir='ltr'><em>in</em></span> <span class='ocrx_word' id='word_1_401' title='bbox 973 4056 1089 4111; x_wconf 86' lang='lat' dir='ltr'><em>tenta·</em></span> <span class='ocrx_word' id='word_1_402' title='bbox 1138 4052 1241 4131; x_wconf 83' lang='lat' dir='ltr'><em>atque</em></span> <span class='ocrx_word' id='word_1_403' title='bbox 1268 4040 1493 4131; x_wconf 87' lang='lat' dir='ltr'><em>aprimicerio</em></span> <span class='ocrx_word' id='word_1_404' title='bbox 1521 4035 1884 4132; x_wconf 85' lang='lat' dir='ltr'><em>accipiuntDiachones</em></span> <span class='ocrx_word' id='word_1_405' title='bbox 1909 4037 1943 4105; x_wconf 87' lang='lat' dir='ltr'><em>iss</em></span> 
     </span>
    </p>

    <p class='ocr_par' dir='ltr' id='par_1_12' title="bbox 207 4129 1943 4246">
     <span class='ocr_line' id='line_1_35' title="bbox 207 4129 1943 4246; baseline -0.003 -40"><span class='ocrx_word' id='word_1_406' title='bbox 207 4133 419 4246; x_wconf 69' lang='lat' dir='ltr'><em>35&#39;ti0nem</em></span> <span class='ocrx_word' id='word_1_407' title='bbox 449 4179 460 4201; x_wconf 87' lang='lat'><strong>·</strong></span> <span class='ocrx_word' id='word_1_408' title='bbox 486 4145 535 4226; x_wconf 80' lang='lat' dir='ltr'><em>l3t.</em></span> <span class='ocrx_word' id='word_1_409' title='bbox 561 4132 681 4204; x_wconf 79' lang='lat' dir='ltr'><em>chorus</em></span> <span class='ocrx_word' id='word_1_410' title='bbox 706 4177 717 4201; x_wconf 89' lang='lat'><strong>.</strong></span> <span class='ocrx_word' id='word_1_411' title='bbox 745 4135 811 4206; x_wconf 86' lang='lat' dir='ltr'><em>Sed</em></span> <span class='ocrx_word' id='word_1_412' title='bbox 835 4132 943 4211; x_wconf 87' lang='lat' dir='ltr'><em>libera</em></span> <span class='ocrx_word' id='word_1_413' title='bbox 973 4160 1037 4209; x_wconf 86' lang='lat' dir='ltr'><em>nos</em></span> <span class='ocrx_word' id='word_1_414' title='bbox 1068 4158 1088 4205; x_wconf 90' lang='lat' dir='ltr'><em>a</em></span> <span class='ocrx_word' id='word_1_415' title='bbox 1138 4135 1285 4206; x_wconf 83' lang='lat' dir='ltr'><em>ordinem</em></span> <span class='ocrx_word' id='word_1_416' title='bbox 1318 4133 1418 4221; x_wconf 90' lang='lat' dir='ltr'><em>suum</em></span> <span class='ocrx_word' id='word_1_417' title='bbox 1444 4134 1601 4207; x_wconf 79' lang='lat' dir='ltr'><em>leciioncs</em></span> <span class='ocrx_word' id='word_1_418' title='bbox 1626 4159 1636 4201; x_wconf 78' lang='lat' dir='ltr'><em>e</em></span> <span class='ocrx_word' id='word_1_419' title='bbox 1662 4153 1725 4226; x_wconf 87' lang='lat' dir='ltr'><em>que</em></span> <span class='ocrx_word' id='word_1_420' title='bbox 1756 4133 1790 4201; x_wconf 90' lang='lat' dir='ltr'><em>in</em></span> <span class='ocrx_word' id='word_1_421' title='bbox 1831 4129 1943 4204; x_wconf 84' lang='lat' dir='ltr'><em>trihu·</em></span> 
     </span>
    </p>

    <p class='ocr_par' dir='ltr' id='par_1_13' title="bbox 191 4228 2011 4522">
     <span class='ocr_line' id='line_1_36' title="bbox 290 4228 2011 4330; baseline -0.002 -29.218"><span class='ocrx_word' id='word_1_422' title='bbox 290 4229 408 4304; x_wconf 85' lang='lat' dir='ltr'><em>malo.</em></span> <span class='ocrx_word' id='word_1_423' title='bbox 435 4236 495 4300; x_wconf 84' lang='lat' dir='ltr'><em>His</em></span> <span class='ocrx_word' id='word_1_424' title='bbox 518 4229 666 4321; x_wconf 79' lang='lat' dir='ltr'><em>peraliis</em></span> <span class='ocrx_word' id='word_1_425' title='bbox 692 4234 1087 4329; x_wconf 83' lang='lat' dir='ltr'><em>Sacerdosaecipiatcor·</em></span> <span class='ocrx_word' id='word_1_426' title='bbox 1137 4228 1197 4300; x_wconf 86' lang='lat' dir='ltr'><em>nal</em></span> <span class='ocrx_word' id='word_1_427' title='bbox 1222 4229 1265 4303; x_wconf 83' lang='lat' dir='ltr'><em>ab</em></span> <span class='ocrx_word' id='word_1_428' title='bbox 1290 4228 1372 4325; x_wconf 73' lang='lat' dir='ltr'><em>ipsis</em></span> <span class='ocrx_word' id='word_1_429' title='bbox 1385 4234 1522 4330; x_wconf 85' lang='lat' dir='ltr'><em>legende</em></span> <span class='ocrx_word' id='word_1_430' title='bbox 1538 4233 1618 4321; x_wconf 80' lang='lat' dir='ltr'><em>fient</em></span> <span class='ocrx_word' id='word_1_431' title='bbox 1635 4277 1646 4301; x_wconf 88' lang='lat'><strong>.</strong></span> <span class='ocrx_word' id='word_1_432' title='bbox 1666 4241 1755 4300; x_wconf 84' lang='lat' dir='ltr'><em>Dum</em></span> <span class='ocrx_word' id='word_1_433' title='bbox 1777 4250 1861 4301; x_wconf 85' lang='lat' dir='ltr'><em>vcro</em></span> <span class='ocrx_word' id='word_1_434' title='bbox 1885 4228 1954 4317; x_wconf 89' lang='lat' dir='ltr'><em>se-·</em></span> <span class='ocrx_word' id='word_1_435' title='bbox 1968 4245 2011 4314; x_wconf 79' lang='lat'><em>90</em></span> 
     </span>
     <span class='ocr_line' id='line_1_37' title="bbox 275 4323 1940 4425; baseline -0.002 -27"><span class='ocrx_word' id='word_1_436' title='bbox 275 4345 348 4425; x_wconf 77' lang='lat' dir='ltr'><em>&#39;pus</em></span> <span class='ocrx_word' id='word_1_437' title='bbox 384 4323 502 4406; x_wconf 81' lang='lat' dir='ltr'><em>cirisi</em></span> <span class='ocrx_word' id='word_1_438' title='bbox 534 4351 544 4390; x_wconf 82' lang='lat' dir='ltr'><em>r</em></span> <span class='ocrx_word' id='word_1_439' title='bbox 580 4330 625 4397; x_wconf 89' lang='grc' dir='ltr'><em>Θ</em></span> <span class='ocrx_word' id='word_1_440' title='bbox 645 4324 758 4409; x_wconf 72' lang='grc' dir='ltr'><em>[αιίαι</em></span> <span class='ocrx_word' id='word_1_441' title='bbox 787 4346 907 4399; x_wconf 83' lang='lat' dir='ltr'><em>nouem</em></span> <span class='ocrx_word' id='word_1_442' title='bbox 932 4330 1089 4423; x_wconf 86' lang='lat' dir='ltr'><em>particu·</em></span> <span class='ocrx_word' id='word_1_443' title='bbox 1138 4330 1279 4400; x_wconf 84' lang='lat' dir='ltr'><em>turdum</em></span> <span class='ocrx_word' id='word_1_444' title='bbox 1315 4333 1361 4403; x_wconf 90' lang='grc' dir='ltr'><em>Θ</em></span> <span class='ocrx_word' id='word_1_445' title='bbox 1399 4334 1539 4403; x_wconf 87' lang='lat' dir='ltr'><em>tertium</em></span> <span class='ocrx_word' id='word_1_446' title='bbox 1576 4330 1751 4417; x_wconf 81' lang='lat' dir='ltr'><em>sonaverit</em></span> <span class='ocrx_word' id='word_1_447' title='bbox 1780 4323 1940 4422; x_wconf 75' lang='lat' dir='ltr'><em>signnmr</em></span> 
     </span>
     <span class='ocr_line' id='line_1_38' title="bbox 288 4420 1941 4522; baseline -0.002 -25"><span class='ocrx_word' id='word_1_448' title='bbox 288 4425 341 4498; x_wconf 88' lang='lat' dir='ltr'><em>las</em></span> <span class='ocrx_word' id='word_1_449' title='bbox 366 4451 376 4494; x_wconf 82' lang='lat' dir='ltr'><em>s</em></span> <span class='ocrx_word' id='word_1_450' title='bbox 402 4432 447 4502; x_wconf 70' lang='grc' dir='ltr'><em>Θ</em></span> <span class='ocrx_word' id='word_1_451' title='bbox 497 4437 573 4492; x_wconf 86' lang='lat' dir='ltr'><em>onat</em></span> <span class='ocrx_word' id='word_1_452' title='bbox 601 4441 656 4492; x_wconf 87' lang='lat' dir='ltr'><em>eas</em></span> <span class='ocrx_word' id='word_1_453' title='bbox 677 4436 742 4516; x_wconf 90' lang='lat' dir='ltr'><em>per</em></span> <span class='ocrx_word' id='word_1_454' title='bbox 765 4427 913 4496; x_wconf 83' lang='lat' dir='ltr'><em>ordinem</em></span> <span class='ocrx_word' id='word_1_455' title='bbox 935 4427 969 4497; x_wconf 86' lang='lat' dir='ltr'><em>in</em></span> <span class='ocrx_word' id='word_1_456' title='bbox 985 4441 1088 4521; x_wconf 89' lang='lat' dir='ltr'><em>pate·</em></span> <span class='ocrx_word' id='word_1_457' title='bbox 1138 4427 1185 4497; x_wconf 92' lang='grc' dir='ltr'><em>Θ</em></span> <span class='ocrx_word' id='word_1_458' title='bbox 1207 4420 1315 4516; x_wconf 85' lang='lat' dir='ltr'><em>juxta</em></span> <span class='ocrx_word' id='word_1_459' title='bbox 1335 4428 1598 4516; x_wconf 89' lang='lat' dir='ltr'><em>consuetudinem</em></span> <span class='ocrx_word' id='word_1_460' title='bbox 1622 4423 1725 4522; x_wconf 85' lang='lat' dir='ltr'><em>posta</em></span> <span class='ocrx_word' id='word_1_461' title='bbox 1744 4423 1825 4511; x_wconf 77' lang='lat' dir='ltr'><em>fi’dt</em></span> <span class='ocrx_word' id='word_1_462' title='bbox 1844 4433 1941 4494; x_wconf 73' lang='lat' dir='ltr'><em>‘Pom</em></span> 
     </span>
    </p>

    <p class='ocr_par' dir='ltr' id='par_1_14' title="bbox 287 4439 1944 4617">
     <span class='ocr_line' id='line_1_39' title="bbox 287 4439 1944 4617; baseline -0.003 -22"><span class='ocrx_word' id='word_1_463' title='bbox 287 4545 330 4595; x_wconf 87' lang='lat' dir='ltr'><em>na</em></span> <span class='ocrx_word' id='word_1_464' title='bbox 360 4552 371 4595; x_wconf 76' lang='lat' dir='ltr'><em>a</em></span> <span class='ocrx_word' id='word_1_465' title='bbox 402 4540 444 4597; x_wconf 88' lang='lat' dir='ltr'><em>ut</em></span> <span class='ocrx_word' id='word_1_466' title='bbox 459 4439 538 4606; x_wconf 60' lang='lat' dir='ltr'><em>seri</em></span> <span class='ocrx_word' id='word_1_467' title='bbox 557 4517 666 4608; x_wconf 78' lang='lat' dir='ltr'><em>scelete</em></span> <span class='ocrx_word' id='word_1_468' title='bbox 693 4524 738 4593; x_wconf 98' lang='grc' dir='ltr'><em>Θ</em></span> <span class='ocrx_word' id='word_1_469' title='bbox 767 4523 911 4617; x_wconf 89' lang='lat' dir='ltr'><em>accipiat</em></span> <span class='ocrx_word' id='word_1_470' title='bbox 937 4543 1089 4595; x_wconf 84' lang='lat' dir='ltr'><em>unamcst</em></span> <span class='ocrx_word' id='word_1_471' title='bbox 1138 4517 1223 4604; x_wconf 75' lang='lat' dir='ltr'><em>tusci</em></span> <span class='ocrx_word' id='word_1_472' title='bbox 1245 4525 1279 4593; x_wconf 83' lang='lat' dir='ltr'><em>in</em></span> <span class='ocrx_word' id='word_1_473' title='bbox 1304 4524 1451 4617; x_wconf 82' lang='lat' dir='ltr'><em>processa</em></span> <span class='ocrx_word' id='word_1_474' title='bbox 1472 4553 1482 4592; x_wconf 75' lang='grc' dir='ltr'><strong>ε</strong></span> <span class='ocrx_word' id='word_1_475' title='bbox 1506 4539 1610 4617; x_wconf 84' lang='lat' dir='ltr'><em>atque</em></span> <span class='ocrx_word' id='word_1_476' title='bbox 1652 4547 1689 4594; x_wconf 88' lang='lat' dir='ltr'><em>co</em></span> <span class='ocrx_word' id='word_1_477' title='bbox 1708 4521 1846 4608; x_wconf 79' lang='lat' dir='ltr'><em>sedente</em></span> <span class='ocrx_word' id='word_1_478' title='bbox 1886 4544 1944 4591; x_wconf 88' lang='lat' dir='ltr'><em>cc·</em></span> 
     </span>
    </p>

    <p class='ocr_par' dir='ltr' id='par_1_15' title="bbox 207 4616 1942 4739">
     <span class='ocr_line' id='line_1_40' title="bbox 207 4616 1942 4739; baseline -0.005 -44"><span class='ocrx_word' id='word_1_479' title='bbox 207 4656 258 4739; x_wconf 82' lang='lat'><em>40</em></span> <span class='ocrx_word' id='word_1_480' title='bbox 285 4620 449 4717; x_wconf 83' lang='lat' dir='ltr'><em>illisque</em></span> <span class='ocrx_word' id='word_1_481' title='bbox 476 4618 767 4715; x_wconf 83' lang='lat' dir='ltr'><em>diciturregnum</em></span> <span class='ocrx_word' id='word_1_482' title='bbox 795 4626 876 4695; x_wconf 72' lang='grc' dir='ltr'><em>εΘ</em></span> <span class='ocrx_word' id='word_1_483' title='bbox 902 4621 1020 4693; x_wconf 86' lang='lat' dir='ltr'><em>mittat</em></span> <span class='ocrx_word' id='word_1_484' title='bbox 1042 4618 1088 4690; x_wconf 88' lang='lat' dir='ltr'><em>il·</em></span> <span class='ocrx_word' id='word_1_485' title='bbox 1137 4618 1256 4690; x_wconf 89' lang='lat' dir='ltr'><em>cedunt</em></span> <span class='ocrx_word' id='word_1_486' title='bbox 1296 4618 1452 4695; x_wconf 61' lang='lat' dir='ltr'><em>abbates</em></span> <span class='ocrx_word' id='word_1_487' title='bbox 1502 4616 1721 4714; x_wconf 60' lang='lat' dir='ltr'><em>presbyteres</em></span> <span class='ocrx_word' id='word_1_488' title='bbox 1757 4617 1942 4691; x_wconf 86' lang='lat' dir='ltr'><em>Diachoues</em></span> 
     </span>
    </p>

    <p class='ocr_par' dir='ltr' id='par_1_16' title="bbox 202 4711 2008 5108">
     <span class='ocr_line' id='line_1_41' title="bbox 202 4711 2008 4815; baseline -0.007 -22"><span class='ocrx_word' id='word_1_489' title='bbox 202 4798 206 4802; x_wconf 65' lang='grc'>,</span> <span class='ocrx_word' id='word_1_490' title='bbox 287 4720 356 4793; x_wconf 91' lang='lat' dir='ltr'><em>lam</em></span> <span class='ocrx_word' id='word_1_491' title='bbox 382 4721 416 4790; x_wconf 88' lang='lat' dir='ltr'><em>in</em></span> <span class='ocrx_word' id='word_1_492' title='bbox 441 4711 572 4788; x_wconf 83' lang='lat' dir='ltr'><em>calice.</em></span> <span class='ocrx_word' id='word_1_493' title='bbox 600 4724 646 4785; x_wconf 84' lang='lat' dir='ltr'><em>Ee</em></span> <span class='ocrx_word' id='word_1_494' title='bbox 673 4718 788 4788; x_wconf 86' lang='lat' dir='ltr'><em>deinde</em></span> <span class='ocrx_word' id='word_1_495' title='bbox 813 4721 956 4812; x_wconf 89' lang='lat' dir='ltr'><em>accipiat</em></span> <span class='ocrx_word' id='word_1_496' title='bbox 983 4716 1087 4789; x_wconf 90' lang='lat' dir='ltr'><em>aliam</em></span> <span class='ocrx_word' id='word_1_497' title='bbox 1139 4716 1253 4790; x_wconf 77' lang='lat' dir='ltr'><em>claras</em></span> <span class='ocrx_word' id='word_1_498' title='bbox 1279 4723 1445 4815; x_wconf 86' lang='lat' dir='ltr'><em>omnisque</em></span> <span class='ocrx_word' id='word_1_499' title='bbox 1468 4714 1610 4814; x_wconf 88' lang='lat' dir='ltr'><em>populus</em></span> <span class='ocrx_word' id='word_1_500' title='bbox 1637 4731 1701 4810; x_wconf 87' lang='lat' dir='ltr'><em>per</em></span> <span class='ocrx_word' id='word_1_501' title='bbox 1725 4716 1944 4812; x_wconf 70' lang='lat' dir='ltr'><em>¹gradosfieos</em></span> <span class='ocrx_word' id='word_1_502' title='bbox 1967 4736 2008 4809; x_wconf 84' lang='lat'><em>95</em></span> 
     </span>
     <span class='ocr_line' id='line_1_42' title="bbox 282 4809 1943 4916; baseline -0.002 -28"><span class='ocrx_word' id='word_1_503' title='bbox 282 4817 574 4916; x_wconf 85' lang='lat' dir='ltr'><em>particulamque</em></span> <span class='ocrx_word' id='word_1_504' title='bbox 597 4816 722 4887; x_wconf 83' lang='lat' dir='ltr'><em>dicitur</em></span> <span class='ocrx_word' id='word_1_505' title='bbox 752 4813 862 4914; x_wconf 85' lang='lat' dir='ltr'><em>glotia</em></span> <span class='ocrx_word' id='word_1_506' title='bbox 886 4840 896 4882; x_wconf 83' lang='lat' dir='ltr'><em>s</em></span> <span class='ocrx_word' id='word_1_507' title='bbox 922 4821 967 4892; x_wconf 88' lang='grc' dir='ltr'><em>Θ</em></span> <span class='ocrx_word' id='word_1_508' title='bbox 984 4828 1090 4912; x_wconf 85' lang='lat' dir='ltr'><em>ponat</em></span> <span class='ocrx_word' id='word_1_509' title='bbox 1137 4816 1182 4885; x_wconf 90' lang='lat' dir='ltr'><em>ad</em></span> <span class='ocrx_word' id='word_1_510' title='bbox 1208 4813 1401 4912; x_wconf 78' lang='lat' dir='ltr'><em>Episcopum</em></span> <span class='ocrx_word' id='word_1_511' title='bbox 1433 4840 1445 4886; x_wconf 74' lang='lat' dir='ltr'><em>t</em></span> <span class='ocrx_word' id='word_1_512' title='bbox 1487 4822 1532 4891; x_wconf 98' lang='grc' dir='ltr'><em>Θ</em></span> <span class='ocrx_word' id='word_1_513' title='bbox 1558 4816 1724 4907; x_wconf 84' lang='lat' dir='ltr'><em>accipiunt</em></span> <span class='ocrx_word' id='word_1_514' title='bbox 1748 4809 1791 4883; x_wconf 86' lang='lat' dir='ltr'><em>ab</em></span> <span class='ocrx_word' id='word_1_515' title='bbox 1821 4834 1858 4882; x_wconf 92' lang='lat' dir='ltr'><em>eo</em></span> <span class='ocrx_word' id='word_1_516' title='bbox 1890 4838 1943 4884; x_wconf 85' lang='lat' dir='ltr'><em>ce·</em></span> 
     </span>
     <span class='ocr_line' id='line_1_43' title="bbox 287 4905 1941 5010; baseline -0.004 -24"><span class='ocrx_word' id='word_1_517' title='bbox 287 4936 362 4990; x_wconf 86' lang='lat' dir='ltr'><em>eam</em></span> <span class='ocrx_word' id='word_1_518' title='bbox 379 4913 483 5010; x_wconf 86' lang='lat' dir='ltr'><em>super</em></span> <span class='ocrx_word' id='word_1_519' title='bbox 506 4909 643 4982; x_wconf 87' lang='lat' dir='ltr'><em>calicem</em></span> <span class='ocrx_word' id='word_1_520' title='bbox 669 4938 679 4980; x_wconf 84' lang='lat' dir='ltr'><em>t</em></span> <span class='ocrx_word' id='word_1_521' title='bbox 705 4915 749 4986; x_wconf 88' lang='grc' dir='ltr'><em>Θ</em></span> <span class='ocrx_word' id='word_1_522' title='bbox 772 4913 1089 4986; x_wconf 83' lang='lat' dir='ltr'><em>dicatillasoracio·</em></span> <span class='ocrx_word' id='word_1_523' title='bbox 1138 4932 1212 4985; x_wconf 90' lang='lat' dir='ltr'><em>ram</em></span> <span class='ocrx_word' id='word_1_524' title='bbox 1225 4942 1243 4981; x_wconf 90' lang='lat'><em>·.</em></span> <span class='ocrx_word' id='word_1_525' title='bbox 1273 4912 1434 4985; x_wconf 84' lang='lat' dir='ltr'><em>Diacones</em></span> <span class='ocrx_word' id='word_1_526' title='bbox 1463 4933 1546 4986; x_wconf 83' lang='lat' dir='ltr'><em>vero</em></span> <span class='ocrx_word' id='word_1_527' title='bbox 1575 4907 1680 4981; x_wconf 90' lang='lat' dir='ltr'><em>locale</em></span> <span class='ocrx_word' id='word_1_528' title='bbox 1706 4911 1873 5007; x_wconf 85' lang='lat' dir='ltr'><em>accipiunt</em></span> <span class='ocrx_word' id='word_1_529' title='bbox 1897 4905 1941 4981; x_wconf 85' lang='lat' dir='ltr'><em>ab</em></span> 
     </span>
     <span class='ocr_line' id='line_1_44' title="bbox 288 5003 1941 5108; baseline -0.005 -23"><span class='ocrx_word' id='word_1_530' title='bbox 288 5036 346 5085; x_wconf 87' lang='lat' dir='ltr'><em>nes</em></span> <span class='ocrx_word' id='word_1_531' title='bbox 374 5033 439 5108; x_wconf 87' lang='lat' dir='ltr'><em>que</em></span> <span class='ocrx_word' id='word_1_532' title='bbox 470 5010 549 5092; x_wconf 84' lang='lat' dir='ltr'><em>aliis</em></span> <span class='ocrx_word' id='word_1_533' title='bbox 578 5007 694 5081; x_wconf 85' lang='lat' dir='ltr'><em>diebus</em></span> <span class='ocrx_word' id='word_1_534' title='bbox 712 5009 931 5085; x_wconf 82' lang='lat' dir='ltr'><em>dicebanturt</em></span> <span class='ocrx_word' id='word_1_535' title='bbox 953 5007 1086 5094; x_wconf 74' lang='lat' dir='ltr'><em>&amp;scti-</em></span> <span class='ocrx_word' id='word_1_536' title='bbox 1136 5033 1175 5083; x_wconf 91' lang='lat' dir='ltr'><em>eo</em></span> <span class='ocrx_word' id='word_1_537' title='bbox 1201 5015 1246 5084; x_wconf 93' lang='grc' dir='ltr'><em>Θ</em></span> <span class='ocrx_word' id='word_1_538' title='bbox 1270 5010 1439 5084; x_wconf 84' lang='lat' dir='ltr'><em>duodecim</em></span> <span class='ocrx_word' id='word_1_539' title='bbox 1470 5029 1614 5084; x_wconf 70' lang='lat' dir='ltr'><em>certost</em></span> <span class='ocrx_word' id='word_1_540' title='bbox 1644 5012 1689 5084; x_wconf 91' lang='grc' dir='ltr'><em>Θ</em></span> <span class='ocrx_word' id='word_1_541' title='bbox 1712 5003 1879 5089; x_wconf 78' lang='lat' dir='ltr'><em>dantibus</em></span> <span class='ocrx_word' id='word_1_542' title='bbox 1907 5010 1941 5078; x_wconf 84' lang='lat' dir='ltr'><em>in</em></span> 
     </span>
    </p>

    <p class='ocr_par' dir='ltr' id='par_1_17' title="bbox 206 5102 2021 5303">
     <span class='ocr_line' id='line_1_45' title="bbox 206 5102 1993 5223; baseline -0.004 -43"><span class='ocrx_word' id='word_1_543' title='bbox 206 5144 255 5223; x_wconf 75' lang='lat'><em>45</em></span> <span class='ocrx_word' id='word_1_544' title='bbox 272 5113 336 5182; x_wconf 77' lang='lat' dir='ltr'><em>eis</em></span> <span class='ocrx_word' id='word_1_545' title='bbox 361 5109 505 5201; x_wconf 86' lang='lat' dir='ltr'><em>accipiat</em></span> <span class='ocrx_word' id='word_1_546' title='bbox 532 5102 629 5177; x_wconf 90' lang='lat' dir='ltr'><em>illam</em></span> <span class='ocrx_word' id='word_1_547' title='bbox 645 5108 851 5206; x_wconf 83' lang='lat' dir='ltr'><em>particulam</em></span> <span class='ocrx_word' id='word_1_548' title='bbox 865 5111 1089 5208; x_wconf 70' lang='lat' dir='ltr'><em>&amp;cooperiat</em></span> <span class='ocrx_word' id='word_1_549' title='bbox 1137 5107 1218 5181; x_wconf 89' lang='lat' dir='ltr'><em>locis</em></span> <span class='ocrx_word' id='word_1_550' title='bbox 1238 5104 1313 5192; x_wconf 83' lang='lat' dir='ltr'><em>sacis</em></span> <span class='ocrx_word' id='word_1_551' title='bbox 1348 5109 1537 5203; x_wconf 82' lang='lat' dir='ltr'><em>ingreditur</em></span> <span class='ocrx_word' id='word_1_552' title='bbox 1565 5102 1740 5200; x_wconf 80' lang='lat' dir='ltr'><em>Episcopus</em></span> <span class='ocrx_word' id='word_1_553' title='bbox 1767 5128 1841 5176; x_wconf 92' lang='lat' dir='ltr'><em>cum</em></span> <span class='ocrx_word' id='word_1_554' title='bbox 1856 5105 1938 5174; x_wconf 83' lang='lat' dir='ltr'><em>Dia·</em></span> <span class='ocrx_word' id='word_1_555' title='bbox 1985 5170 1993 5193; x_wconf 72' lang='grc'><strong>,</strong></span> 
     </span>
     <span class='ocr_line' id='line_1_46' title="bbox 288 5199 2021 5303; baseline -0.005 -23"><span class='ocrx_word' id='word_1_556' title='bbox 288 5206 456 5280; x_wconf 79' lang='lat' dir='ltr'><em>caliccma</em></span> <span class='ocrx_word' id='word_1_557' title='bbox 485 5211 697 5297; x_wconf 75' lang='lat' dir='ltr'><em>&amp;cooperto</em></span> <span class='ocrx_word' id='word_1_558' title='bbox 722 5229 731 5270; x_wconf 81' lang='lat' dir='ltr'><em>s</em></span> <span class='ocrx_word' id='word_1_559' title='bbox 759 5208 1087 5303; x_wconf 83' lang='lat' dir='ltr'><em>accipiataliaspar·</em></span> <span class='ocrx_word' id='word_1_560' title='bbox 1135 5202 1271 5277; x_wconf 85' lang='lat' dir='ltr'><em>canibus</em></span> <span class='ocrx_word' id='word_1_561' title='bbox 1292 5219 1422 5279; x_wconf 85' lang='lat' dir='ltr'><em>tantum</em></span> <span class='ocrx_word' id='word_1_562' title='bbox 1445 5205 1485 5275; x_wconf 90' lang='lat' dir='ltr'><em>in</em></span> <span class='ocrx_word' id='word_1_563' title='bbox 1503 5203 1694 5294; x_wconf 78' lang='lat' dir='ltr'><em>satcrariurn</em></span> <span class='ocrx_word' id='word_1_564' title='bbox 1716 5227 1725 5270; x_wconf 84' lang='lat' dir='ltr'><em>s</em></span> <span class='ocrx_word' id='word_1_565' title='bbox 1751 5210 1797 5280; x_wconf 92' lang='grc' dir='ltr'><em>Θ</em></span> <span class='ocrx_word' id='word_1_566' title='bbox 1825 5199 1941 5291; x_wconf 85' lang='lat' dir='ltr'><em>clausis</em></span> <span class='ocrx_word' id='word_1_567' title='bbox 1970 5217 2021 5275; x_wconf 74' lang='lat' dir='ltr'><em>tou</em></span> 
     </span>
    </p>

    <p class='ocr_par' dir='ltr' id='par_1_18' title="bbox 139 5296 1939 5398">
     <span class='ocr_line' id='line_1_47' title="bbox 139 5296 1939 5398; baseline -0.002 -23"><span class='ocrx_word' id='word_1_568' title='bbox 139 5328 149 5339; x_wconf 84' lang='lat'>·</span> <span class='ocrx_word' id='word_1_569' title='bbox 289 5304 413 5377; x_wconf 80' lang='lat' dir='ltr'><em>riculae</em></span> <span class='ocrx_word' id='word_1_570' title='bbox 439 5322 506 5397; x_wconf 87' lang='lat' dir='ltr'><em>que</em></span> <span class='ocrx_word' id='word_1_571' title='bbox 522 5296 605 5384; x_wconf 85' lang='lat' dir='ltr'><em>sum</em></span> <span class='ocrx_word' id='word_1_572' title='bbox 632 5305 667 5373; x_wconf 90' lang='lat' dir='ltr'><em>in</em></span> <span class='ocrx_word' id='word_1_573' title='bbox 680 5316 802 5396; x_wconf 86' lang='lat' dir='ltr'><em>patena</em></span> <span class='ocrx_word' id='word_1_574' title='bbox 821 5321 886 5398; x_wconf 89' lang='lat' dir='ltr'><em>per</em></span> <span class='ocrx_word' id='word_1_575' title='bbox 910 5308 1085 5376; x_wconf 83' lang='lat' dir='ltr'><em>ordinem·</em></span> <span class='ocrx_word' id='word_1_576' title='bbox 1137 5299 1224 5384; x_wconf 82' lang='lat' dir='ltr'><em>osiiis</em></span> <span class='ocrx_word' id='word_1_577' title='bbox 1250 5300 1311 5375; x_wconf 83' lang='lat' dir='ltr'><em>vel</em></span> <span class='ocrx_word' id='word_1_578' title='bbox 1333 5300 1487 5390; x_wconf 81' lang='lat' dir='ltr'><em>sencslris</em></span> <span class='ocrx_word' id='word_1_579' title='bbox 1515 5327 1554 5374; x_wconf 91' lang='lat' dir='ltr'><em>ac</em></span> <span class='ocrx_word' id='word_1_580' title='bbox 1580 5297 1669 5372; x_wconf 84' lang='lat' dir='ltr'><em>velis</em></span> <span class='ocrx_word' id='word_1_581' title='bbox 1693 5329 1704 5367; x_wconf 86' lang='lat'><em>.-</em></span> <span class='ocrx_word' id='word_1_582' title='bbox 1730 5317 1768 5371; x_wconf 91' lang='lat' dir='ltr'><em>ut</em></span> <span class='ocrx_word' id='word_1_583' title='bbox 1792 5324 1848 5375; x_wconf 82' lang='lat' dir='ltr'><em>nec</em></span> <span class='ocrx_word' id='word_1_584' title='bbox 1868 5324 1939 5372; x_wconf 90' lang='lat' dir='ltr'><em>mo·</em></span> 
     </span>
    </p>

    <p class='ocr_par' dir='ltr' id='par_1_19' title="bbox 285 5398 1940 5494">
     <span class='ocr_line' id='line_1_48' title="bbox 285 5398 1940 5494; baseline -0.004 -20"><span class='ocrx_word' id='word_1_585' title='bbox 285 5413 333 5474; x_wconf 77' lang='lat' dir='ltr'><em>Et</em></span> <span class='ocrx_word' id='word_1_586' title='bbox 367 5400 488 5472; x_wconf 84' lang='lat' dir='ltr'><em>deinde</em></span> <span class='ocrx_word' id='word_1_587' title='bbox 517 5398 660 5489; x_wconf 85' lang='lat' dir='ltr'><em>accipiat</em></span> <span class='ocrx_word' id='word_1_588' title='bbox 693 5413 850 5492; x_wconf 81' lang='lat' dir='ltr'><em>patenam</em></span> <span class='ocrx_word' id='word_1_589' title='bbox 884 5405 929 5474; x_wconf 98' lang='grc' dir='ltr'><em>Θ</em></span> <span class='ocrx_word' id='word_1_590' title='bbox 954 5398 1089 5473; x_wconf 84' lang='lat' dir='ltr'><em>mundet</em></span> <span class='ocrx_word' id='word_1_591' title='bbox 1136 5401 1248 5471; x_wconf 89' lang='lat' dir='ltr'><em>dicum</em></span> <span class='ocrx_word' id='word_1_592' title='bbox 1278 5402 1413 5494; x_wconf 89' lang='lat' dir='ltr'><em>quidam</em></span> <span class='ocrx_word' id='word_1_593' title='bbox 1439 5403 1550 5473; x_wconf 89' lang='lat' dir='ltr'><em>lumen</em></span> <span class='ocrx_word' id='word_1_594' title='bbox 1582 5428 1603 5471; x_wconf 88' lang='lat' dir='ltr'><em>a</em></span> <span class='ocrx_word' id='word_1_595' title='bbox 1625 5398 1715 5486; x_wconf 82' lang='lat' dir='ltr'><em>soris</em></span> <span class='ocrx_word' id='word_1_596' title='bbox 1740 5403 1940 5471; x_wconf 84' lang='lat' dir='ltr'><em>videatur.</em></span> 
     </span>
    </p>

    <p class='ocr_par' dir='ltr' id='par_1_20' title="bbox 148 5490 1939 5594">
     <span class='ocr_line' id='line_1_49' title="bbox 148 5490 1939 5594; baseline -0.002 -23"><span class='ocrx_word' id='word_1_597' title='bbox 148 5490 154 5501; x_wconf 73' lang='grc'>’</span> <span class='ocrx_word' id='word_1_598' title='bbox 289 5519 362 5572; x_wconf 86' lang='lat' dir='ltr'><em>eam</em></span> <span class='ocrx_word' id='word_1_599' title='bbox 383 5499 485 5591; x_wconf 90' lang='lat' dir='ltr'><em>super</em></span> <span class='ocrx_word' id='word_1_600' title='bbox 499 5494 636 5567; x_wconf 90' lang='lat' dir='ltr'><em>calicem</em></span> <span class='ocrx_word' id='word_1_601' title='bbox 651 5493 858 5591; x_wconf 85' lang='lat' dir='ltr'><em>cumpo&#39;lliec</em></span> <span class='ocrx_word' id='word_1_602' title='bbox 886 5521 896 5565; x_wconf 78' lang='lat' dir='ltr'><em>s</em></span> <span class='ocrx_word' id='word_1_603' title='bbox 921 5504 966 5575; x_wconf 71' lang='lat' dir='ltr'><em>(r</em></span> <span class='ocrx_word' id='word_1_604' title='bbox 994 5517 1087 5567; x_wconf 87' lang='lat' dir='ltr'><em>mun·</em></span> <span class='ocrx_word' id='word_1_605' title='bbox 1137 5497 1285 5592; x_wconf 70' lang='lat' dir='ltr'><em>officeret</em></span> <span class='ocrx_word' id='word_1_606' title='bbox 1314 5519 1396 5570; x_wconf 85' lang='lat' dir='ltr'><em>oero</em></span> <span class='ocrx_word' id='word_1_607' title='bbox 1426 5496 1580 5594; x_wconf 76' lang='lat' dir='ltr'><em>Episcopo</em></span> <span class='ocrx_word' id='word_1_608' title='bbox 1600 5511 1701 5589; x_wconf 83' lang='lat' dir='ltr'><em>perra</em></span> <span class='ocrx_word' id='word_1_609' title='bbox 1724 5502 1768 5571; x_wconf 83' lang='grc' dir='ltr'><em>Θ</em></span> <span class='ocrx_word' id='word_1_610' title='bbox 1798 5498 1870 5586; x_wconf 89' lang='lat' dir='ltr'><em>esca</em></span> <span class='ocrx_word' id='word_1_611' title='bbox 1895 5502 1939 5573; x_wconf 89' lang='grc' dir='ltr'><em>Θ</em></span> 
     </span>
    </p>

    <p class='ocr_par' dir='ltr' id='par_1_21' title="bbox 209 5588 1938 5713">
     <span class='ocr_line' id='line_1_50' title="bbox 209 5588 1938 5713; baseline -0.002 -43"><span class='ocrx_word' id='word_1_612' title='bbox 209 5633 257 5713; x_wconf 80' lang='lat'><em>5⁰</em></span> <span class='ocrx_word' id='word_1_613' title='bbox 288 5600 403 5671; x_wconf 88' lang='lat' dir='ltr'><em>datam</em></span> <span class='ocrx_word' id='word_1_614' title='bbox 418 5609 523 5690; x_wconf 84' lang='lat' dir='ltr'><em>ponat</em></span> <span class='ocrx_word' id='word_1_615' title='bbox 547 5614 620 5665; x_wconf 87' lang='lat' dir='ltr'><em>tam</em></span> <span class='ocrx_word' id='word_1_616' title='bbox 640 5590 707 5681; x_wconf 86' lang='lat' dir='ltr'><em>sub</em></span> <span class='ocrx_word' id='word_1_617' title='bbox 732 5611 840 5666; x_wconf 88' lang='lat' dir='ltr'><em>mento</em></span> <span class='ocrx_word' id='word_1_618' title='bbox 873 5620 884 5662; x_wconf 80' lang='lat' dir='ltr'><em>t</em></span> <span class='ocrx_word' id='word_1_619' title='bbox 917 5603 963 5674; x_wconf 71' lang='grc' dir='ltr'><em>Θ</em></span> <span class='ocrx_word' id='word_1_620' title='bbox 982 5588 1086 5690; x_wconf 83' lang='lat' dir='ltr'><em>posca</em></span> <span class='ocrx_word' id='word_1_621' title='bbox 1137 5589 1354 5684; x_wconf 80' lang='lat' dir='ltr'><em>excussorium</em></span> <span class='ocrx_word' id='word_1_622' title='bbox 1382 5597 1468 5691; x_wconf 84' lang='lat' dir='ltr'><em>ignis</em></span> <span class='ocrx_word' id='word_1_623' title='bbox 1495 5623 1505 5663; x_wconf 77' lang='lat' dir='ltr'><em>e</em></span> <span class='ocrx_word' id='word_1_624' title='bbox 1535 5602 1580 5672; x_wconf 70' lang='grc' dir='ltr'><em>Θ</em></span> <span class='ocrx_word' id='word_1_625' title='bbox 1605 5615 1679 5666; x_wconf 89' lang='lat' dir='ltr'><em>cum</em></span> <span class='ocrx_word' id='word_1_626' title='bbox 1693 5614 1771 5666; x_wconf 83' lang='lat' dir='ltr'><em>nox</em></span> <span class='ocrx_word' id='word_1_627' title='bbox 1785 5597 1853 5689; x_wconf 85' lang='lat' dir='ltr'><em>ipse</em></span> <span class='ocrx_word' id='word_1_628' title='bbox 1867 5618 1938 5667; x_wconf 85' lang='lat' dir='ltr'><em>rna-</em></span> 
     </span>
    </p>

    <p class='ocr_par' dir='ltr' id='par_1_22' title="bbox 177 5688 2021 6161">
     <span class='ocr_line' id='line_1_51' title="bbox 177 5688 2021 5790; baseline 0 -23"><span class='ocrx_word' id='word_1_629' title='bbox 177 5767 181 5774; x_wconf 71' lang='grc'>,</span> <span class='ocrx_word' id='word_1_630' title='bbox 282 5695 399 5788; x_wconf 85' lang='lat' dir='ltr'><em>sumat</em></span> <span class='ocrx_word' id='word_1_631' title='bbox 421 5698 539 5766; x_wconf 80' lang='lat' dir='ltr'><em>uinum</em></span> <span class='ocrx_word' id='word_1_632' title='bbox 564 5693 605 5761; x_wconf 90' lang='lat' dir='ltr'><em>de</em></span> <span class='ocrx_word' id='word_1_633' title='bbox 634 5689 737 5764; x_wconf 86' lang='lat' dir='ltr'><em>calice</em></span> <span class='ocrx_word' id='word_1_634' title='bbox 767 5715 842 5765; x_wconf 91' lang='lat' dir='ltr'><em>cum</em></span> <span class='ocrx_word' id='word_1_635' title='bbox 861 5695 1087 5790; x_wconf 88' lang='lat' dir='ltr'><em>suaparticu·</em></span> <span class='ocrx_word' id='word_1_636' title='bbox 1136 5716 1180 5765; x_wconf 88' lang='lat' dir='ltr'><em>nu</em></span> <span class='ocrx_word' id='word_1_637' title='bbox 1203 5695 1268 5780; x_wconf 91' lang='lat' dir='ltr'><em>sua</em></span> <span class='ocrx_word' id='word_1_638' title='bbox 1295 5694 1403 5787; x_wconf 85' lang='lat' dir='ltr'><em>ignem</em></span> <span class='ocrx_word' id='word_1_639' title='bbox 1412 5688 1591 5785; x_wconf 75' lang='lat' dir='ltr'><em>successerit</em></span> <span class='ocrx_word' id='word_1_640' title='bbox 1615 5715 1625 5759; x_wconf 86' lang='lat' dir='ltr'><em>t</em></span> <span class='ocrx_word' id='word_1_641' title='bbox 1651 5696 1840 5764; x_wconf 84' lang='lat' dir='ltr'><em>accenditur</em></span> <span class='ocrx_word' id='word_1_642' title='bbox 1847 5689 1937 5789; x_wconf 80' lang='lat' dir='ltr'><em>sup-</em></span> <span class='ocrx_word' id='word_1_643' title='bbox 1970 5708 2021 5782; x_wconf 82' lang='lat'><em>105</em></span> 
     </span>
     <span class='ocr_line' id='line_1_52' title="bbox 288 5790 1939 5888; baseline 0.001 -30"><span class='ocrx_word' id='word_1_644' title='bbox 288 5795 325 5868; x_wconf 78' lang='lat' dir='ltr'><em>le</em></span> <span class='ocrx_word' id='word_1_645' title='bbox 351 5818 361 5858; x_wconf 77' lang='lat' dir='ltr'><em>a</em></span> <span class='ocrx_word' id='word_1_646' title='bbox 388 5812 451 5887; x_wconf 89' lang='lat' dir='ltr'><em>que</em></span> <span class='ocrx_word' id='word_1_647' title='bbox 471 5790 650 5879; x_wconf 73' lang='lat' dir='ltr'><em>secundum</em></span> <span class='ocrx_word' id='word_1_648' title='bbox 678 5790 834 5885; x_wconf 86' lang='lat' dir='ltr'><em>quosdam</em></span> <span class='ocrx_word' id='word_1_649' title='bbox 855 5793 1020 5880; x_wconf 64' lang='lat' dir='ltr'><em>conserat</em></span> <span class='ocrx_word' id='word_1_650' title='bbox 1031 5791 1086 5860; x_wconf 85' lang='lat' dir='ltr'><em>vi·</em></span> <span class='ocrx_word' id='word_1_651' title='bbox 1134 5796 1237 5888; x_wconf 79' lang='lat' dir='ltr'><em>pac‘r</em></span> <span class='ocrx_word' id='word_1_652' title='bbox 1253 5792 1327 5860; x_wconf 88' lang='lat' dir='ltr'><em>inde</em></span> <span class='ocrx_word' id='word_1_653' title='bbox 1344 5791 1560 5867; x_wconf 67' lang='lat' dir='ltr'><em>candelae&amp;</em></span> <span class='ocrx_word' id='word_1_654' title='bbox 1576 5792 1813 5864; x_wconf 79' lang='lat' dir='ltr'><em>excelsarum</em></span> <span class='ocrx_word' id='word_1_655' title='bbox 1831 5790 1939 5864; x_wconf 81' lang='lat' dir='ltr'><em>isacar·</em></span> 
     </span>
     <span class='ocr_line' id='line_1_53' title="bbox 286 5884 1942 5985; baseline -0.004 -19"><span class='ocrx_word' id='word_1_656' title='bbox 286 5896 425 5966; x_wconf 85' lang='lat' dir='ltr'><em>num-in</em></span> <span class='ocrx_word' id='word_1_657' title='bbox 450 5888 552 5960; x_wconf 89' lang='lat' dir='ltr'><em>calice</em></span> <span class='ocrx_word' id='word_1_658' title='bbox 580 5911 590 5954; x_wconf 82' lang='lat' dir='ltr'><em>c</em></span> <span class='ocrx_word' id='word_1_659' title='bbox 621 5890 844 5965; x_wconf 86' lang='lat' dir='ltr'><em>communione</em></span> <span class='ocrx_word' id='word_1_660' title='bbox 862 5889 957 5979; x_wconf 70' lang='lat' dir='ltr'><em>salia</em></span> <span class='ocrx_word' id='word_1_661' title='bbox 990 5887 1085 5961; x_wconf 83' lang='lat' dir='ltr'><em>lauet</em></span> <span class='ocrx_word' id='word_1_662' title='bbox 1133 5912 1176 5959; x_wconf 89' lang='lat' dir='ltr'><em>na</em></span> <span class='ocrx_word' id='word_1_663' title='bbox 1204 5904 1333 5961; x_wconf 86' lang='lat' dir='ltr'><em>canente</em></span> <span class='ocrx_word' id='word_1_664' title='bbox 1350 5911 1422 5959; x_wconf 88' lang='lat' dir='ltr'><em>eam</em></span> <span class='ocrx_word' id='word_1_665' title='bbox 1437 5891 1602 5962; x_wconf 67' lang='lat' dir='ltr'><em>diachono</em></span> <span class='ocrx_word' id='word_1_666' title='bbox 1629 5896 1688 5984; x_wconf 84' lang='lat' dir='ltr'><em>qui</em></span> <span class='ocrx_word' id='word_1_667' title='bbox 1708 5884 1780 5985; x_wconf 83' lang='lat' dir='ltr'><em>poll</em></span> <span class='ocrx_word' id='word_1_668' title='bbox 1808 5911 1880 5960; x_wconf 88' lang='lat' dir='ltr'><em>tam</em></span> <span class='ocrx_word' id='word_1_669' title='bbox 1908 5892 1942 5960; x_wconf 84' lang='lat' dir='ltr'><em>in</em></span> 
     </span>
     <span class='ocr_line' id='line_1_54' title="bbox 288 5983 1946 6086; baseline -0.007 -15"><span class='ocrx_word' id='word_1_670' title='bbox 288 6012 404 6071; x_wconf 81' lang='lat' dir='ltr'><em>manus</em></span> <span class='ocrx_word' id='word_1_671' title='bbox 429 6007 471 6064; x_wconf 87' lang='lat' dir='ltr'><em>uc</em></span> <span class='ocrx_word' id='word_1_672' title='bbox 497 5983 599 6062; x_wconf 86' lang='lat' dir='ltr'><em>moris</em></span> <span class='ocrx_word' id='word_1_673' title='bbox 622 5983 666 6086; x_wconf 78' lang='lat' dir='ltr'><em>tsi</em></span> <span class='ocrx_word' id='word_1_674' title='bbox 690 5990 856 6066; x_wconf 79' lang='lat' dir='ltr'><em>dicendo.</em></span> <span class='ocrx_word' id='word_1_675' title='bbox 888 5989 994 6082; x_wconf 81' lang='lat' dir='ltr'><em>Qud</em></span> <span class='ocrx_word' id='word_1_676' title='bbox 1019 6012 1084 6070; x_wconf 82' lang='lat' dir='ltr'><em>ore</em></span> <span class='ocrx_word' id='word_1_677' title='bbox 1133 5984 1233 6068; x_wconf 86' lang='lat' dir='ltr'><em>clsora</em></span> <span class='ocrx_word' id='word_1_678' title='bbox 1256 5983 1488 6066; x_wconf 69' lang='lat' dir='ltr'><em>benedicimus</em></span> <span class='ocrx_word' id='word_1_679' title='bbox 1513 5984 1597 6076; x_wconf 74' lang='lat' dir='ltr'><em>ese</em></span> <span class='ocrx_word' id='word_1_680' title='bbox 1625 5994 1669 6067; x_wconf 78' lang='grc' dir='ltr'><em>Θ</em></span> <span class='ocrx_word' id='word_1_681' title='bbox 1697 5983 1791 6060; x_wconf 84' lang='lat' dir='ltr'><em>nullo</em></span> <span class='ocrx_word' id='word_1_682' title='bbox 1810 5987 1946 6077; x_wconf 83' lang='lat' dir='ltr'><em>suoca-</em></span> 
     </span>
     <span class='ocr_line' id='line_1_55' title="bbox 279 6107 1950 6161; baseline -0.004 4"><span class='ocrx_word' id='word_1_683' title='bbox 279 6142 291 6153; x_wconf 79' lang='lat'><em>-.</em></span> <span class='ocrx_word' id='word_1_684' title='bbox 1473 6108 1477 6116; x_wconf 85' lang='lat'>·</span> <span class='ocrx_word' id='word_1_685' title='bbox 1895 6107 1950 6161; x_wconf 82' lang='lat' dir='ltr'><em>rto</em></span> 
     </span>
    </p>
   </div>
   <div class='ocr_carea' id='block_1_2' title="bbox 0 0 2230 7208">
    <p class='ocr_par' dir='ltr' id='par_1_23' title="bbox 0 0 2230 7208">
     <span class='ocr_line' id='line_1_56' title="bbox 0 0 2230 7208; baseline 0 0"><span class='ocrx_word' id='word_1_686' title='bbox 0 0 2230 7208; x_wconf 95' lang='lat' dir='ltr'><em> </em></span> 
     </span>
    </p>
   </div>
  </div>
 </body>
</html>
