<?xml version="1.0" encoding="UTF-8"?>
<!DOCTYPE html PUBLIC "-//W3C//DTD XHTML 1.0 Transitional//EN"
    "http://www.w3.org/TR/xhtml1/DTD/xhtml1-transitional.dtd">
<html xmlns="http://www.w3.org/1999/xhtml" xml:lang="en" lang="en">
 <head>
  <title>
</title>
<meta http-equiv="Content-Type" content="text/html;charset=utf-8" />
  <meta name='ocr-system' content='tesseract 3.04.00' />
  <meta name='ocr-capabilities' content='ocr_page ocr_carea ocr_par ocr_line ocrx_word'/>
</head>
<body>
  <div class='ocr_page' id='page_1' title='image "./missalemixtumse00leslgoog_0036.png"; bbox 0 0 4450 7209; ppageno 0'>
   <div class='ocr_carea' id='block_1_1' title="bbox 381 746 2141 3968">
    <p class='ocr_par' dir='ltr' id='par_1_1' title="bbox 381 746 2141 3968">
     <span class='ocr_line' id='line_1_1' title="bbox 470 746 1661 853; baseline -0.012 0"><span class='ocrx_word' id='word_1_1' title='bbox 470 787 521 853; x_wconf 49' lang='lat' dir='ltr'><strong>r*</strong></span> <span class='ocrx_word' id='word_1_2' title='bbox 911 757 944 844; x_wconf 73' lang='lat'><strong>1²</strong></span> <span class='ocrx_word' id='word_1_3' title='bbox 1001 750 1093 844; x_wconf 36' lang='lat' dir='ltr'><strong>R*</strong></span> <span class='ocrx_word' id='word_1_4' title='bbox 1204 757 1245 842; x_wconf 80' lang='lat' dir='ltr'>F</span> <span class='ocrx_word' id='word_1_5' title='bbox 1299 746 1344 844; x_wconf 79' lang='lat' dir='ltr'><strong>sl</strong></span> <span class='ocrx_word' id='word_1_6' title='bbox 1397 755 1447 840; x_wconf 78' lang='grc' dir='ltr'>Τ</span> <span class='ocrx_word' id='word_1_7' title='bbox 1504 755 1529 842; x_wconf 83' lang='grc' dir='ltr'>Ι</span> <span class='ocrx_word' id='word_1_8' title='bbox 1587 755 1661 843; x_wconf 87' lang='lat'><strong>0.</strong></span> 
     </span>
     <span class='ocr_line' id='line_1_2' title="bbox 381 757 2119 1005; baseline -0.004 -35"><span class='ocrx_word' id='word_1_9' title='bbox 381 912 436 1005; x_wconf 77' lang='lat'><strong>53</strong></span> <span class='ocrx_word' id='word_1_10' title='bbox 450 877 752 999; x_wconf 73' lang='lat' dir='ltr'><strong>aconceptionis</strong></span> <span class='ocrx_word' id='word_1_11' title='bbox 785 881 834 965; x_wconf 88' lang='grc' dir='ltr'><strong>Β.</strong></span> <span class='ocrx_word' id='word_1_12' title='bbox 861 872 1067 990; x_wconf 80' lang='lat' dir='ltr'><strong>Virginis,</strong></span> <span class='ocrx_word' id='word_1_13' title='bbox 1083 757 1223 962; x_wconf 49' lang='lat' dir='ltr'><strong>sikiulo</strong></span> <span class='ocrx_word' id='word_1_14' title='bbox 1245 900 1380 985; x_wconf 90' lang='lat' dir='ltr'><strong>nono,</strong></span> <span class='ocrx_word' id='word_1_15' title='bbox 1402 872 1577 989; x_wconf 81' lang='lat' dir='ltr'>Neapoli</span> <span class='ocrx_word' id='word_1_16' title='bbox 1591 865 1895 983; x_wconf 76' lang='lat' dir='ltr'>celebrabatur,</span> <span class='ocrx_word' id='word_1_17' title='bbox 1912 892 1959 959; x_wconf 91' lang='lat' dir='ltr'><strong>ut</strong></span> <span class='ocrx_word' id='word_1_18' title='bbox 1978 867 2119 967; x_wconf 78' lang='lat' dir='ltr'><strong>lident‘</strong></span> 
     </span>
     <span class='ocr_line' id='line_1_3' title="bbox 395 991 2110 1112; baseline -0.006 -22"><span class='ocrx_word' id='word_1_19' title='bbox 395 1085 397 1090; x_wconf 79' lang='grc'>,</span> <span class='ocrx_word' id='word_1_20' title='bbox 454 1005 563 1112; x_wconf 81' lang='lat' dir='ltr'><strong>sarit</strong></span> <span class='ocrx_word' id='word_1_21' title='bbox 579 996 865 1090; x_wconf 73' lang='lat' dir='ltr'><strong>calendarium</strong></span> <span class='ocrx_word' id='word_1_22' title='bbox 888 1022 1163 1082; x_wconf 87' lang='lat' dir='ltr'><strong>marmoreum</strong></span> <span class='ocrx_word' id='word_1_23' title='bbox 1180 994 1535 1112; x_wconf 81' lang='lat' dir='ltr'><strong>Neapolitanum,</strong></span> <span class='ocrx_word' id='word_1_24' title='bbox 1560 993 1639 1080; x_wconf 88' lang='lat' dir='ltr'><strong>hoc</strong></span> <span class='ocrx_word' id='word_1_25' title='bbox 1668 1016 1887 1108; x_wconf 88' lang='lat' dir='ltr'><strong>tempore,</strong></span> <span class='ocrx_word' id='word_1_26' title='bbox 1909 991 2110 1107; x_wconf 76' lang='lat' dir='ltr'><strong>quemad-2</strong></span> 
     </span>
     <span class='ocr_line' id='line_1_4' title="bbox 472 1112 2102 1232; baseline -0.006 -21"><span class='ocrx_word' id='word_1_27' title='bbox 472 1123 644 1211; x_wconf 86' lang='lat' dir='ltr'><strong>modum</strong></span> <span class='ocrx_word' id='word_1_28' title='bbox 674 1114 823 1206; x_wconf 87' lang='lat' dir='ltr'><strong>eruditi</strong></span> <span class='ocrx_word' id='word_1_29' title='bbox 850 1114 1071 1229; x_wconf 78' lang='lat' dir='ltr'>opinantur</span> <span class='ocrx_word' id='word_1_30' title='bbox 1095 1177 1114 1227; x_wconf 87' lang='lat'><strong>,</strong></span> <span class='ocrx_word' id='word_1_31' title='bbox 1141 1113 1338 1232; x_wconf 84' lang='lat' dir='ltr'><strong>scalptum</strong></span> <span class='ocrx_word' id='word_1_32' title='bbox 1368 1174 1383 1201; x_wconf 87' lang='lat'><strong>.</strong></span> <span class='ocrx_word' id='word_1_33' title='bbox 1411 1120 1464 1202; x_wconf 92' lang='lat' dir='ltr'><strong>In</strong></span> <span class='ocrx_word' id='word_1_34' title='bbox 1493 1140 1542 1198; x_wconf 87' lang='lat' dir='ltr'><strong>eo</strong></span> <span class='ocrx_word' id='word_1_35' title='bbox 1571 1113 1682 1201; x_wconf 89' lang='lat' dir='ltr'><strong>enim</strong></span> <span class='ocrx_word' id='word_1_36' title='bbox 1712 1115 1844 1228; x_wconf 90' lang='lat' dir='ltr'><strong>legere</strong></span> <span class='ocrx_word' id='word_1_37' title='bbox 1875 1112 1932 1197; x_wconf 89' lang='lat' dir='ltr'><strong>est</strong></span> <span class='ocrx_word' id='word_1_38' title='bbox 1969 1139 2102 1201; x_wconf 81' lang='lat' dir='ltr'><strong>virt.</strong></span> 
     </span>
     <span class='ocr_line' id='line_1_5' title="bbox 445 1230 2107 1329; baseline -0.004 -1"><span class='ocrx_word' id='word_1_39' title='bbox 445 1264 782 1329; x_wconf 71' lang='lat' dir='ltr'><strong>&#39;concerno</strong></span> <span class='ocrx_word' id='word_1_40' title='bbox 830 1262 854 1321; x_wconf 82' lang='lat' dir='ltr'><strong>s</strong></span> <span class='ocrx_word' id='word_1_41' title='bbox 898 1262 1003 1319; x_wconf 77' lang='lat' dir='ltr'><strong>nme</strong></span> <span class='ocrx_word' id='word_1_42' title='bbox 1049 1263 1223 1323; x_wconf 76' lang='lat' dir='ltr'><strong>nanta</strong></span> <span class='ocrx_word' id='word_1_43' title='bbox 1269 1262 1376 1321; x_wconf 78' lang='lat' dir='ltr'><strong>vin.</strong></span> <span class='ocrx_word' id='word_1_44' title='bbox 1421 1230 1491 1323; x_wconf 83' lang='lat' dir='ltr'><strong>die</strong></span> <span class='ocrx_word' id='word_1_45' title='bbox 1533 1230 1680 1322; x_wconf 78' lang='lat' dir='ltr'><strong>oslava</strong></span> <span class='ocrx_word' id='word_1_46' title='bbox 1717 1232 1954 1320; x_wconf 82' lang='lat' dir='ltr'>Decembris</span> <span class='ocrx_word' id='word_1_47' title='bbox 1991 1239 2107 1321; x_wconf 85' lang='lat' dir='ltr'><strong>Coa·-</strong></span> 
     </span>
     <span class='ocr_line' id='line_1_6' title="bbox 469 1349 2103 1474; baseline -0.008 -25"><span class='ocrx_word' id='word_1_48' title='bbox 469 1357 604 1474; x_wconf 82' lang='lat' dir='ltr'><strong>ceptr&#39;o</strong></span> <span class='ocrx_word' id='word_1_49' title='bbox 633 1353 791 1462; x_wconf 75' lang='lat' dir='ltr'><strong>Sanslae</strong></span> <span class='ocrx_word' id='word_1_50' title='bbox 815 1359 949 1442; x_wconf 76' lang='lat' dir='ltr'><strong>Anne</strong></span> <span class='ocrx_word' id='word_1_51' title='bbox 974 1351 1130 1442; x_wconf 68' lang='lat' dir='ltr'><strong>Mariae</strong></span> <span class='ocrx_word' id='word_1_52' title='bbox 1156 1349 1343 1470; x_wconf 73' lang='lat' dir='ltr'><strong>Virginis</strong></span> <span class='ocrx_word' id='word_1_53' title='bbox 1368 1385 1382 1440; x_wconf 76' lang='lat' dir='ltr'><strong>t</strong></span> <span class='ocrx_word' id='word_1_54' title='bbox 1413 1356 1675 1442; x_wconf 84' lang='lat' dir='ltr'><strong>nihilominus</strong></span> <span class='ocrx_word' id='word_1_55' title='bbox 1706 1351 1833 1439; x_wconf 85' lang='lat' dir='ltr'><strong>Missa</strong></span> <span class='ocrx_word' id='word_1_56' title='bbox 1861 1351 2103 1469; x_wconf 84' lang='lat' dir='ltr'><strong>conceptio·</strong></span> 
     </span>
     <span class='ocr_line' id='line_1_7' title="bbox 468 1472 2102 1588; baseline -0.005 -22"><span class='ocrx_word' id='word_1_57' title='bbox 468 1481 530 1566; x_wconf 88' lang='lat' dir='ltr'><strong>nis</strong></span> <span class='ocrx_word' id='word_1_58' title='bbox 564 1487 613 1568; x_wconf 81' lang='grc' dir='ltr'><strong>Β.</strong></span> <span class='ocrx_word' id='word_1_59' title='bbox 634 1472 868 1588; x_wconf 75' lang='lat' dir='ltr'><strong>Virginis,</strong></span> <span class='ocrx_word' id='word_1_60' title='bbox 903 1500 1031 1584; x_wconf 88' lang='lat' dir='ltr'><strong>quam</strong></span> <span class='ocrx_word' id='word_1_61' title='bbox 1072 1474 1113 1560; x_wconf 92' lang='lat' dir='ltr'><strong>in</strong></span> <span class='ocrx_word' id='word_1_62' title='bbox 1144 1475 1300 1564; x_wconf 88' lang='lat' dir='ltr'><strong>Missali</strong></span> <span class='ocrx_word' id='word_1_63' title='bbox 1330 1474 1510 1562; x_wconf 90' lang='lat' dir='ltr'><strong>Ximenii</strong></span> <span class='ocrx_word' id='word_1_64' title='bbox 1552 1475 1747 1560; x_wconf 87' lang='lat' dir='ltr'><strong>habemus</strong></span> <span class='ocrx_word' id='word_1_65' title='bbox 1773 1534 1792 1582; x_wconf 67' lang='lat'><strong>,‚</strong></span> <span class='ocrx_word' id='word_1_66' title='bbox 1827 1478 2102 1559; x_wconf 84' lang='lat' dir='ltr'><strong>recentiorum</strong></span> 
     </span>
     <span class='ocr_line' id='line_1_8' title="bbox 468 1585 2113 1715; baseline -0.002 -35"><span class='ocrx_word' id='word_1_67' title='bbox 468 1598 741 1699; x_wconf 82' lang='lat' dir='ltr'><strong>Mozarabum</strong></span> <span class='ocrx_word' id='word_1_68' title='bbox 771 1621 873 1708; x_wconf 87' lang='lat' dir='ltr'><strong>opus</strong></span> <span class='ocrx_word' id='word_1_69' title='bbox 901 1593 958 1679; x_wconf 87' lang='lat' dir='ltr'><strong>est</strong></span> <span class='ocrx_word' id='word_1_70' title='bbox 984 1650 999 1677; x_wconf 86' lang='lat'><strong>.</strong></span> <span class='ocrx_word' id='word_1_71' title='bbox 1028 1585 1222 1715; x_wconf 73' lang='lat' dir='ltr'><strong>Qfficium</strong></span> <span class='ocrx_word' id='word_1_72' title='bbox 1248 1590 1306 1680; x_wconf 89' lang='lat' dir='ltr'><strong>ad</strong></span> <span class='ocrx_word' id='word_1_73' title='bbox 1329 1589 1538 1708; x_wconf 85' lang='lat' dir='ltr'><strong>Miffam,</strong></span> <span class='ocrx_word' id='word_1_74' title='bbox 1568 1600 1607 1682; x_wconf 93' lang='grc'><strong>8(</strong></span> <span class='ocrx_word' id='word_1_75' title='bbox 1635 1586 1855 1707; x_wconf 82' lang='lat' dir='ltr'><strong>psallendo·</strong></span> <span class='ocrx_word' id='word_1_76' title='bbox 1887 1621 1913 1678; x_wconf 95' lang='lat' dir='ltr'><strong>a</strong></span> <span class='ocrx_word' id='word_1_77' title='bbox 1944 1589 2113 1678; x_wconf 88' lang='lat' dir='ltr'><strong>Missali.</strong></span> 
     </span>
     <span class='ocr_line' id='line_1_9' title="bbox 470 1709 2118 1825; baseline -0.011 -19"><span class='ocrx_word' id='word_1_78' title='bbox 470 1720 704 1825; x_wconf 85' lang='lat' dir='ltr'><strong>Romano,</strong></span> <span class='ocrx_word' id='word_1_79' title='bbox 743 1717 961 1803; x_wconf 78' lang='lat' dir='ltr'><strong>Orationes</strong></span> <span class='ocrx_word' id='word_1_80' title='bbox 997 1743 1021 1799; x_wconf 85' lang='lat' dir='ltr'><strong>a</strong></span> <span class='ocrx_word' id='word_1_81' title='bbox 1053 1712 1239 1821; x_wconf 87' lang='lat' dir='ltr'><strong>Missali,</strong></span> <span class='ocrx_word' id='word_1_82' title='bbox 1277 1715 1318 1801; x_wconf 89' lang='grc'><strong>8(</strong></span> <span class='ocrx_word' id='word_1_83' title='bbox 1349 1715 1551 1805; x_wconf 81' lang='lat' dir='ltr'><strong>Breviorio</strong></span> <span class='ocrx_word' id='word_1_84' title='bbox 1582 1712 1853 1803; x_wconf 87' lang='lat' dir='ltr'><strong>Mozarabum</strong></span> <span class='ocrx_word' id='word_1_85' title='bbox 1890 1709 2118 1796; x_wconf 69' lang='lat' dir='ltr'><strong>desumum.</strong></span> 
     </span>
     <span class='ocr_line' id='line_1_10' title="bbox 391 1832 2107 1948; baseline 0.001 -35"><span class='ocrx_word' id='word_1_86' title='bbox 391 1898 396 1913; x_wconf 89' lang='lat'>.</span> <span class='ocrx_word' id='word_1_87' title='bbox 473 1857 574 1920; x_wconf 79' lang='lat' dir='ltr'><strong>tur.</strong></span> <span class='ocrx_word' id='word_1_88' title='bbox 602 1833 728 1921; x_wconf 87' lang='lat' dir='ltr'><strong>Missa</strong></span> <span class='ocrx_word' id='word_1_89' title='bbox 755 1833 1011 1919; x_wconf 82' lang='lat' dir='ltr'><strong>exaltationis</strong></span> <span class='ocrx_word' id='word_1_90' title='bbox 1039 1839 1079 1921; x_wconf 88' lang='lat' dir='ltr'><strong>S.</strong></span> <span class='ocrx_word' id='word_1_91' title='bbox 1104 1834 1275 1941; x_wconf 88' lang='lat' dir='ltr'><strong>Crucis,</strong></span> <span class='ocrx_word' id='word_1_92' title='bbox 1307 1836 1347 1921; x_wconf 98' lang='grc'><strong>8(</strong></span> <span class='ocrx_word' id='word_1_93' title='bbox 1378 1832 1504 1948; x_wconf 82' lang='lat' dir='ltr'>ipsam</span> <span class='ocrx_word' id='word_1_94' title='bbox 1534 1832 1834 1942; x_wconf 84' lang='lat' dir='ltr'><strong>festivitatem,</strong></span> <span class='ocrx_word' id='word_1_95' title='bbox 1862 1833 2107 1917; x_wconf 84' lang='lat' dir='ltr'><strong>Mozarabes</strong></span> 
     </span>
     <span class='ocr_line' id='line_1_11' title="bbox 403 1948 2123 2069; baseline -0.003 -30"><span class='ocrx_word' id='word_1_96' title='bbox 403 1970 412 2025; x_wconf 70' lang='grc' dir='ltr'>ἒ</span> <span class='ocrx_word' id='word_1_97' title='bbox 468 1955 715 2040; x_wconf 76' lang='lat' dir='ltr'><strong>recentiores</strong></span> <span class='ocrx_word' id='word_1_98' title='bbox 741 1953 1008 2065; x_wconf 81' lang='lat' dir='ltr'><strong>adjecerunt.</strong></span> <span class='ocrx_word' id='word_1_99' title='bbox 1035 1952 1343 2067; x_wconf 83' lang='lat' dir='ltr'><strong>Evangelium,</strong></span> <span class='ocrx_word' id='word_1_100' title='bbox 1405 1953 1482 2038; x_wconf 92' lang='lat' dir='ltr'><strong>uod</strong></span> <span class='ocrx_word' id='word_1_101' title='bbox 1513 1953 1556 2038; x_wconf 91' lang='lat' dir='ltr'><strong>in</strong></span> <span class='ocrx_word' id='word_1_102' title='bbox 1586 1951 1710 2038; x_wconf 86' lang='lat' dir='ltr'><strong>Missa</strong></span> <span class='ocrx_word' id='word_1_103' title='bbox 1726 1948 1922 2069; x_wconf 87' lang='lat' dir='ltr'><strong>legitur,</strong></span> <span class='ocrx_word' id='word_1_104' title='bbox 1960 1980 1985 2036; x_wconf 89' lang='lat' dir='ltr'><strong>a</strong></span> <span class='ocrx_word' id='word_1_105' title='bbox 2018 1957 2123 2037; x_wconf 83' lang='lat' dir='ltr'><strong>Do·‘</strong></span> 
     </span>
     <span class='ocr_line' id='line_1_12' title="bbox 469 1981 2141 2188; baseline 0.001 -31"><span class='ocrx_word' id='word_1_106' title='bbox 469 2073 624 2159; x_wconf 77' lang='lat' dir='ltr'><strong>mimica</strong></span> <span class='ocrx_word' id='word_1_107' title='bbox 650 2073 786 2188; x_wconf 85' lang='lat' dir='ltr'><strong>prima</strong></span> <span class='ocrx_word' id='word_1_108' title='bbox 815 2073 900 2188; x_wconf 83' lang='lat' dir='ltr'><strong>posi</strong></span> <span class='ocrx_word' id='word_1_109' title='bbox 931 2071 1222 2181; x_wconf 83' lang='lat' dir='ltr'><strong>Pentecosten,</strong></span> <span class='ocrx_word' id='word_1_110' title='bbox 1253 1981 1512 2187; x_wconf 52' lang='lat' dir='ltr'><strong>sacristiam</strong></span> <span class='ocrx_word' id='word_1_111' title='bbox 1540 2099 1569 2157; x_wconf 88' lang='lat' dir='ltr'><strong>a</strong></span> <span class='ocrx_word' id='word_1_112' title='bbox 1595 2070 1815 2157; x_wconf 90' lang='lat' dir='ltr'><strong>Dominica</strong></span> <span class='ocrx_word' id='word_1_113' title='bbox 1841 2080 1999 2180; x_wconf 82' lang='lat' dir='ltr'><strong>quarta.</strong></span> <span class='ocrx_word' id='word_1_114' title='bbox 2016 2067 2141 2187; x_wconf 75' lang='lat' dir='ltr'><strong>post·</strong></span> 
     </span>
     <span class='ocr_line' id='line_1_13' title="bbox 383 2178 2101 2309; baseline -0.004 -31"><span class='ocrx_word' id='word_1_115' title='bbox 383 2217 446 2309; x_wconf 74' lang='lat'><strong>54</strong></span> <span class='ocrx_word' id='word_1_116' title='bbox 470 2193 662 2302; x_wconf 81' lang='lat' dir='ltr'><strong>Pascha,</strong></span> <span class='ocrx_word' id='word_1_117' title='bbox 695 2194 852 2305; x_wconf 88' lang='lat' dir='ltr'><strong>reliqua</strong></span> <span class='ocrx_word' id='word_1_118' title='bbox 893 2221 917 2277; x_wconf 89' lang='lat' dir='ltr'><strong>a</strong></span> <span class='ocrx_word' id='word_1_119' title='bbox 952 2178 1075 2277; x_wconf 88' lang='lat' dir='ltr'><strong>Missa</strong></span> <span class='ocrx_word' id='word_1_120' title='bbox 1106 2190 1359 2278; x_wconf 88' lang='lat' dir='ltr'><strong>Inventionis</strong></span> <span class='ocrx_word' id='word_1_121' title='bbox 1391 2193 1533 2280; x_wconf 85' lang='lat' dir='ltr'><strong>Crucis</strong></span> <span class='ocrx_word' id='word_1_122' title='bbox 1566 2214 1840 2277; x_wconf 80' lang='lat' dir='ltr'><strong>mutuantur.</strong></span> <span class='ocrx_word' id='word_1_123' title='bbox 1868 2188 2027 2298; x_wconf 87' lang='lat' dir='ltr'><strong>Missa,</strong></span> <span class='ocrx_word' id='word_1_124' title='bbox 2059 2193 2101 2284; x_wconf 78' lang='grc'><strong>8(</strong></span> 
     </span>
     <span class='ocr_line' id='line_1_14' title="bbox 464 2306 2103 2424; baseline -0.004 -23"><span class='ocrx_word' id='word_1_125' title='bbox 464 2311 681 2401; x_wconf 78' lang='lat' dir='ltr'><strong>Festitritas</strong></span> <span class='ocrx_word' id='word_1_126' title='bbox 701 2312 955 2398; x_wconf 79' lang='lat' dir='ltr'><strong>Inventionis</strong></span> <span class='ocrx_word' id='word_1_127' title='bbox 978 2307 1129 2398; x_wconf 70' lang='lat' dir='ltr'><strong>Santra</strong></span> <span class='ocrx_word' id='word_1_128' title='bbox 1154 2314 1291 2396; x_wconf 86' lang='lat' dir='ltr'><strong>Crucis</strong></span> <span class='ocrx_word' id='word_1_129' title='bbox 1317 2312 1497 2424; x_wconf 77' lang='lat' dir='ltr'><strong>antiquar</strong></span> <span class='ocrx_word' id='word_1_130' title='bbox 1523 2308 1650 2420; x_wconf 88' lang='lat' dir='ltr'><strong>sunt,</strong></span> <span class='ocrx_word' id='word_1_131' title='bbox 1678 2315 1717 2397; x_wconf 93' lang='grc'><strong>8(</strong></span> <span class='ocrx_word' id='word_1_132' title='bbox 1749 2306 2103 2423; x_wconf 61' lang='lat' dir='ltr'><strong>morbo-Hispa·</strong></span> 
     </span>
     <span class='ocr_line' id='line_1_15' title="bbox 469 2427 2106 2540; baseline -0.004 -16"><span class='ocrx_word' id='word_1_133' title='bbox 469 2430 567 2540; x_wconf 77' lang='lat' dir='ltr'><strong>nie,</strong></span> <span class='ocrx_word' id='word_1_134' title='bbox 594 2435 634 2519; x_wconf 92' lang='grc'><strong>8(</strong></span> <span class='ocrx_word' id='word_1_135' title='bbox 665 2431 792 2517; x_wconf 85' lang='lat' dir='ltr'><strong>Gallis</strong></span> <span class='ocrx_word' id='word_1_136' title='bbox 818 2430 1147 2517; x_wconf 86' lang='lat' dir='ltr'><strong>celebrabantur.</strong></span> <span class='ocrx_word' id='word_1_137' title='bbox 1177 2427 1253 2518; x_wconf 89' lang='lat' dir='ltr'><strong>Sed</strong></span> <span class='ocrx_word' id='word_1_138' title='bbox 1285 2434 1523 2520; x_wconf 80' lang='lat' dir='ltr'><strong>recentiores</strong></span> <span class='ocrx_word' id='word_1_139' title='bbox 1548 2432 1788 2517; x_wconf 85' lang='lat' dir='ltr'><strong>Mozarabes</strong></span> <span class='ocrx_word' id='word_1_140' title='bbox 1821 2457 1846 2529; x_wconf 90' lang='lat' dir='ltr'><strong>a</strong></span> <span class='ocrx_word' id='word_1_141' title='bbox 1877 2427 2003 2513; x_wconf 91' lang='lat' dir='ltr'><strong>Missa</strong></span> <span class='ocrx_word' id='word_1_142' title='bbox 2035 2437 2106 2516; x_wconf 88' lang='lat' dir='ltr'><strong>ln·</strong></span> 
     </span>
     <span class='ocr_line' id='line_1_16' title="bbox 472 2542 2111 2664; baseline 0.001 -29"><span class='ocrx_word' id='word_1_143' title='bbox 472 2549 679 2635; x_wconf 85' lang='lat' dir='ltr'><strong>ventionis</strong></span> <span class='ocrx_word' id='word_1_144' title='bbox 705 2551 849 2636; x_wconf 84' lang='lat' dir='ltr'><strong>Crucis</strong></span> <span class='ocrx_word' id='word_1_145' title='bbox 876 2551 1145 2655; x_wconf 83' lang='lat' dir='ltr'><strong>Orationem,</strong></span> <span class='ocrx_word' id='word_1_146' title='bbox 1175 2542 1382 2664; x_wconf 78' lang='lat' dir='ltr'><strong>Miffiam,</strong></span> <span class='ocrx_word' id='word_1_147' title='bbox 1408 2555 1450 2637; x_wconf 91' lang='grc'><strong>8(</strong></span> <span class='ocrx_word' id='word_1_148' title='bbox 1480 2544 1655 2639; x_wconf 85' lang='lat' dir='ltr'><strong>alteram</strong></span> <span class='ocrx_word' id='word_1_149' title='bbox 1672 2543 1910 2636; x_wconf 79' lang='lat' dir='ltr'><strong>Orationem</strong></span> <span class='ocrx_word' id='word_1_150' title='bbox 1939 2547 2111 2662; x_wconf 82' lang='lat' dir='ltr'><strong>abstule·</strong></span> 
     </span>
     <span class='ocr_line' id='line_1_17' title="bbox 471 2665 2107 2780; baseline 0.001 -26"><span class='ocrx_word' id='word_1_151' title='bbox 471 2693 607 2778; x_wconf 76' lang='lat' dir='ltr'><strong>runt,</strong></span> <span class='ocrx_word' id='word_1_152' title='bbox 632 2668 777 2780; x_wconf 83' lang='lat' dir='ltr'><strong>easque</strong></span> <span class='ocrx_word' id='word_1_153' title='bbox 812 2668 944 2756; x_wconf 78' lang='lat' dir='ltr'><strong>Missa</strong></span> <span class='ocrx_word' id='word_1_154' title='bbox 984 2667 1260 2757; x_wconf 85' lang='lat' dir='ltr'><strong>Exalta&#39;tionis</strong></span> <span class='ocrx_word' id='word_1_155' title='bbox 1297 2670 1439 2754; x_wconf 85' lang='lat' dir='ltr'><strong>Crucis</strong></span> <span class='ocrx_word' id='word_1_156' title='bbox 1476 2668 1756 2775; x_wconf 88' lang='lat' dir='ltr'><strong>inseruerunt,</strong></span> <span class='ocrx_word' id='word_1_157' title='bbox 1785 2671 1825 2751; x_wconf 89' lang='grc'><strong>8(</strong></span> <span class='ocrx_word' id='word_1_158' title='bbox 1868 2665 2001 2752; x_wconf 81' lang='lat' dir='ltr'><strong>Missa:</strong></span> <span class='ocrx_word' id='word_1_159' title='bbox 2036 2675 2107 2756; x_wconf 91' lang='lat' dir='ltr'><strong>In·</strong></span> 
     </span>
     <span class='ocr_line' id='line_1_18' title="bbox 472 2781 2106 2901; baseline 0.002 -29"><span class='ocrx_word' id='word_1_160' title='bbox 472 2789 679 2874; x_wconf 80' lang='lat' dir='ltr'><strong>ventionis</strong></span> <span class='ocrx_word' id='word_1_161' title='bbox 703 2787 984 2901; x_wconf 84' lang='lat' dir='ltr'><strong>fragmentum</strong></span> <span class='ocrx_word' id='word_1_162' title='bbox 1013 2785 1186 2901; x_wconf 83' lang='lat' dir='ltr'><strong>epistolae</strong></span> <span class='ocrx_word' id='word_1_163' title='bbox 1213 2784 1433 2872; x_wconf 85' lang='lat' dir='ltr'><strong>undecima</strong></span> <span class='ocrx_word' id='word_1_164' title='bbox 1461 2792 1505 2875; x_wconf 80' lang='lat' dir='ltr'><strong>S.</strong></span> <span class='ocrx_word' id='word_1_165' title='bbox 1530 2787 1686 2873; x_wconf 87' lang='lat' dir='ltr'><strong>Paulini</strong></span> <span class='ocrx_word' id='word_1_166' title='bbox 1717 2786 1866 2872; x_wconf 88' lang='lat' dir='ltr'><strong>Nolani</strong></span> <span class='ocrx_word' id='word_1_167' title='bbox 1896 2781 1954 2870; x_wconf 89' lang='lat' dir='ltr'><strong>ad</strong></span> <span class='ocrx_word' id='word_1_168' title='bbox 1978 2792 2106 2876; x_wconf 78' lang='lat' dir='ltr'><strong>Serre·</strong></span> 
     </span>
     <span class='ocr_line' id='line_1_19' title="bbox 471 2899 2106 3021; baseline -0.001 -29"><span class='ocrx_word' id='word_1_169' title='bbox 471 2915 610 3016; x_wconf 71' lang='lat' dir='ltr'><strong>tumr,</strong></span> <span class='ocrx_word' id='word_1_170' title='bbox 636 2933 713 3021; x_wconf 87' lang='lat' dir='ltr'><strong>pro</strong></span> <span class='ocrx_word' id='word_1_171' title='bbox 741 2907 984 3016; x_wconf 83' lang='lat' dir='ltr'><strong>Oratione,</strong></span> <span class='ocrx_word' id='word_1_172' title='bbox 1015 2899 1141 3019; x_wconf 84' lang='lat' dir='ltr'><strong>Miffa</strong></span> <span class='ocrx_word' id='word_1_173' title='bbox 1168 2966 1184 3010; x_wconf 92' lang='lat'><strong>,</strong></span> <span class='ocrx_word' id='word_1_174' title='bbox 1213 2908 1257 2989; x_wconf 93' lang='grc'><strong>8(</strong></span> <span class='ocrx_word' id='word_1_175' title='bbox 1286 2899 1375 2994; x_wconf 80' lang='lat' dir='ltr'><strong>alia</strong></span> <span class='ocrx_word' id='word_1_176' title='bbox 1409 2900 1606 2993; x_wconf 80' lang='lat' dir='ltr'><strong>Oratione</strong></span> <span class='ocrx_word' id='word_1_177' title='bbox 1636 2907 1899 2998; x_wconf 83' lang='lat' dir='ltr'><strong>intulerunt.</strong></span> <span class='ocrx_word' id='word_1_178' title='bbox 1935 2910 1998 2993; x_wconf 91' lang='lat' dir='ltr'><strong>Ut</strong></span> <span class='ocrx_word' id='word_1_179' title='bbox 2030 2905 2106 3020; x_wconf 88' lang='lat' dir='ltr'><strong>igi·</strong></span> 
     </span>
     <span class='ocr_line' id='line_1_20' title="bbox 472 3022 2108 3141; baseline 0 -33"><span class='ocrx_word' id='word_1_180' title='bbox 472 3046 546 3109; x_wconf 90' lang='lat' dir='ltr'><strong>tur·</strong></span> <span class='ocrx_word' id='word_1_181' title='bbox 591 3026 681 3110; x_wconf 82' lang='lat' dir='ltr'><strong>hac</strong></span> <span class='ocrx_word' id='word_1_182' title='bbox 721 3024 849 3110; x_wconf 87' lang='lat' dir='ltr'><strong>Missa</strong></span> <span class='ocrx_word' id='word_1_183' title='bbox 894 3023 1067 3140; x_wconf 78' lang='lat' dir='ltr'><strong>pristinae</strong></span> <span class='ocrx_word' id='word_1_184' title='bbox 1109 3022 1336 3136; x_wconf 85' lang='lat' dir='ltr'><strong>integritati</strong></span> <span class='ocrx_word' id='word_1_185' title='bbox 1379 3023 1653 3134; x_wconf 84' lang='lat' dir='ltr'><strong>restituatur,</strong></span> <span class='ocrx_word' id='word_1_186' title='bbox 1697 3026 1834 3111; x_wconf 84' lang='lat' dir='ltr'><strong>ablato</strong></span> <span class='ocrx_word' id='word_1_187' title='bbox 1874 3022 1955 3107; x_wconf 90' lang='lat' dir='ltr'><strong>hoc</strong></span> <span class='ocrx_word' id='word_1_188' title='bbox 1998 3024 2108 3141; x_wconf 85' lang='lat' dir='ltr'><strong>stag·</strong></span> 
     </span>
     <span class='ocr_line' id='line_1_21' title="bbox 401 3134 2107 3257; baseline 0.002 -32"><span class='ocrx_word' id='word_1_189' title='bbox 401 3194 422 3251; x_wconf 52' lang='lat' dir='ltr'><strong>a</strong></span> <span class='ocrx_word' id='word_1_190' title='bbox 472 3167 621 3230; x_wconf 86' lang='lat' dir='ltr'><strong>mento</strong></span> <span class='ocrx_word' id='word_1_191' title='bbox 645 3143 924 3249; x_wconf 79' lang='lat' dir='ltr'><strong>Pauliniano,</strong></span> <span class='ocrx_word' id='word_1_192' title='bbox 955 3144 1017 3228; x_wconf 93' lang='lat' dir='ltr'><strong>illi</strong></span> <span class='ocrx_word' id='word_1_193' title='bbox 1043 3139 1225 3226; x_wconf 84' lang='lat' dir='ltr'><strong>redendae</strong></span> <span class='ocrx_word' id='word_1_194' title='bbox 1254 3140 1346 3226; x_wconf 88' lang='lat' dir='ltr'><strong>sunt</strong></span> <span class='ocrx_word' id='word_1_195' title='bbox 1375 3145 1563 3254; x_wconf 85' lang='lat' dir='ltr'><strong>Oratio,</strong></span> <span class='ocrx_word' id='word_1_196' title='bbox 1594 3138 1767 3257; x_wconf 82' lang='lat' dir='ltr'><strong>Missa,</strong></span> <span class='ocrx_word' id='word_1_197' title='bbox 1796 3146 1840 3231; x_wconf 90' lang='grc'><strong>8(</strong></span> <span class='ocrx_word' id='word_1_198' title='bbox 1875 3134 1965 3229; x_wconf 81' lang='lat' dir='ltr'><strong>alia</strong></span> <span class='ocrx_word' id='word_1_199' title='bbox 1997 3149 2107 3232; x_wconf 83' lang='lat' dir='ltr'><strong>Ora·</strong></span> 
     </span>
     <span class='ocr_line' id='line_1_22' title="bbox 385 3257 2103 3376; baseline -0.001 -26"><span class='ocrx_word' id='word_1_200' title='bbox 385 3283 441 3376; x_wconf 76' lang='lat'><strong>55</strong></span> <span class='ocrx_word' id='word_1_201' title='bbox 470 3257 578 3370; x_wconf 79' lang='lat' dir='ltr'><strong>tio,</strong></span> <span class='ocrx_word' id='word_1_202' title='bbox 610 3291 705 3374; x_wconf 84' lang='lat' dir='ltr'><strong>quar</strong></span> <span class='ocrx_word' id='word_1_203' title='bbox 748 3262 793 3346; x_wconf 89' lang='lat' dir='ltr'><strong>in</strong></span> <span class='ocrx_word' id='word_1_204' title='bbox 831 3261 958 3346; x_wconf 87' lang='lat' dir='ltr'><strong>Missa</strong></span> <span class='ocrx_word' id='word_1_205' title='bbox 995 3260 1269 3348; x_wconf 83' lang='lat' dir='ltr'><strong>Exaltationis</strong></span> <span class='ocrx_word' id='word_1_206' title='bbox 1305 3265 1444 3347; x_wconf 87' lang='lat' dir='ltr'><strong>Crucis</strong></span> <span class='ocrx_word' id='word_1_207' title='bbox 1489 3265 1719 3376; x_wconf 78' lang='lat' dir='ltr'><strong>leguntur.</strong></span> <span class='ocrx_word' id='word_1_208' title='bbox 1755 3261 1847 3349; x_wconf 85' lang='lat' dir='ltr'><strong>Poll</strong></span> <span class='ocrx_word' id='word_1_209' title='bbox 1892 3258 2103 3349; x_wconf 73' lang='lat' dir='ltr'><strong>Sanslora-</strong></span> 
     </span>
     <span class='ocr_line' id='line_1_23' title="bbox 469 3372 2106 3495; baseline 0 -28"><span class='ocrx_word' id='word_1_210' title='bbox 469 3381 541 3489; x_wconf 86' lang='lat' dir='ltr'><strong>le,</strong></span> <span class='ocrx_word' id='word_1_211' title='bbox 574 3379 619 3462; x_wconf 92' lang='lat' dir='ltr'><strong>in</strong></span> <span class='ocrx_word' id='word_1_212' title='bbox 644 3379 806 3473; x_wconf 67' lang='lat' dir='ltr'><strong>Missali,</strong></span> <span class='ocrx_word' id='word_1_213' title='bbox 825 3372 1046 3488; x_wconf 81' lang='lat' dir='ltr'><strong>Ximenr&#39;i,</strong></span> <span class='ocrx_word' id='word_1_214' title='bbox 1073 3381 1207 3464; x_wconf 88' lang='lat' dir='ltr'><strong>locum</strong></span> <span class='ocrx_word' id='word_1_215' title='bbox 1236 3380 1397 3466; x_wconf 88' lang='lat' dir='ltr'><strong>obtinet</strong></span> <span class='ocrx_word' id='word_1_216' title='bbox 1421 3411 1661 3489; x_wconf 86' lang='lat' dir='ltr'><strong>commune,</strong></span> <span class='ocrx_word' id='word_1_217' title='bbox 1689 3379 1799 3492; x_wconf 86' lang='lat' dir='ltr'><strong>quod</strong></span> <span class='ocrx_word' id='word_1_218' title='bbox 1823 3373 1980 3494; x_wconf 81' lang='lat' dir='ltr'><strong>Miffirr</strong></span> <span class='ocrx_word' id='word_1_219' title='bbox 1998 3386 2106 3495; x_wconf 52' lang='lat' dir='ltr'><strong>corn*</strong></span> 
     </span>
     <span class='ocr_line' id='line_1_24' title="bbox 469 3494 2119 3615; baseline 0.002 -29"><span class='ocrx_word' id='word_1_220' title='bbox 469 3526 617 3586; x_wconf 85' lang='lat' dir='ltr'><strong>muner·</strong></span> <span class='ocrx_word' id='word_1_221' title='bbox 668 3505 959 3610; x_wconf 81' lang='lat' dir='ltr'><strong>Martyrum,</strong></span> <span class='ocrx_word' id='word_1_222' title='bbox 1010 3498 1336 3608; x_wconf 72' lang='lat' dir='ltr'><strong>Gemellorum,</strong></span> <span class='ocrx_word' id='word_1_223' title='bbox 1394 3506 1439 3586; x_wconf 89' lang='grc'><strong>8(</strong></span> <span class='ocrx_word' id='word_1_224' title='bbox 1495 3500 1713 3615; x_wconf 84' lang='lat' dir='ltr'><strong>virginum</strong></span> <span class='ocrx_word' id='word_1_225' title='bbox 1770 3494 2057 3614; x_wconf 68' lang='lat' dir='ltr'><strong>complestitur</strong></span> <span class='ocrx_word' id='word_1_226' title='bbox 2086 3496 2119 3589; x_wconf 70' lang='grc'><strong>.’.</strong></span> 
     </span>
     <span class='ocr_line' id='line_1_25' title="bbox 469 3614 2102 3734; baseline 0.003 -33"><span class='ocrx_word' id='word_1_227' title='bbox 469 3644 575 3729; x_wconf 78' lang='lat' dir='ltr'><strong>quas</strong></span> <span class='ocrx_word' id='word_1_228' title='bbox 600 3617 701 3702; x_wconf 88' lang='lat' dir='ltr'><strong>olim</strong></span> <span class='ocrx_word' id='word_1_229' title='bbox 731 3616 837 3730; x_wconf 90' lang='lat' dir='ltr'><strong>apud</strong></span> <span class='ocrx_word' id='word_1_230' title='bbox 867 3614 1227 3730; x_wconf 84' lang='lat' dir='ltr'><strong>GothoHispanos</strong></span> <span class='ocrx_word' id='word_1_231' title='bbox 1264 3617 1307 3700; x_wconf 92' lang='lat' dir='ltr'><strong>in</strong></span> <span class='ocrx_word' id='word_1_232' title='bbox 1336 3617 1410 3702; x_wconf 90' lang='lat' dir='ltr'><strong>usu</strong></span> <span class='ocrx_word' id='word_1_233' title='bbox 1436 3619 1548 3704; x_wconf 86' lang='lat' dir='ltr'><strong>fuisse</strong></span> <span class='ocrx_word' id='word_1_234' title='bbox 1580 3644 1718 3734; x_wconf 88' lang='lat' dir='ltr'><strong>aperte</strong></span> <span class='ocrx_word' id='word_1_235' title='bbox 1758 3617 1910 3704; x_wconf 88' lang='lat' dir='ltr'><strong>indicat</strong></span> <span class='ocrx_word' id='word_1_236' title='bbox 1935 3622 2102 3706; x_wconf 88' lang='lat' dir='ltr'><strong>Braulio</strong></span> 
     </span>
     <span class='ocr_line' id='line_1_26' title="bbox 469 3734 2106 3851; baseline 0.003 -29"><span class='ocrx_word' id='word_1_237' title='bbox 469 3735 516 3822; x_wconf 89' lang='lat' dir='ltr'><strong>in</strong></span> <span class='ocrx_word' id='word_1_238' title='bbox 545 3736 715 3851; x_wconf 84' lang='lat' dir='ltr'><strong>prologo</strong></span> <span class='ocrx_word' id='word_1_239' title='bbox 745 3734 841 3821; x_wconf 80' lang='lat' dir='ltr'><strong>viter</strong></span> <span class='ocrx_word' id='word_1_240' title='bbox 867 3741 907 3822; x_wconf 86' lang='lat' dir='ltr'><strong>S.</strong></span> <span class='ocrx_word' id='word_1_241' title='bbox 925 3735 1140 3825; x_wconf 85' lang='lat' dir='ltr'><strong>AEmiliani</strong></span> <span class='ocrx_word' id='word_1_242' title='bbox 1168 3736 1360 3820; x_wconf 88' lang='lat' dir='ltr'><strong>Cuculati</strong></span> <span class='ocrx_word' id='word_1_243' title='bbox 1390 3736 1593 3847; x_wconf 84' lang='lat' dir='ltr'><strong>scribens,</strong></span> <span class='ocrx_word' id='word_1_244' title='bbox 1624 3735 1820 3824; x_wconf 84' lang='lat' dir='ltr'><strong>mandasse</strong></span> <span class='ocrx_word' id='word_1_245' title='bbox 1852 3736 1894 3823; x_wconf 88' lang='lat' dir='ltr'><strong>se</strong></span> <span class='ocrx_word' id='word_1_246' title='bbox 1922 3762 2007 3850; x_wconf 88' lang='lat' dir='ltr'><strong>ut,</strong></span> <span class='ocrx_word' id='word_1_247' title='bbox 2035 3739 2106 3827; x_wconf 80' lang='lat' dir='ltr'><strong>die</strong></span> 
     </span>
     <span class='ocr_line' id='line_1_27' title="bbox 471 3848 2113 3968; baseline 0.003 -27"><span class='ocrx_word' id='word_1_248' title='bbox 471 3855 740 3941; x_wconf 88' lang='lat' dir='ltr'><strong>solemnitatis</strong></span> <span class='ocrx_word' id='word_1_249' title='bbox 767 3853 978 3965; x_wconf 75' lang='lat' dir='ltr'><strong>eiusdem,</strong></span> <span class='ocrx_word' id='word_1_250' title='bbox 1010 3848 1139 3968; x_wconf 72' lang='lat' dir='ltr'><strong>Missa</strong></span> <span class='ocrx_word' id='word_1_251' title='bbox 1169 3851 1370 3942; x_wconf 79' lang='lat' dir='ltr'><strong>recitetur</strong></span> <span class='ocrx_word' id='word_1_252' title='bbox 1398 3852 1620 3943; x_wconf 81' lang='lat' dir='ltr'><strong>communie</strong></span> <span class='ocrx_word' id='word_1_253' title='bbox 1663 3859 1780 3941; x_wconf 90' lang='lat' dir='ltr'><strong>unius</strong></span> <span class='ocrx_word' id='word_1_254' title='bbox 1819 3855 1971 3944; x_wconf 90' lang='lat' dir='ltr'><strong>sci-licet</strong></span> <span class='ocrx_word' id='word_1_255' title='bbox 1999 3864 2113 3946; x_wconf 85' lang='lat' dir='ltr'><strong>Con·</strong></span> 
     </span>
    </p>
   </div>
   <div class='ocr_carea' id='block_1_2' title="bbox 351 3969 2113 4687">
    <p class='ocr_par' dir='ltr' id='par_1_2' title="bbox 351 3969 2113 4328">
     <span class='ocr_line' id='line_1_28' title="bbox 387 3969 2113 4092; baseline -0.001 -29"><span class='ocrx_word' id='word_1_256' title='bbox 387 3981 445 4092; x_wconf 80' lang='lat'><strong>56</strong></span> <span class='ocrx_word' id='word_1_257' title='bbox 472 3975 652 4077; x_wconf 74' lang='lat' dir='ltr'><strong>selibris.</strong></span> <span class='ocrx_word' id='word_1_258' title='bbox 690 3981 742 4079; x_wconf 79' lang='lat' dir='ltr'><strong>In</strong></span> <span class='ocrx_word' id='word_1_259' title='bbox 770 3975 923 4061; x_wconf 90' lang='lat' dir='ltr'><strong>Missali</strong></span> <span class='ocrx_word' id='word_1_260' title='bbox 957 3969 1148 4061; x_wconf 69' lang='lat' dir='ltr'><strong>Ximenr&#39;r&#39;</strong></span> <span class='ocrx_word' id='word_1_261' title='bbox 1186 3974 1317 4060; x_wconf 77' lang='lat' dir='ltr'><strong>Missa</strong></span> <span class='ocrx_word' id='word_1_262' title='bbox 1352 3984 1589 4060; x_wconf 80' lang='lat' dir='ltr'><strong>communes</strong></span> <span class='ocrx_word' id='word_1_263' title='bbox 1628 3975 1769 4060; x_wconf 87' lang='lat' dir='ltr'><strong>decem</strong></span> <span class='ocrx_word' id='word_1_264' title='bbox 1817 3976 2113 4092; x_wconf 80' lang='lat' dir='ltr'><strong>recensentur,</strong></span> 
     </span>
     <span class='ocr_line' id='line_1_29' title="bbox 351 4092 2111 4210; baseline 0.002 -31"><span class='ocrx_word' id='word_1_265' title='bbox 351 4151 364 4158; x_wconf 91' lang='lat'><em>-</em></span> <span class='ocrx_word' id='word_1_266' title='bbox 472 4124 648 4208; x_wconf 89' lang='lat' dir='ltr'><strong>quarum</strong></span> <span class='ocrx_word' id='word_1_267' title='bbox 677 4093 916 4210; x_wconf 79' lang='lat' dir='ltr'><strong>serprimae</strong></span> <span class='ocrx_word' id='word_1_268' title='bbox 944 4092 1037 4177; x_wconf 91' lang='lat' dir='ltr'><strong>sunt</strong></span> <span class='ocrx_word' id='word_1_269' title='bbox 1064 4098 1338 4206; x_wconf 83' lang='lat' dir='ltr'><strong>Martyrum,</strong></span> <span class='ocrx_word' id='word_1_270' title='bbox 1364 4093 1534 4209; x_wconf 88' lang='lat' dir='ltr'><strong>septima</strong></span> <span class='ocrx_word' id='word_1_271' title='bbox 1564 4099 1606 4180; x_wconf 90' lang='grc'><strong>8(</strong></span> <span class='ocrx_word' id='word_1_272' title='bbox 1635 4094 1779 4181; x_wconf 76' lang='lat' dir='ltr'><strong>oslava</strong></span> <span class='ocrx_word' id='word_1_273' title='bbox 1803 4096 2111 4208; x_wconf 76' lang='lat' dir='ltr'><strong>Confessorum,</strong></span> 
     </span>
     <span class='ocr_line' id='line_1_30' title="bbox 405 4210 2106 4328; baseline 0.002 -29"><span class='ocrx_word' id='word_1_274' title='bbox 405 4249 419 4289; x_wconf 78' lang='lat' dir='ltr'><strong>r</strong></span> <span class='ocrx_word' id='word_1_275' title='bbox 443 4322 446 4328; x_wconf 20' lang='grc' dir='ltr'>Ι</span> <span class='ocrx_word' id='word_1_276' title='bbox 471 4241 608 4323; x_wconf 86' lang='lat' dir='ltr'><strong>nona,</strong></span> <span class='ocrx_word' id='word_1_277' title='bbox 637 4218 679 4299; x_wconf 86' lang='grc'><strong>8(</strong></span> <span class='ocrx_word' id='word_1_278' title='bbox 697 4213 855 4298; x_wconf 87' lang='lat' dir='ltr'><strong>decima</strong></span> <span class='ocrx_word' id='word_1_279' title='bbox 870 4212 1120 4326; x_wconf 79' lang='lat' dir='ltr'><strong>Virginem.</strong></span> <span class='ocrx_word' id='word_1_280' title='bbox 1150 4210 1361 4323; x_wconf 89' lang='lat' dir='ltr'><strong>Ejusmodi</strong></span> <span class='ocrx_word' id='word_1_281' title='bbox 1379 4214 1518 4300; x_wconf 85' lang='lat' dir='ltr'><strong>Missas</strong></span> <span class='ocrx_word' id='word_1_282' title='bbox 1534 4215 1633 4315; x_wconf 91' lang='lat' dir='ltr'><strong>olim</strong></span> <span class='ocrx_word' id='word_1_283' title='bbox 1651 4215 1759 4328; x_wconf 85' lang='lat' dir='ltr'><strong>apud</strong></span> <span class='ocrx_word' id='word_1_284' title='bbox 1774 4219 1913 4302; x_wconf 87' lang='lat' dir='ltr'><strong>Gallos</strong></span> <span class='ocrx_word' id='word_1_285' title='bbox 1928 4217 2106 4304; x_wconf 75' lang='lat' dir='ltr'><strong>extitisse</strong></span> 
     </span>
    </p>

    <p class='ocr_par' dir='ltr' id='par_1_3' title="bbox 442 4331 2107 4687">
     <span class='ocr_line' id='line_1_31' title="bbox 442 4331 2107 4444; baseline 0.002 -26"><span class='ocrx_word' id='word_1_286' title='bbox 442 4438 444 4443; x_wconf 14' lang='grc' dir='ltr'>Ι</span> <span class='ocrx_word' id='word_1_287' title='bbox 471 4331 595 4418; x_wconf 84' lang='lat' dir='ltr'><strong>sidem</strong></span> <span class='ocrx_word' id='word_1_288' title='bbox 626 4334 784 4418; x_wconf 85' lang='lat' dir='ltr'><strong>faciunt</strong></span> <span class='ocrx_word' id='word_1_289' title='bbox 815 4331 973 4418; x_wconf 86' lang='lat' dir='ltr'><strong>Mislale</strong></span> <span class='ocrx_word' id='word_1_290' title='bbox 990 4331 1375 4438; x_wconf 86' lang='lat' dir='ltr'><strong>Gallo-Gothicum,</strong></span> <span class='ocrx_word' id='word_1_291' title='bbox 1401 4333 1446 4416; x_wconf 92' lang='lat' dir='ltr'><strong>in</strong></span> <span class='ocrx_word' id='word_1_292' title='bbox 1474 4363 1555 4444; x_wconf 91' lang='lat' dir='ltr'><strong>quo</strong></span> <span class='ocrx_word' id='word_1_293' title='bbox 1586 4332 1686 4418; x_wconf 82' lang='lat' dir='ltr'><strong>sunt</strong></span> <span class='ocrx_word' id='word_1_294' title='bbox 1705 4333 1835 4420; x_wconf 81' lang='lat' dir='ltr'><strong>Missa·</strong></span> <span class='ocrx_word' id='word_1_295' title='bbox 1862 4361 2107 4440; x_wconf 76' lang='lat' dir='ltr'><strong>communes</strong></span> 
     </span>
     <span class='ocr_line' id='line_1_32' title="bbox 472 4443 2102 4687; baseline 0.002 -147"><span class='ocrx_word' id='word_1_296' title='bbox 472 4449 596 4540; x_wconf 76' lang='lat' dir='ltr'><strong>nnius</strong></span> <span class='ocrx_word' id='word_1_297' title='bbox 615 4444 833 4580; x_wconf 76' lang='lat' dir='ltr'><strong>Apostoli,</strong></span> <span class='ocrx_word' id='word_1_298' title='bbox 858 4443 916 4536; x_wconf 65' lang='lat'><strong>(9⁴</strong></span> <span class='ocrx_word' id='word_1_299' title='bbox 929 4445 1137 4566; x_wconf 81' lang='lat' dir='ltr'><strong>Martyris</strong></span> <span class='ocrx_word' id='word_1_300' title='bbox 1152 4479 1259 4562; x_wconf 86' lang='lat' dir='ltr'><strong>una,</strong></span> <span class='ocrx_word' id='word_1_301' title='bbox 1287 4455 1329 4536; x_wconf 91' lang='grc'><strong>8(</strong></span> <span class='ocrx_word' id='word_1_302' title='bbox 1346 4472 1425 4536; x_wconf 88' lang='lat' dir='ltr'><strong>tres</strong></span> <span class='ocrx_word' id='word_1_303' title='bbox 1441 4453 1592 4567; x_wconf 86' lang='lat' dir='ltr'><strong>pariter</strong></span> <span class='ocrx_word' id='word_1_304' title='bbox 1610 4448 1671 4539; x_wconf 87' lang='lat' dir='ltr'><strong>de</strong></span> <span class='ocrx_word' id='word_1_305' title='bbox 1686 4445 1879 4570; x_wconf 76' lang='lat' dir='ltr'><strong>pluribus</strong></span> <span class='ocrx_word' id='word_1_306' title='bbox 1894 4450 2102 4687; x_wconf 60' lang='lat' dir='ltr'><strong>Mamffri·</strong></span> 
     </span>
    </p>
   </div>
   <div class='ocr_carea' id='block_1_3' title="bbox 316 4561 2116 6104">
    <p class='ocr_par' dir='ltr' id='par_1_4' title="bbox 333 4561 2107 5048">
     <span class='ocr_line' id='line_1_33' title="bbox 333 4561 2106 4688; baseline 0.002 -29"><span class='ocrx_word' id='word_1_307' title='bbox 333 4620 339 4639; x_wconf 90' lang='lat'>‹</span> <span class='ocrx_word' id='word_1_308' title='bbox 419 4668 422 4673; x_wconf 53' lang='grc'><strong>,</strong></span> <span class='ocrx_word' id='word_1_309' title='bbox 472 4561 575 4682; x_wconf 81' lang='lat' dir='ltr'><strong>dur,</strong></span> <span class='ocrx_word' id='word_1_310' title='bbox 592 4600 674 4658; x_wconf 84' lang='lat' dir='ltr'><strong>una</strong></span> <span class='ocrx_word' id='word_1_311' title='bbox 689 4564 821 4684; x_wconf 86' lang='lat' dir='ltr'><strong>Mrffa</strong></span> <span class='ocrx_word' id='word_1_312' title='bbox 839 4563 962 4657; x_wconf 81' lang='lat' dir='ltr'><strong>unius</strong></span> <span class='ocrx_word' id='word_1_313' title='bbox 979 4562 1254 4682; x_wconf 78' lang='lat' dir='ltr'><strong>Confeffirrr‘r,</strong></span> <span class='ocrx_word' id='word_1_314' title='bbox 1280 4574 1321 4656; x_wconf 86' lang='grc'><strong>8(</strong></span> <span class='ocrx_word' id='word_1_315' title='bbox 1339 4599 1419 4655; x_wconf 85' lang='lat' dir='ltr'><strong>una</strong></span> <span class='ocrx_word' id='word_1_316' title='bbox 1434 4565 1565 4686; x_wconf 82' lang='lat' dir='ltr'><strong>Miffa</strong></span> <span class='ocrx_word' id='word_1_317' title='bbox 1581 4567 1632 4657; x_wconf 90' lang='lat' dir='ltr'><strong>de</strong></span> <span class='ocrx_word' id='word_1_318' title='bbox 1645 4565 1840 4686; x_wconf 78' lang='lat' dir='ltr'><strong>pluribus</strong></span> <span class='ocrx_word' id='word_1_319' title='bbox 1854 4568 1986 4688; x_wconf 70' lang='lat' dir='ltr'><strong>Conse</strong></span> <span class='ocrx_word' id='word_1_320' title='bbox 2021 4569 2106 4664; x_wconf 85' lang='lat' dir='ltr'><strong>ori·</strong></span> 
     </span>
     <span class='ocr_line' id='line_1_34' title="bbox 473 4680 2104 4810; baseline 0.002 -34"><span class='ocrx_word' id='word_1_321' title='bbox 473 4680 547 4779; x_wconf 85' lang='lat' dir='ltr'><strong>dns</strong></span> <span class='ocrx_word' id='word_1_322' title='bbox 565 4685 585 4776; x_wconf 70' lang='grc' dir='ltr'>ζ</span> <span class='ocrx_word' id='word_1_323' title='bbox 609 4700 668 4781; x_wconf 89' lang='lat' dir='ltr'><strong>Et</strong></span> <span class='ocrx_word' id='word_1_324' title='bbox 684 4686 998 4779; x_wconf 54' lang='lat' dir='ltr'><strong>‘Lesiionarium</strong></span> <span class='ocrx_word' id='word_1_325' title='bbox 1023 4688 1305 4799; x_wconf 84' lang='lat' dir='ltr'><strong>Luxoviense,</strong></span> <span class='ocrx_word' id='word_1_326' title='bbox 1336 4688 1380 4774; x_wconf 93' lang='lat' dir='ltr'><strong>in</strong></span> <span class='ocrx_word' id='word_1_327' title='bbox 1405 4718 1490 4802; x_wconf 89' lang='lat' dir='ltr'><strong>quo</strong></span> <span class='ocrx_word' id='word_1_328' title='bbox 1514 4714 1734 4776; x_wconf 84' lang='lat' dir='ltr'><strong>occurrunt</strong></span> <span class='ocrx_word' id='word_1_329' title='bbox 1753 4690 1943 4810; x_wconf 81' lang='lat' dir='ltr'><strong>Legenda</strong></span> <span class='ocrx_word' id='word_1_330' title='bbox 1968 4689 2104 4806; x_wconf 58' lang='lat' dir='ltr'><strong>insse·</strong></span> 
     </span>
     <span class='ocr_line' id='line_1_35' title="bbox 459 4802 2104 4928; baseline 0.002 -32"><span class='ocrx_word' id='word_1_331' title='bbox 459 4802 536 4928; x_wconf 76' lang='lat' dir='ltr'><strong>sle</strong></span> <span class='ocrx_word' id='word_1_332' title='bbox 563 4807 689 4896; x_wconf 77' lang='lat' dir='ltr'><strong>unius</strong></span> <span class='ocrx_word' id='word_1_333' title='bbox 712 4803 953 4924; x_wconf 80' lang='lat' dir='ltr'><strong>Martyris,</strong></span> <span class='ocrx_word' id='word_1_334' title='bbox 990 4804 1183 4925; x_wconf 80' lang='lat' dir='ltr'><strong>Legenda</strong></span> <span class='ocrx_word' id='word_1_335' title='bbox 1212 4804 1267 4897; x_wconf 89' lang='lat' dir='ltr'><strong>de</strong></span> <span class='ocrx_word' id='word_1_336' title='bbox 1275 4802 1681 4925; x_wconf 63' lang='lat' dir='ltr'><strong>plurerMartyrer,</strong></span> <span class='ocrx_word' id='word_1_337' title='bbox 1709 4811 1777 4897; x_wconf 82' lang='lat' dir='ltr'><strong>ita=</strong></span> <span class='ocrx_word' id='word_1_338' title='bbox 1798 4813 1910 4898; x_wconf 89' lang='lat' dir='ltr'><strong>enim</strong></span> <span class='ocrx_word' id='word_1_339' title='bbox 1940 4802 2104 4923; x_wconf 81' lang='lat' dir='ltr'><strong>habe-t,</strong></span> 
     </span>
     <span class='ocr_line' id='line_1_36' title="bbox 475 4921 2107 5048; baseline 0.003 -33"><span class='ocrx_word' id='word_1_340' title='bbox 475 4925 667 5048; x_wconf 81' lang='lat' dir='ltr'><strong>Legenda</strong></span> <span class='ocrx_word' id='word_1_341' title='bbox 697 4925 847 5015; x_wconf 84' lang='lat' dir='ltr'><strong>deuna</strong></span> <span class='ocrx_word' id='word_1_342' title='bbox 863 4921 1127 5048; x_wconf 75' lang='lat' dir='ltr'><strong>Confhffore,</strong></span> <span class='ocrx_word' id='word_1_343' title='bbox 1155 4932 1199 5015; x_wconf 91' lang='grc'><strong>8(</strong></span> <span class='ocrx_word' id='word_1_344' title='bbox 1222 4923 1412 5046; x_wconf 83' lang='lat' dir='ltr'><strong>Legenda</strong></span> <span class='ocrx_word' id='word_1_345' title='bbox 1441 4923 1497 5016; x_wconf 90' lang='lat' dir='ltr'><strong>de</strong></span> <span class='ocrx_word' id='word_1_346' title='bbox 1516 4923 1660 5045; x_wconf 80' lang='lat' dir='ltr'><strong>plures</strong></span> <span class='ocrx_word' id='word_1_347' title='bbox 1684 4924 1974 5045; x_wconf 71' lang='lat' dir='ltr'><strong>consessores.</strong></span> <span class='ocrx_word' id='word_1_348' title='bbox 2000 4931 2107 5020; x_wconf 82' lang='lat' dir='ltr'><strong>Mis·</strong></span> 
     </span>
    </p>

    <p class='ocr_par' dir='ltr' id='par_1_5' title="bbox 316 5045 2108 5527">
     <span class='ocr_line' id='line_1_37' title="bbox 316 5045 2107 5164; baseline 0.004 -32"><span class='ocrx_word' id='word_1_349' title='bbox 316 5054 447 5160; x_wconf 46' lang='lat'><strong>§57</strong></span> <span class='ocrx_word' id='word_1_350' title='bbox 476 5047 536 5133; x_wconf 79' lang='lat' dir='ltr'><strong>sas</strong></span> <span class='ocrx_word' id='word_1_351' title='bbox 562 5075 803 5135; x_wconf 86' lang='lat' dir='ltr'><strong>communes</strong></span> <span class='ocrx_word' id='word_1_352' title='bbox 830 5047 983 5132; x_wconf 83' lang='lat' dir='ltr'><strong>votivae</strong></span> <span class='ocrx_word' id='word_1_353' title='bbox 1010 5048 1253 5164; x_wconf 86' lang='lat' dir='ltr'><strong>excipiunt,</strong></span> <span class='ocrx_word' id='word_1_354' title='bbox 1288 5076 1460 5160; x_wconf 86' lang='lat' dir='ltr'><strong>quarum</strong></span> <span class='ocrx_word' id='word_1_355' title='bbox 1499 5045 1595 5131; x_wconf 73' lang='lat' dir='ltr'><strong>odio</strong></span> <span class='ocrx_word' id='word_1_356' title='bbox 1631 5075 1931 5136; x_wconf 76' lang='lat' dir='ltr'><strong>numerantur.</strong></span> <span class='ocrx_word' id='word_1_357' title='bbox 1963 5054 2107 5140; x_wconf 82' lang='lat' dir='ltr'><strong>Prima</strong></span> 
     </span>
     <span class='ocr_line' id='line_1_38' title="bbox 474 5160 2108 5282; baseline 0.004 -28"><span class='ocrx_word' id='word_1_358' title='bbox 474 5163 607 5282; x_wconf 81' lang='lat' dir='ltr'><strong>Mr&#39;ffa</strong></span> <span class='ocrx_word' id='word_1_359' title='bbox 631 5161 790 5255; x_wconf 78' lang='lat' dir='ltr'><strong>votiva</strong></span> <span class='ocrx_word' id='word_1_360' title='bbox 818 5160 1083 5278; x_wconf 84' lang='lat' dir='ltr'><strong>omnimoda,</strong></span> <span class='ocrx_word' id='word_1_361' title='bbox 1124 5167 1383 5281; x_wconf 86' lang='lat' dir='ltr'><strong>ejusdemque</strong></span> <span class='ocrx_word' id='word_1_362' title='bbox 1413 5169 1559 5282; x_wconf 89' lang='lat' dir='ltr'><strong>tituli,</strong></span> <span class='ocrx_word' id='word_1_363' title='bbox 1595 5167 1639 5257; x_wconf 89' lang='lat' dir='ltr'><strong>in</strong></span> <span class='ocrx_word' id='word_1_364' title='bbox 1672 5172 1999 5262; x_wconf 80' lang='lat' dir='ltr'><strong>sacramentario</strong></span> <span class='ocrx_word' id='word_1_365' title='bbox 2015 5178 2108 5262; x_wconf 83' lang='lat' dir='ltr'><strong>&#39;Bo-</strong></span> 
     </span>
     <span class='ocr_line' id='line_1_39' title="bbox 474 5284 2106 5406; baseline 0.003 -32"><span class='ocrx_word' id='word_1_366' title='bbox 474 5288 636 5396; x_wconf 86' lang='lat' dir='ltr'><strong>bienli,</strong></span> <span class='ocrx_word' id='word_1_367' title='bbox 665 5309 783 5371; x_wconf 80' lang='lat' dir='ltr'><strong>extat</strong></span> <span class='ocrx_word' id='word_1_368' title='bbox 805 5285 955 5382; x_wconf 75' lang='lat' dir='ltr'><strong>Missa.</strong></span> <span class='ocrx_word' id='word_1_369' title='bbox 990 5285 1173 5375; x_wconf 84' lang='lat' dir='ltr'><strong>Secunda</strong></span> <span class='ocrx_word' id='word_1_370' title='bbox 1200 5287 1261 5373; x_wconf 82' lang='lat' dir='ltr'><strong>elb</strong></span> <span class='ocrx_word' id='word_1_371' title='bbox 1295 5307 1380 5406; x_wconf 81' lang='lat' dir='ltr'><strong>pro·</strong></span> <span class='ocrx_word' id='word_1_372' title='bbox 1395 5284 1544 5405; x_wconf 70' lang='lat' dir='ltr'><strong>seipso</strong></span> <span class='ocrx_word' id='word_1_373' title='bbox 1564 5287 1816 5398; x_wconf 83' lang='lat' dir='ltr'><strong>Sacerdote,</strong></span> <span class='ocrx_word' id='word_1_374' title='bbox 1853 5291 1926 5375; x_wconf 87' lang='lat' dir='ltr'><strong>cui</strong></span> <span class='ocrx_word' id='word_1_375' title='bbox 1961 5290 2106 5380; x_wconf 80' lang='lat' dir='ltr'><strong>similis</strong></span> 
     </span>
     <span class='ocr_line' id='line_1_40' title="bbox 473 5402 2107 5527; baseline 0.002 -30"><span class='ocrx_word' id='word_1_376' title='bbox 473 5407 629 5515; x_wconf 83' lang='lat' dir='ltr'><strong>Missa,</strong></span> <span class='ocrx_word' id='word_1_377' title='bbox 659 5406 702 5493; x_wconf 90' lang='lat' dir='ltr'><strong>in</strong></span> <span class='ocrx_word' id='word_1_378' title='bbox 729 5408 1050 5495; x_wconf 85' lang='lat' dir='ltr'><strong>Sacramentario</strong></span> <span class='ocrx_word' id='word_1_379' title='bbox 1079 5406 1298 5518; x_wconf 88' lang='lat' dir='ltr'><strong>Bobienli,</strong></span> <span class='ocrx_word' id='word_1_380' title='bbox 1325 5405 1562 5495; x_wconf 84' lang='lat' dir='ltr'><strong>inscribitur</strong></span> <span class='ocrx_word' id='word_1_381' title='bbox 1579 5402 1710 5525; x_wconf 79' lang='lat' dir='ltr'><strong>Mrffir</strong></span> <span class='ocrx_word' id='word_1_382' title='bbox 1737 5407 1938 5527; x_wconf 79' lang='lat' dir='ltr'><strong>quomodo</strong></span> <span class='ocrx_word' id='word_1_383' title='bbox 1960 5418 2107 5501; x_wconf 81' lang='lat' dir='ltr'><strong>Sacer·</strong></span> 
     </span>
    </p>

    <p class='ocr_par' dir='ltr' id='par_1_6' title="bbox 414 5517 2116 6104">
     <span class='ocr_line' id='line_1_41' title="bbox 414 5517 2102 5648; baseline 0.008 -43"><span class='ocrx_word' id='word_1_384' title='bbox 414 5596 422 5605; x_wconf 60' lang='lat'>„</span> <span class='ocrx_word' id='word_1_385' title='bbox 472 5524 548 5615; x_wconf 83' lang='lat' dir='ltr'><strong>dor</strong></span> <span class='ocrx_word' id='word_1_386' title='bbox 573 5550 653 5644; x_wconf 74' lang='lat' dir='ltr'><strong>pro</strong></span> <span class='ocrx_word' id='word_1_387' title='bbox 671 5522 869 5641; x_wconf 74' lang='lat' dir='ltr'><strong>[rorare</strong></span> <span class='ocrx_word' id='word_1_388' title='bbox 896 5517 1049 5614; x_wconf 80' lang='lat' dir='ltr'><strong>d&#39;e&#39;bet.</strong></span> <span class='ocrx_word' id='word_1_389' title='bbox 1073 5529 1224 5615; x_wconf 86' lang='lat' dir='ltr'><strong>Tertia</strong></span> <span class='ocrx_word' id='word_1_390' title='bbox 1250 5524 1458 5644; x_wconf 82' lang='lat' dir='ltr'><strong>estMr&#39;ffa</strong></span> <span class='ocrx_word' id='word_1_391' title='bbox 1482 5525 1642 5635; x_wconf 75' lang='lat' dir='ltr'><strong>votior</strong></span> <span class='ocrx_word' id='word_1_392' title='bbox 1654 5520 1922 5648; x_wconf 77' lang='lat' dir='ltr'><strong>fingnsarr‘e,</strong></span> <span class='ocrx_word' id='word_1_393' title='bbox 1949 5555 2102 5644; x_wconf 90' lang='lat' dir='ltr'><strong>quarta</strong></span> 
     </span>
     <span class='ocr_line' id='line_1_42' title="bbox 468 5637 2101 5764; baseline 0.003 -31"><span class='ocrx_word' id='word_1_394' title='bbox 468 5666 552 5764; x_wconf 80' lang='lat' dir='ltr'><strong>pro</strong></span> <span class='ocrx_word' id='word_1_395' title='bbox 576 5637 880 5735; x_wconf 72' lang='lat' dir='ltr'><strong>itinerantibus</strong></span> <span class='ocrx_word' id='word_1_396' title='bbox 903 5646 1160 5736; x_wconf 77' lang='lat' dir='ltr'><strong>inscribitur..</strong></span> <span class='ocrx_word' id='word_1_397' title='bbox 1188 5657 1243 5739; x_wconf 89' lang='lat' dir='ltr'><strong>In</strong></span> <span class='ocrx_word' id='word_1_398' title='bbox 1266 5645 1523 5737; x_wconf 66' lang='lat' dir='ltr'><strong>Leaionario</strong></span> <span class='ocrx_word' id='word_1_399' title='bbox 1546 5649 1791 5738; x_wconf 80' lang='lat' dir='ltr'><strong>Luxoviensi</strong></span> <span class='ocrx_word' id='word_1_400' title='bbox 1818 5656 2003 5739; x_wconf 58' lang='lat' dir='ltr'><strong>Nemus·</strong></span> <span class='ocrx_word' id='word_1_401' title='bbox 2030 5681 2101 5738; x_wconf 90' lang='lat' dir='ltr'><strong>oc·</strong></span> 
     </span>
     <span class='ocr_line' id='line_1_43' title="bbox 471 5761 2105 5890; baseline 0.005 -37"><span class='ocrx_word' id='word_1_402' title='bbox 471 5792 638 5865; x_wconf 79' lang='lat' dir='ltr'><strong>currunt</strong></span> <span class='ocrx_word' id='word_1_403' title='bbox 657 5762 847 5890; x_wconf 82' lang='lat' dir='ltr'><strong>Legenda</strong></span> <span class='ocrx_word' id='word_1_404' title='bbox 873 5762 922 5856; x_wconf 81' lang='lat' dir='ltr'><strong>in</strong></span> <span class='ocrx_word' id='word_1_405' title='bbox 940 5763 1197 5888; x_wconf 59' lang='lat' dir='ltr'><strong>professione</strong></span> <span class='ocrx_word' id='word_1_406' title='bbox 1221 5765 1393 5860; x_wconf 78' lang='lat' dir='ltr'><strong>itineris</strong></span> <span class='ocrx_word' id='word_1_407' title='bbox 1405 5834 1423 5880; x_wconf 94' lang='lat'><strong>,.</strong></span> <span class='ocrx_word' id='word_1_408' title='bbox 1452 5775 1496 5859; x_wconf 91' lang='grc'><strong>8(</strong></span> <span class='ocrx_word' id='word_1_409' title='bbox 1523 5775 1727 5860; x_wconf 82' lang='lat' dir='ltr'><strong>N.t.xrxr.</strong></span> <span class='ocrx_word' id='word_1_410' title='bbox 1743 5761 1934 5890; x_wconf 75' lang='lat' dir='ltr'><strong>Legenda</strong></span> <span class='ocrx_word' id='word_1_411' title='bbox 1957 5769 2009 5860; x_wconf 90' lang='lat' dir='ltr'><strong>de</strong></span> <span class='ocrx_word' id='word_1_412' title='bbox 2036 5800 2105 5862; x_wconf 86' lang='lat' dir='ltr'><strong>re·</strong></span> 
     </span>
     <span class='ocr_line' id='line_1_44' title="bbox 471 5881 2116 6104; baseline -0.001 -123"><span class='ocrx_word' id='word_1_413' title='bbox 471 5881 632 6007; x_wconf 69' lang='lat' dir='ltr'><strong>«lorado</strong></span> <span class='ocrx_word' id='word_1_414' title='bbox 656 5884 713 5985; x_wconf 85' lang='lat' dir='ltr'><strong>ad</strong></span> <span class='ocrx_word' id='word_1_415' title='bbox 735 5882 925 5988; x_wconf 72' lang='lat' dir='ltr'><strong>itinere.</strong></span> <span class='ocrx_word' id='word_1_416' title='bbox 961 5889 1126 6012; x_wconf 77' lang='lat' dir='ltr'><strong>Quota</strong></span> <span class='ocrx_word' id='word_1_417' title='bbox 1151 5888 1213 5990; x_wconf 86' lang='lat' dir='ltr'><strong>de</strong></span> <span class='ocrx_word' id='word_1_418' title='bbox 1228 5882 1606 6011; x_wconf 70' lang='lat' dir='ltr'><strong>tribulationibus,</strong></span> <span class='ocrx_word' id='word_1_419' title='bbox 1640 5899 1684 5986; x_wconf 84' lang='grc'><strong>8(</strong></span> <span class='ocrx_word' id='word_1_420' title='bbox 1700 5893 1826 6012; x_wconf 80' lang='lat' dir='ltr'><strong>&#39;sexta</strong></span> <span class='ocrx_word' id='word_1_421' title='bbox 1846 5913 1929 6012; x_wconf 84' lang='lat' dir='ltr'><strong>pro</strong></span> <span class='ocrx_word' id='word_1_422' title='bbox 1953 5901 2116 6104; x_wconf 53' lang='lat' dir='ltr'><strong>sager·-</strong></span> 
     </span>
    </p>

    <p class='ocr_par' dir='ltr' id='par_1_7' title="bbox 496 6033 2102 6104">
     <span class='ocr_line' id='line_1_45' title="bbox 496 6033 2102 6104; baseline 0.004 -7"><span class='ocrx_word' id='word_1_423' title='bbox 496 6049 530 6091; x_wconf 53' lang='grc' dir='ltr'>ἰ</span> <span class='ocrx_word' id='word_1_424' title='bbox 1388 6039 1391 6045; x_wconf 84' lang='grc'><strong>’</strong></span> <span class='ocrx_word' id='word_1_425' title='bbox 2031 6033 2102 6104; x_wconf 67' lang='lat'><strong>088</strong></span> 
     </span>
    </p>
   </div>
   <div class='ocr_carea' id='block_1_4' title="bbox 0 0 2244 7204">
    <p class='ocr_par' dir='ltr' id='par_1_8' title="bbox 0 0 2244 7204">
     <span class='ocr_line' id='line_1_46' title="bbox 0 0 2244 7204; baseline 0 0"><span class='ocrx_word' id='word_1_426' title='bbox 0 0 2244 7204; x_wconf 95' lang='lat' dir='ltr'><strong> </strong></span> 
     </span>
    </p>
   </div>
  </div>
 </body>
</html>
