<?xml version="1.0" encoding="UTF-8"?>
<!DOCTYPE html PUBLIC "-//W3C//DTD XHTML 1.0 Transitional//EN"
    "http://www.w3.org/TR/xhtml1/DTD/xhtml1-transitional.dtd">
<html xmlns="http://www.w3.org/1999/xhtml" xml:lang="en" lang="en">
 <head>
  <title>
</title>
<meta http-equiv="Content-Type" content="text/html;charset=utf-8" />
  <meta name='ocr-system' content='tesseract 3.04.00' />
  <meta name='ocr-capabilities' content='ocr_page ocr_carea ocr_par ocr_line ocrx_word'/>
</head>
<body>
  <div class='ocr_page' id='page_1' title='image "./missalemixtumse00leslgoog_0274.png"; bbox 0 0 4450 7209; ppageno 0'>
   <div class='ocr_carea' id='block_1_1' title="bbox 675 711 1923 816">
    <p class='ocr_par' dir='ltr' id='par_1_1' title="bbox 675 711 1923 816">
     <span class='ocr_line' id='line_1_1' title="bbox 675 711 1923 816; baseline 0 -23"><span class='ocrx_word' id='word_1_1' title='bbox 675 715 927 793; x_wconf 81' lang='lat' dir='ltr'>DOMINICA</span> <span class='ocrx_word' id='word_1_2' title='bbox 951 713 1005 788; x_wconf 91' lang='lat' dir='ltr'>IN</span> <span class='ocrx_word' id='word_1_3' title='bbox 1030 712 1179 792; x_wconf 81' lang='lat' dir='ltr'>RAMIS</span> <span class='ocrx_word' id='word_1_4' title='bbox 1205 711 1474 791; x_wconf 80' lang='lat' dir='ltr'>PALMARUM</span> <span class='ocrx_word' id='word_1_5' title='bbox 1488 712 1513 788; x_wconf 43' lang='lat'>2*</span> <span class='ocrx_word' id='word_1_6' title='bbox 1852 739 1923 816; x_wconf 74' lang='lat'>¹53</span> 
     </span>
    </p>
   </div>
   <div class='ocr_carea' id='block_1_2' title="bbox 211 799 2023 6182">
    <p class='ocr_par' dir='ltr' id='par_1_2' title="bbox 261 799 1999 1206">
     <span class='ocr_line' id='line_1_2' title="bbox 262 799 1999 916; baseline -0.003 -22"><span class='ocrx_word' id='word_1_7' title='bbox 262 815 403 895; x_wconf 72' lang='lat' dir='ltr'>testarer</span> <span class='ocrx_word' id='word_1_8' title='bbox 418 843 428 889; x_wconf 86' lang='lat' dir='ltr'>t</span> <span class='ocrx_word' id='word_1_9' title='bbox 443 815 616 892; x_wconf 84' lang='lat' dir='ltr'>ubiunam</span> <span class='ocrx_word' id='word_1_10' title='bbox 631 818 835 910; x_wconf 86' lang='lat' dir='ltr'>potestatem</span> <span class='ocrx_word' id='word_1_11' title='bbox 865 837 1065 910; x_wconf 89' lang='lat' dir='ltr'>permanere</span> <span class='ocrx_word' id='word_1_12' title='bbox 1116 816 1232 890; x_wconf 89' lang='lat' dir='ltr'>omnia</span> <span class='ocrx_word' id='word_1_13' title='bbox 1246 814 1475 916; x_wconf 84' lang='lat' dir='ltr'>cognoscaris</span> <span class='ocrx_word' id='word_1_14' title='bbox 1494 829 1534 886; x_wconf 93' lang='lat' dir='ltr'>ut</span> <span class='ocrx_word' id='word_1_15' title='bbox 1561 799 1920 912; x_wconf 70' lang='lat' dir='ltr'>exilenannfgenitua</span> <span class='ocrx_word' id='word_1_16' title='bbox 1954 830 1999 911; x_wconf 77' lang='lat'>55</span> 
     </span>
     <span class='ocr_line' id='line_1_3' title="bbox 265 909 1920 1013; baseline -0.001 -24"><span class='ocrx_word' id='word_1_17' title='bbox 265 914 704 1013; x_wconf 82' lang='lat' dir='ltr'>cognovimusatemeraria</span> <span class='ocrx_word' id='word_1_18' title='bbox 718 914 949 1010; x_wconf 87' lang='lat' dir='ltr'>disputatione</span> <span class='ocrx_word' id='word_1_19' title='bbox 982 935 1065 986; x_wconf 89' lang='lat' dir='ltr'>con·</span> <span class='ocrx_word' id='word_1_20' title='bbox 1116 915 1158 987; x_wconf 94' lang='lat' dir='ltr'>ab</span> <span class='ocrx_word' id='word_1_21' title='bbox 1177 912 1336 1009; x_wconf 89' lang='lat' dir='ltr'>ingenito</span> <span class='ocrx_word' id='word_1_22' title='bbox 1352 909 1640 986; x_wconf 84' lang='lat' dir='ltr'>consubstantialis</span> <span class='ocrx_word' id='word_1_23' title='bbox 1670 942 1680 984; x_wconf 81' lang='lat' dir='ltr'>a</span> <span class='ocrx_word' id='word_1_24' title='bbox 1707 933 1920 988; x_wconf 80' lang='lat' dir='ltr'>coeternusa</span> 
     </span>
     <span class='ocr_line' id='line_1_4' title="bbox 261 1006 1928 1112; baseline -0.002 -25"><span class='ocrx_word' id='word_1_25' title='bbox 261 1019 397 1112; x_wconf 78' lang='lat' dir='ltr'>fingat.</span> <span class='ocrx_word' id='word_1_26' title='bbox 425 1007 546 1087; x_wconf 88' lang='lat' dir='ltr'>Nullus</span> <span class='ocrx_word' id='word_1_27' title='bbox 562 1011 708 1104; x_wconf 82' lang='lat' dir='ltr'>impares</span> <span class='ocrx_word' id='word_1_28' title='bbox 738 1013 860 1110; x_wconf 88' lang='lat' dir='ltr'>gradus</span> <span class='ocrx_word' id='word_1_29' title='bbox 874 1039 883 1079; x_wconf 73' lang='grc' dir='ltr'><strong>ε</strong></span> <span class='ocrx_word' id='word_1_30' title='bbox 897 1011 953 1083; x_wconf 93' lang='lat' dir='ltr'>ubi</span> <span class='ocrx_word' id='word_1_31' title='bbox 975 1007 1067 1083; x_wconf 88' lang='lat' dir='ltr'>sum·</span> <span class='ocrx_word' id='word_1_32' title='bbox 1117 1008 1248 1104; x_wconf 83' lang='lat' dir='ltr'>equalis</span> <span class='ocrx_word' id='word_1_33' title='bbox 1261 1034 1326 1083; x_wconf 88' lang='lat' dir='ltr'>una</span> <span class='ocrx_word' id='word_1_34' title='bbox 1341 1027 1457 1081; x_wconf 86' lang='lat' dir='ltr'>tecum</span> <span class='ocrx_word' id='word_1_35' title='bbox 1469 1006 1660 1082; x_wconf 88' lang='lat' dir='ltr'>divinitatis</span> <span class='ocrx_word' id='word_1_36' title='bbox 1671 1009 1928 1106; x_wconf 87' lang='lat' dir='ltr'>plenitudinem·</span> 
     </span>
     <span class='ocr_line' id='line_1_5' title="bbox 261 1106 1923 1206; baseline -0.001 -23"><span class='ocrx_word' id='word_1_37' title='bbox 261 1134 315 1185; x_wconf 93' lang='lat' dir='ltr'>ma</span> <span class='ocrx_word' id='word_1_38' title='bbox 330 1108 494 1206; x_wconf 83' lang='lat' dir='ltr'>equalitas</span> <span class='ocrx_word' id='word_1_39' title='bbox 510 1111 682 1206; x_wconf 87' lang='lat' dir='ltr'>reperitur</span> <span class='ocrx_word' id='word_1_40' title='bbox 698 1109 880 1183; x_wconf 81' lang='lat' dir='ltr'>interserat</span> <span class='ocrx_word' id='word_1_41' title='bbox 894 1156 905 1178; x_wconf 84' lang='lat'><strong>·</strong></span> <span class='ocrx_word' id='word_1_42' title='bbox 920 1109 1002 1179; x_wconf 91' lang='lat' dir='ltr'>Non</span> <span class='ocrx_word' id='word_1_43' title='bbox 1018 1106 1066 1178; x_wconf 89' lang='lat' dir='ltr'>est</span> <span class='ocrx_word' id='word_1_44' title='bbox 1119 1109 1440 1204; x_wconf 74' lang='lat' dir='ltr'>possiderenUna&#39;&amp;</span> <span class='ocrx_word' id='word_1_45' title='bbox 1453 1107 1688 1200; x_wconf 82' lang='lat' dir='ltr'>perpetuitate</span> <span class='ocrx_word' id='word_1_46' title='bbox 1700 1111 1870 1202; x_wconf 82' lang='lat' dir='ltr'>gauderet</span> <span class='ocrx_word' id='word_1_47' title='bbox 1882 1117 1923 1185; x_wconf 73' lang='grc' dir='ltr'>δι</span> 
     </span>
    </p>

    <p class='ocr_par' dir='ltr' id='par_1_3' title="bbox 211 1201 1999 1690">
     <span class='ocr_line' id='line_1_6' title="bbox 211 1201 1969 1309; baseline -0.002 -26"><span class='ocrx_word' id='word_1_48' title='bbox 211 1235 232 1309; x_wconf 82' lang='lat'>5</span> <span class='ocrx_word' id='word_1_49' title='bbox 264 1211 369 1283; x_wconf 89' lang='lat' dir='ltr'>Pater</span> <span class='ocrx_word' id='word_1_50' title='bbox 391 1234 410 1282; x_wconf 89' lang='lat' dir='ltr'>a</span> <span class='ocrx_word' id='word_1_51' title='bbox 436 1208 525 1284; x_wconf 90' lang='lat' dir='ltr'>Filio</span> <span class='ocrx_word' id='word_1_52' title='bbox 549 1231 649 1303; x_wconf 89' lang='lat' dir='ltr'>quem</span> <span class='ocrx_word' id='word_1_53' title='bbox 664 1208 845 1304; x_wconf 88' lang='lat' dir='ltr'>generavit</span> <span class='ocrx_word' id='word_1_54' title='bbox 863 1204 1063 1298; x_wconf 79' lang='lat' dir='ltr'>antiquiurr</span> <span class='ocrx_word' id='word_1_55' title='bbox 1115 1205 1214 1278; x_wconf 90' lang='lat' dir='ltr'>unius</span> <span class='ocrx_word' id='word_1_56' title='bbox 1231 1202 1477 1278; x_wconf 90' lang='lat' dir='ltr'>dominationis</span> <span class='ocrx_word' id='word_1_57' title='bbox 1496 1201 1663 1295; x_wconf 81' lang='lat' dir='ltr'>qualitate</span> <span class='ocrx_word' id='word_1_58' title='bbox 1678 1227 1851 1301; x_wconf 80' lang='lat' dir='ltr'>regnaret.</span> <span class='ocrx_word' id='word_1_59' title='bbox 1863 1208 1918 1281; x_wconf 88' lang='lat' dir='ltr'>Si·</span> <span class='ocrx_word' id='word_1_60' title='bbox 1967 1285 1969 1291; x_wconf 63' lang='grc'>,</span> 
     </span>
     <span class='ocr_line' id='line_1_7' title="bbox 260 1299 1999 1403; baseline 0 -25"><span class='ocrx_word' id='word_1_61' title='bbox 260 1329 371 1403; x_wconf 74' lang='lat' dir='ltr'>neque</span> <span class='ocrx_word' id='word_1_62' title='bbox 388 1304 493 1379; x_wconf 85' lang='lat' dir='ltr'>Filius</span> <span class='ocrx_word' id='word_1_63' title='bbox 524 1310 571 1379; x_wconf 86' lang='lat' dir='ltr'>est</span> <span class='ocrx_word' id='word_1_64' title='bbox 589 1306 754 1402; x_wconf 84' lang='lat' dir='ltr'>gignente</span> <span class='ocrx_word' id='word_1_65' title='bbox 770 1303 1065 1401; x_wconf 90' lang='lat' dir='ltr'>posterior.Non</span> <span class='ocrx_word' id='word_1_66' title='bbox 1113 1300 1184 1375; x_wconf 90' lang='lat' dir='ltr'>mul</span> <span class='ocrx_word' id='word_1_67' title='bbox 1209 1325 1286 1373; x_wconf 90' lang='lat' dir='ltr'>cum</span> <span class='ocrx_word' id='word_1_68' title='bbox 1316 1301 1448 1394; x_wconf 84' lang='lat' dir='ltr'>Spiritu</span> <span class='ocrx_word' id='word_1_69' title='bbox 1476 1299 1604 1375; x_wconf 79' lang='lat' dir='ltr'>sancto</span> <span class='ocrx_word' id='word_1_70' title='bbox 1628 1324 1799 1398; x_wconf 86' lang='lat' dir='ltr'>regnante</span> <span class='ocrx_word' id='word_1_71' title='bbox 1823 1331 1833 1374; x_wconf 80' lang='lat' dir='ltr'>a</span> <span class='ocrx_word' id='word_1_72' title='bbox 1857 1305 1916 1400; x_wconf 92' lang='lat' dir='ltr'>qui</span> <span class='ocrx_word' id='word_1_73' title='bbox 1945 1308 1999 1384; x_wconf 73' lang='lat'>60</span> 
     </span>
     <span class='ocr_line' id='line_1_8' title="bbox 256 1398 1919 1496; baseline 0 -20"><span class='ocrx_word' id='word_1_74' title='bbox 256 1404 305 1476; x_wconf 83' lang='lat' dir='ltr'>est</span> <span class='ocrx_word' id='word_1_75' title='bbox 335 1400 439 1477; x_wconf 89' lang='lat' dir='ltr'>etiam</span> <span class='ocrx_word' id='word_1_76' title='bbox 469 1405 676 1477; x_wconf 83' lang='lat' dir='ltr'>donatoris:</span> <span class='ocrx_word' id='word_1_77' title='bbox 695 1404 778 1476; x_wconf 92' lang='lat' dir='ltr'>doni</span> <span class='ocrx_word' id='word_1_78' title='bbox 795 1430 804 1472; x_wconf 82' lang='lat' dir='ltr'>a</span> <span class='ocrx_word' id='word_1_79' title='bbox 820 1399 878 1475; x_wconf 90' lang='lat' dir='ltr'>vel</span> <span class='ocrx_word' id='word_1_80' title='bbox 908 1399 1059 1496; x_wconf 86' lang='lat' dir='ltr'>poteslas</span> <span class='ocrx_word' id='word_1_81' title='bbox 1108 1400 1303 1496; x_wconf 89' lang='lat' dir='ltr'>procedens</span> <span class='ocrx_word' id='word_1_82' title='bbox 1318 1398 1361 1468; x_wconf 88' lang='lat' dir='ltr'>de</span> <span class='ocrx_word' id='word_1_83' title='bbox 1377 1416 1526 1494; x_wconf 90' lang='lat' dir='ltr'>utroque</span> <span class='ocrx_word' id='word_1_84' title='bbox 1544 1423 1614 1471; x_wconf 92' lang='lat' dir='ltr'>non</span> <span class='ocrx_word' id='word_1_85' title='bbox 1641 1401 1688 1469; x_wconf 87' lang='lat' dir='ltr'>est</span> <span class='ocrx_word' id='word_1_86' title='bbox 1704 1403 1840 1496; x_wconf 88' lang='lat' dir='ltr'>genitus</span> <span class='ocrx_word' id='word_1_87' title='bbox 1858 1422 1919 1478; x_wconf 90' lang='lat' dir='ltr'>aut</span> 
     </span>
     <span class='ocr_line' id='line_1_9' title="bbox 257 1493 1915 1594; baseline -0.001 -23"><span class='ocrx_word' id='word_1_88' title='bbox 257 1501 412 1594; x_wconf 89' lang='lat' dir='ltr'>separata</span> <span class='ocrx_word' id='word_1_89' title='bbox 442 1500 645 1576; x_wconf 85' lang='lat' dir='ltr'>naturaliter</span> <span class='ocrx_word' id='word_1_90' title='bbox 670 1497 728 1572; x_wconf 89' lang='lat' dir='ltr'>vel</span> <span class='ocrx_word' id='word_1_91' title='bbox 752 1497 914 1576; x_wconf 89' lang='lat' dir='ltr'>voluntas</span> <span class='ocrx_word' id='word_1_92' title='bbox 931 1493 1059 1569; x_wconf 82' lang='lat' dir='ltr'>·Simul</span> <span class='ocrx_word' id='word_1_93' title='bbox 1109 1515 1244 1570; x_wconf 91' lang='lat' dir='ltr'>creatus</span> <span class='ocrx_word' id='word_1_94' title='bbox 1259 1524 1268 1564; x_wconf 72' lang='grc' dir='ltr'><strong>ε</strong></span> <span class='ocrx_word' id='word_1_95' title='bbox 1285 1494 1344 1568; x_wconf 92' lang='lat' dir='ltr'>sed</span> <span class='ocrx_word' id='word_1_96' title='bbox 1369 1514 1510 1569; x_wconf 89' lang='lat' dir='ltr'>creator</span> <span class='ocrx_word' id='word_1_97' title='bbox 1527 1495 1753 1570; x_wconf 85' lang='lat' dir='ltr'>univerfitatis</span> <span class='ocrx_word' id='word_1_98' title='bbox 1781 1504 1817 1572; x_wconf 77' lang='grc' dir='ltr'>δι</span> <span class='ocrx_word' id='word_1_99' title='bbox 1832 1499 1915 1574; x_wconf 89' lang='lat' dir='ltr'>Do·</span> 
     </span>
     <span class='ocr_line' id='line_1_10' title="bbox 256 1589 1910 1690; baseline 0 -21"><span class='ocrx_word' id='word_1_100' title='bbox 256 1597 435 1672; x_wconf 91' lang='lat' dir='ltr'>individua</span> <span class='ocrx_word' id='word_1_101' title='bbox 448 1598 597 1670; x_wconf 86' lang='lat' dir='ltr'>Trinitas</span> <span class='ocrx_word' id='word_1_102' title='bbox 625 1598 780 1673; x_wconf 87' lang='lat' dir='ltr'>condidit</span> <span class='ocrx_word' id='word_1_103' title='bbox 805 1616 962 1690; x_wconf 91' lang='lat' dir='ltr'>tempora</span> <span class='ocrx_word' id='word_1_104' title='bbox 978 1619 987 1660; x_wconf 81' lang='lat' dir='ltr'>a</span> <span class='ocrx_word' id='word_1_105' title='bbox 1012 1592 1056 1663; x_wconf 87' lang='lat' dir='ltr'>fi·</span> <span class='ocrx_word' id='word_1_106' title='bbox 1105 1596 1214 1667; x_wconf 90' lang='lat' dir='ltr'>minus</span> <span class='ocrx_word' id='word_1_107' title='bbox 1228 1641 1239 1662; x_wconf 90' lang='lat'><strong>.</strong></span> <span class='ocrx_word' id='word_1_108' title='bbox 1252 1589 1327 1689; x_wconf 86' lang='lat' dir='ltr'>Ipse</span> <span class='ocrx_word' id='word_1_109' title='bbox 1341 1592 1444 1670; x_wconf 88' lang='lat' dir='ltr'>etiam</span> <span class='ocrx_word' id='word_1_110' title='bbox 1461 1592 1598 1667; x_wconf 90' lang='lat' dir='ltr'>creavit</span> <span class='ocrx_word' id='word_1_111' title='bbox 1612 1615 1750 1667; x_wconf 90' lang='lat' dir='ltr'>carnem</span> <span class='ocrx_word' id='word_1_112' title='bbox 1764 1596 1910 1671; x_wconf 81' lang='lat' dir='ltr'>Christis</span> 
     </span>
    </p>

    <p class='ocr_par' dir='ltr' id='par_1_4' title="bbox 211 1687 2000 2180">
     <span class='ocr_line' id='line_1_11' title="bbox 211 1687 1912 1789; baseline -0.002 -17"><span class='ocrx_word' id='word_1_113' title='bbox 211 1726 232 1772; x_wconf 79' lang='lat' dir='ltr'>o</span> <span class='ocrx_word' id='word_1_114' title='bbox 257 1691 326 1766; x_wconf 91' lang='lat' dir='ltr'>mul</span> <span class='ocrx_word' id='word_1_115' title='bbox 344 1696 522 1789; x_wconf 88' lang='lat' dir='ltr'>pereuntia</span> <span class='ocrx_word' id='word_1_116' title='bbox 536 1695 732 1768; x_wconf 81' lang='lat' dir='ltr'>restauravit</span> <span class='ocrx_word' id='word_1_117' title='bbox 749 1743 760 1765; x_wconf 86' lang='grc'><strong>.</strong></span> <span class='ocrx_word' id='word_1_118' title='bbox 785 1690 889 1766; x_wconf 87' lang='lat' dir='ltr'>Simul</span> <span class='ocrx_word' id='word_1_119' title='bbox 904 1694 1007 1764; x_wconf 89' lang='lat' dir='ltr'>Pater</span> <span class='ocrx_word' id='word_1_120' title='bbox 1019 1690 1055 1761; x_wconf 72' lang='grc' dir='ltr'>δε</span> <span class='ocrx_word' id='word_1_121' title='bbox 1104 1692 1242 1786; x_wconf 90' lang='lat' dir='ltr'>quando</span> <span class='ocrx_word' id='word_1_122' title='bbox 1258 1713 1324 1786; x_wconf 92' lang='lat' dir='ltr'>pro</span> <span class='ocrx_word' id='word_1_123' title='bbox 1336 1687 1442 1762; x_wconf 91' lang='lat' dir='ltr'>salute</span> <span class='ocrx_word' id='word_1_124' title='bbox 1456 1691 1612 1785; x_wconf 88' lang='lat' dir='ltr'>gentium</span> <span class='ocrx_word' id='word_1_125' title='bbox 1628 1713 1766 1765; x_wconf 88' lang='lat' dir='ltr'>crucem</span> <span class='ocrx_word' id='word_1_126' title='bbox 1783 1692 1912 1769; x_wconf 90' lang='lat' dir='ltr'>voluit</span> 
     </span>
     <span class='ocr_line' id='line_1_12' title="bbox 257 1784 2000 1887; baseline 0.002 -23"><span class='ocrx_word' id='word_1_127' title='bbox 257 1790 364 1864; x_wconf 88' lang='lat' dir='ltr'>Filius</span> <span class='ocrx_word' id='word_1_128' title='bbox 392 1797 427 1865; x_wconf 76' lang='grc' dir='ltr'>δι</span> <span class='ocrx_word' id='word_1_129' title='bbox 443 1791 592 1887; x_wconf 85' lang='lat' dir='ltr'>Spiritus</span> <span class='ocrx_word' id='word_1_130' title='bbox 605 1792 744 1866; x_wconf 69' lang='lat' dir='ltr'>Sandus</span> <span class='ocrx_word' id='word_1_131' title='bbox 772 1792 816 1867; x_wconf 89' lang='lat' dir='ltr'>ad</span> <span class='ocrx_word' id='word_1_132' title='bbox 844 1784 964 1864; x_wconf 88' lang='lat' dir='ltr'>fideles</span> <span class='ocrx_word' id='word_1_133' title='bbox 991 1809 1078 1858; x_wconf 87' lang='lat' dir='ltr'>ve··</span> <span class='ocrx_word' id='word_1_134' title='bbox 1106 1789 1178 1885; x_wconf 91' lang='lat' dir='ltr'>pati</span> <span class='ocrx_word' id='word_1_135' title='bbox 1192 1837 1203 1860; x_wconf 87' lang='grc'><strong>.</strong></span> <span class='ocrx_word' id='word_1_136' title='bbox 1216 1790 1330 1873; x_wconf 86' lang='lat' dir='ltr'>Quem</span> <span class='ocrx_word' id='word_1_137' title='bbox 1344 1811 1411 1882; x_wconf 91' lang='lat' dir='ltr'>pro</span> <span class='ocrx_word' id='word_1_138' title='bbox 1429 1788 1572 1884; x_wconf 79' lang='lat' dir='ltr'>pignore</span> <span class='ocrx_word' id='word_1_139' title='bbox 1589 1786 1718 1862; x_wconf 82' lang='lat' dir='ltr'>celestis</span> <span class='ocrx_word' id='word_1_140' title='bbox 1734 1793 1909 1868; x_wconf 85' lang='lat' dir='ltr'>heredita·</span> <span class='ocrx_word' id='word_1_141' title='bbox 1946 1795 2000 1887; x_wconf 61' lang='grc' dir='ltr'>ὅς</span> 
     </span>
     <span class='ocr_line' id='line_1_13' title="bbox 257 1881 1992 1983; baseline 0.001 -21"><span class='ocrx_word' id='word_1_142' title='bbox 257 1891 381 1963; x_wconf 77' lang='lat' dir='ltr'>niuntt</span> <span class='ocrx_word' id='word_1_143' title='bbox 408 1889 501 1963; x_wconf 81' lang='lat' dir='ltr'>simul</span> <span class='ocrx_word' id='word_1_144' title='bbox 527 1889 650 1983; x_wconf 88' lang='lat' dir='ltr'>impios</span> <span class='ocrx_word' id='word_1_145' title='bbox 674 1887 836 1963; x_wconf 88' lang='lat' dir='ltr'>deserunt</span> <span class='ocrx_word' id='word_1_146' title='bbox 851 1915 860 1956; x_wconf 81' lang='lat' dir='ltr'>a</span> <span class='ocrx_word' id='word_1_147' title='bbox 888 1881 1059 1976; x_wconf 80' lang='lat' dir='ltr'>simulque</span> <span class='ocrx_word' id='word_1_148' title='bbox 1108 1887 1156 1960; x_wconf 91' lang='lat' dir='ltr'>tis</span> <span class='ocrx_word' id='word_1_149' title='bbox 1170 1886 1359 1980; x_wconf 76' lang='lat' dir='ltr'>accepimus</span> <span class='ocrx_word' id='word_1_150' title='bbox 1374 1912 1383 1953; x_wconf 79' lang='lat' dir='ltr'>a</span> <span class='ocrx_word' id='word_1_151' title='bbox 1398 1889 1492 1970; x_wconf 80' lang='lat' dir='ltr'>cuius</span> <span class='ocrx_word' id='word_1_152' title='bbox 1506 1907 1633 1960; x_wconf 87' lang='lat' dir='ltr'>nomen</span> <span class='ocrx_word' id='word_1_153' title='bbox 1647 1885 1681 1958; x_wconf 91' lang='lat' dir='ltr'>in</span> <span class='ocrx_word' id='word_1_154' title='bbox 1695 1889 1912 1982; x_wconf 88' lang='lat' dir='ltr'>baptismate</span> <span class='ocrx_word' id='word_1_155' title='bbox 1988 1885 1992 1893; x_wconf 77' lang='grc'><strong>’</strong></span> 
     </span>
     <span class='ocr_line' id='line_1_14' title="bbox 258 1980 1910 2084; baseline 0.003 -27"><span class='ocrx_word' id='word_1_156' title='bbox 258 1986 361 2081; x_wconf 88' lang='lat' dir='ltr'>super</span> <span class='ocrx_word' id='word_1_157' title='bbox 374 1986 517 2061; x_wconf 87' lang='lat' dir='ltr'>humiles</span> <span class='ocrx_word' id='word_1_158' title='bbox 534 1982 774 2078; x_wconf 88' lang='lat' dir='ltr'>requiescunt.</span> <span class='ocrx_word' id='word_1_159' title='bbox 799 1986 895 2057; x_wconf 87' lang='lat' dir='ltr'>Istam</span> <span class='ocrx_word' id='word_1_160' title='bbox 910 1981 1057 2078; x_wconf 91' lang='lat' dir='ltr'>proinde</span> <span class='ocrx_word' id='word_1_161' title='bbox 1106 1984 1269 2059; x_wconf 87' lang='lat' dir='ltr'>confiteri</span> <span class='ocrx_word' id='word_1_162' title='bbox 1282 1980 1497 2055; x_wconf 88' lang='lat' dir='ltr'>salutiferum</span> <span class='ocrx_word' id='word_1_163' title='bbox 1508 1983 1674 2058; x_wconf 89' lang='lat' dir='ltr'>credimus</span> <span class='ocrx_word' id='word_1_164' title='bbox 1691 2010 1701 2052; x_wconf 82' lang='lat' dir='ltr'>t</span> <span class='ocrx_word' id='word_1_165' title='bbox 1719 2006 1757 2060; x_wconf 94' lang='lat' dir='ltr'>ut</span> <span class='ocrx_word' id='word_1_166' title='bbox 1773 1990 1910 2084; x_wconf 86' lang='lat' dir='ltr'>regnati</span> 
     </span>
     <span class='ocr_line' id='line_1_15' title="bbox 258 2077 2000 2180; baseline -0.001 -23"><span class='ocrx_word' id='word_1_167' title='bbox 258 2086 362 2158; x_wconf 85' lang='lat' dir='ltr'>fidem</span> <span class='ocrx_word' id='word_1_168' title='bbox 376 2083 584 2157; x_wconf 70' lang='lat' dir='ltr'>delesiemur</span> <span class='ocrx_word' id='word_1_169' title='bbox 596 2083 699 2175; x_wconf 88' lang='lat' dir='ltr'>usque</span> <span class='ocrx_word' id='word_1_170' title='bbox 712 2088 754 2156; x_wconf 93' lang='lat' dir='ltr'>ad</span> <span class='ocrx_word' id='word_1_171' title='bbox 768 2080 969 2180; x_wconf 86' lang='lat' dir='ltr'>sanguinem</span> <span class='ocrx_word' id='word_1_172' title='bbox 983 2081 1059 2150; x_wconf 91' lang='lat' dir='ltr'>vin·</span> <span class='ocrx_word' id='word_1_173' title='bbox 1109 2083 1151 2157; x_wconf 91' lang='lat' dir='ltr'>ad</span> <span class='ocrx_word' id='word_1_174' title='bbox 1164 2080 1348 2175; x_wconf 82' lang='lat' dir='ltr'>imaginem</span> <span class='ocrx_word' id='word_1_175' title='bbox 1357 2077 1559 2165; x_wconf 54' lang='lat' dir='ltr'>Trinitatisa</span> <span class='ocrx_word' id='word_1_176' title='bbox 1570 2083 1918 2176; x_wconf 87' lang='lat' dir='ltr'>computarimerea·</span> <span class='ocrx_word' id='word_1_177' title='bbox 1992 2153 2000 2166; x_wconf 77' lang='grc'><em>,</em></span> 
     </span>
    </p>

    <p class='ocr_par' dir='ltr' id='par_1_5' title="bbox 211 2175 1998 2472">
     <span class='ocr_line' id='line_1_16' title="bbox 211 2175 1913 2279; baseline 0.001 -27"><span class='ocrx_word' id='word_1_178' title='bbox 211 2205 229 2279; x_wconf 87' lang='lat'><em>5</em></span> <span class='ocrx_word' id='word_1_179' title='bbox 259 2181 372 2254; x_wconf 89' lang='lat' dir='ltr'>dicare</span> <span class='ocrx_word' id='word_1_180' title='bbox 386 2210 395 2250; x_wconf 80' lang='lat' dir='ltr'>a</span> <span class='ocrx_word' id='word_1_181' title='bbox 411 2179 607 2256; x_wconf 85' lang='lat' dir='ltr'>ssvolumus</span> <span class='ocrx_word' id='word_1_182' title='bbox 624 2181 691 2253; x_wconf 91' lang='lat' dir='ltr'>Dei</span> <span class='ocrx_word' id='word_1_183' title='bbox 705 2180 816 2256; x_wconf 89' lang='lat' dir='ltr'>Patris</span> <span class='ocrx_word' id='word_1_184' title='bbox 830 2180 975 2252; x_wconf 88' lang='lat' dir='ltr'>heredes</span> <span class='ocrx_word' id='word_1_185' title='bbox 989 2177 1061 2249; x_wconf 83' lang='lat' dir='ltr'>exi·</span> <span class='ocrx_word' id='word_1_186' title='bbox 1113 2203 1190 2255; x_wconf 89' lang='lat' dir='ltr'>mur</span> <span class='ocrx_word' id='word_1_187' title='bbox 1216 2175 1279 2250; x_wconf 81' lang='lat' dir='ltr'>ulii</span> <span class='ocrx_word' id='word_1_188' title='bbox 1297 2176 1366 2250; x_wconf 87' lang='lat' dir='ltr'>Dei</span> <span class='ocrx_word' id='word_1_189' title='bbox 1394 2177 1505 2251; x_wconf 87' lang='lat' dir='ltr'>Patris</span> <span class='ocrx_word' id='word_1_190' title='bbox 1522 2176 1770 2273; x_wconf 89' lang='lat' dir='ltr'>omnipotentis</span> <span class='ocrx_word' id='word_1_191' title='bbox 1787 2209 1796 2249; x_wconf 82' lang='lat' dir='ltr'>a</span> <span class='ocrx_word' id='word_1_192' title='bbox 1812 2205 1913 2274; x_wconf 90' lang='lat' dir='ltr'>quem</span> 
     </span>
     <span class='ocr_line' id='line_1_17' title="bbox 257 2270 1998 2378; baseline 0.001 -27"><span class='ocrx_word' id='word_1_193' title='bbox 257 2280 367 2352; x_wconf 79' lang='lat' dir='ltr'>flere.</span> <span class='ocrx_word' id='word_1_194' title='bbox 387 2283 432 2351; x_wconf 92' lang='lat' dir='ltr'>Ut</span> <span class='ocrx_word' id='word_1_195' title='bbox 446 2281 509 2352; x_wconf 93' lang='lat' dir='ltr'>hac</span> <span class='ocrx_word' id='word_1_196' title='bbox 524 2279 605 2352; x_wconf 83' lang='lat' dir='ltr'>fidei</span> <span class='ocrx_word' id='word_1_197' title='bbox 634 2279 795 2352; x_wconf 90' lang='lat' dir='ltr'>firmitate</span> <span class='ocrx_word' id='word_1_198' title='bbox 811 2275 935 2352; x_wconf 89' lang='lat' dir='ltr'>muniti</span> <span class='ocrx_word' id='word_1_199' title='bbox 951 2275 993 2351; x_wconf 91' lang='lat' dir='ltr'>ad</span> <span class='ocrx_word' id='word_1_200' title='bbox 1006 2298 1062 2350; x_wconf 86' lang='lat' dir='ltr'>ce·</span> <span class='ocrx_word' id='word_1_201' title='bbox 1112 2270 1320 2353; x_wconf 86' lang='lat' dir='ltr'>conlaudant</span> <span class='ocrx_word' id='word_1_202' title='bbox 1350 2297 1469 2349; x_wconf 90' lang='lat' dir='ltr'>omnes</span> <span class='ocrx_word' id='word_1_203' title='bbox 1499 2272 1611 2370; x_wconf 90' lang='lat' dir='ltr'>angeli</span> <span class='ocrx_word' id='word_1_204' title='bbox 1642 2276 1691 2351; x_wconf 86' lang='lat' dir='ltr'>ica</span> <span class='ocrx_word' id='word_1_205' title='bbox 1719 2277 1874 2354; x_wconf 87' lang='lat' dir='ltr'>diceutes</span> <span class='ocrx_word' id='word_1_206' title='bbox 1905 2330 1918 2353; x_wconf 87' lang='lat'><strong>.</strong></span> <span class='ocrx_word' id='word_1_207' title='bbox 1946 2298 1998 2378; x_wconf 74' lang='lat'>70]</span> 
     </span>
     <span class='ocr_line' id='line_1_18' title="bbox 255 2371 1706 2472; baseline 0 -25"><span class='ocrx_word' id='word_1_208' title='bbox 255 2373 338 2447; x_wconf 87' lang='lat' dir='ltr'>lelle</span> <span class='ocrx_word' id='word_1_209' title='bbox 353 2402 493 2472; x_wconf 86' lang='lat' dir='ltr'>regnum</span> <span class='ocrx_word' id='word_1_210' title='bbox 506 2375 743 2471; x_wconf 83' lang='lat' dir='ltr'>perveniamus</span> <span class='ocrx_word' id='word_1_211' title='bbox 756 2374 872 2472; x_wconf 20' lang='lat' dir='ltr'>inlesi...</span> <span class='ocrx_word' id='word_1_212' title='bbox 1118 2371 1319 2472; x_wconf 70' lang='lat' dir='ltr'>ansanum</span> <span class='ocrx_word' id='word_1_213' title='bbox 1333 2374 1498 2448; x_wconf 77' lang='lat' dir='ltr'>·San6lus</span> <span class='ocrx_word' id='word_1_214' title='bbox 1514 2422 1525 2443; x_wconf 90' lang='lat'><strong>.</strong></span> <span class='ocrx_word' id='word_1_215' title='bbox 1540 2375 1706 2449; x_wconf 68' lang='lat' dir='ltr'>sanstus.</span> 
     </span>
    </p>

    <p class='ocr_par' dir='ltr' id='par_1_6' title="bbox 311 2466 2065 2754">
     <span class='ocr_line' id='line_1_19' title="bbox 311 2466 1657 2565; baseline 0 -19"><span class='ocrx_word' id='word_1_216' title='bbox 311 2489 361 2565; x_wconf 74' lang='lat'>132.</span> <span class='ocrx_word' id='word_1_217' title='bbox 377 2479 490 2548; x_wconf 83' lang='lat' dir='ltr'>Amen</span> <span class='ocrx_word' id='word_1_218' title='bbox 508 2524 519 2545; x_wconf 92' lang='lat'><strong>.</strong></span> <span class='ocrx_word' id='word_1_219' title='bbox 1401 2466 1479 2554; x_wconf 71' lang='lat' dir='ltr'>1³0ss</span> <span class='ocrx_word' id='word_1_220' title='bbox 1494 2473 1657 2546; x_wconf 76' lang='lat' dir='ltr'>Sanssus.</span> 
     </span>
     <span class='ocr_line' id='line_1_20' title="bbox 544 2568 1924 2754; baseline 0.003 -108"><span class='ocrx_word' id='word_1_221' title='bbox 544 2574 791 2649; x_wconf 71' lang='lat' dir='ltr'>Aliaoratio.</span> <span class='ocrx_word' id='word_1_222' title='bbox 1118 2571 1291 2754; x_wconf 81' lang='lat' dir='ltr'>Hoc</span> <span class='ocrx_word' id='word_1_223' title='bbox 1306 2587 1444 2644; x_wconf 87' lang='lat' dir='ltr'>cantant</span> <span class='ocrx_word' id='word_1_224' title='bbox 1458 2568 1678 2669; x_wconf 77' lang='lat' dir='ltr'>angelithoc</span> <span class='ocrx_word' id='word_1_225' title='bbox 1691 2575 1924 2652; x_wconf 61' lang='lat' dir='ltr'>resonantcea</span> 
     </span>
    </p>

    <p class='ocr_par' dir='ltr' id='par_1_7' title="bbox 211 2667 1922 2768">
     <span class='ocr_line' id='line_1_21' title="bbox 211 2667 1922 2768; baseline 0.003 -23"><span class='ocrx_word' id='word_1_226' title='bbox 211 2698 231 2745; x_wconf 87' lang='lat' dir='ltr'>o</span> <span class='ocrx_word' id='word_1_227' title='bbox 373 2672 439 2742; x_wconf 85' lang='lat' dir='ltr'>Eus</span> <span class='ocrx_word' id='word_1_228' title='bbox 461 2669 571 2746; x_wconf 84' lang='lat' dir='ltr'>fidelis</span> <span class='ocrx_word' id='word_1_229' title='bbox 586 2672 643 2768; x_wconf 92' lang='lat' dir='ltr'>qui</span> <span class='ocrx_word' id='word_1_230' title='bbox 659 2669 776 2744; x_wconf 88' lang='lat' dir='ltr'>lidelia</span> <span class='ocrx_word' id='word_1_231' title='bbox 804 2669 966 2765; x_wconf 80' lang='lat' dir='ltr'>promissa</span> <span class='ocrx_word' id='word_1_232' title='bbox 982 2671 1069 2746; x_wconf 63' lang='lat' dir='ltr'>conl</span> <span class='ocrx_word' id='word_1_233' title='bbox 1244 2667 1268 2742; x_wconf 92' lang='lat' dir='ltr'>li</span> <span class='ocrx_word' id='word_1_234' title='bbox 1284 2670 1505 2743; x_wconf 72' lang='lat' dir='ltr'>abenediflus</span> <span class='ocrx_word' id='word_1_235' title='bbox 1520 2667 1579 2764; x_wconf 93' lang='lat' dir='ltr'>qui</span> <span class='ocrx_word' id='word_1_236' title='bbox 1607 2673 1754 2745; x_wconf 91' lang='lat' dir='ltr'>venitin</span> <span class='ocrx_word' id='word_1_237' title='bbox 1782 2675 1922 2751; x_wconf 87' lang='lat' dir='ltr'>nomine</span> 
     </span>
    </p>

    <p class='ocr_par' dir='ltr' id='par_1_8' title="bbox 259 2764 2002 3155">
     <span class='ocr_line' id='line_1_22' title="bbox 386 2764 2002 2870; baseline 0.004 -30"><span class='ocrx_word' id='word_1_238' title='bbox 386 2770 498 2844; x_wconf 89' lang='lat' dir='ltr'>firmas</span> <span class='ocrx_word' id='word_1_239' title='bbox 511 2795 520 2836; x_wconf 77' lang='lat' dir='ltr'>a</span> <span class='ocrx_word' id='word_1_240' title='bbox 534 2773 613 2844; x_wconf 90' lang='lat' dir='ltr'>dum</span> <span class='ocrx_word' id='word_1_241' title='bbox 630 2788 773 2844; x_wconf 89' lang='lat' dir='ltr'>vocatas</span> <span class='ocrx_word' id='word_1_242' title='bbox 793 2791 919 2866; x_wconf 87' lang='lat' dir='ltr'>gentes</span> <span class='ocrx_word' id='word_1_243' title='bbox 934 2791 979 2839; x_wconf 87' lang='lat' dir='ltr'>ex</span> <span class='ocrx_word' id='word_1_244' title='bbox 995 2771 1065 2842; x_wconf 87' lang='lat' dir='ltr'>fide</span> <span class='ocrx_word' id='word_1_245' title='bbox 1113 2767 1259 2843; x_wconf 87' lang='lat' dir='ltr'>Domini</span> <span class='ocrx_word' id='word_1_246' title='bbox 1277 2794 1286 2834; x_wconf 73' lang='grc' dir='ltr'><strong>ε</strong></span> <span class='ocrx_word' id='word_1_247' title='bbox 1304 2764 1521 2843; x_wconf 73' lang='lat' dir='ltr'>benedictum</span> <span class='ocrx_word' id='word_1_248' title='bbox 1538 2769 1630 2860; x_wconf 92' lang='lat' dir='ltr'>quod</span> <span class='ocrx_word' id='word_1_249' title='bbox 1650 2771 1747 2843; x_wconf 89' lang='lat' dir='ltr'>venit</span> <span class='ocrx_word' id='word_1_250' title='bbox 1774 2796 1921 2869; x_wconf 88' lang='lat' dir='ltr'>regnum</span> <span class='ocrx_word' id='word_1_251' title='bbox 1950 2793 2002 2870; x_wconf 68' lang='lat'>75</span> 
     </span>
     <span class='ocr_line' id='line_1_23' title="bbox 259 2864 1921 2979; baseline 0.005 -45"><span class='ocrx_word' id='word_1_252' title='bbox 259 2867 420 2951; x_wconf 78' lang='lat' dir='ltr'>justificas</span> <span class='ocrx_word' id='word_1_253' title='bbox 452 2897 461 2937; x_wconf 82' lang='lat' dir='ltr'>a</span> <span class='ocrx_word' id='word_1_254' title='bbox 490 2887 527 2939; x_wconf 88' lang='lat' dir='ltr'>tu</span> <span class='ocrx_word' id='word_1_255' title='bbox 552 2867 790 2979; x_wconf 78' lang='lat' dir='ltr'>cognitionem</span> <span class='ocrx_word' id='word_1_256' title='bbox 825 2867 923 2941; x_wconf 88' lang='lat' dir='ltr'>nobis</span> <span class='ocrx_word' id='word_1_257' title='bbox 950 2868 1064 2940; x_wconf 90' lang='lat' dir='ltr'>tribue</span> <span class='ocrx_word' id='word_1_258' title='bbox 1117 2869 1222 2963; x_wconf 87' lang='lat' dir='ltr'>patris</span> <span class='ocrx_word' id='word_1_259' title='bbox 1251 2864 1355 2938; x_wconf 87' lang='lat' dir='ltr'>nostri</span> <span class='ocrx_word' id='word_1_260' title='bbox 1381 2865 1498 2937; x_wconf 91' lang='lat' dir='ltr'>David</span> <span class='ocrx_word' id='word_1_261' title='bbox 1531 2866 1657 2939; x_wconf 90' lang='lat' dir='ltr'>osanna</span> <span class='ocrx_word' id='word_1_262' title='bbox 1687 2869 1722 2940; x_wconf 92' lang='lat' dir='ltr'>in</span> <span class='ocrx_word' id='word_1_263' title='bbox 1751 2867 1921 2944; x_wconf 83' lang='lat' dir='ltr'>excellis.</span> 
     </span>
     <span class='ocr_line' id='line_1_24' title="bbox 261 2961 1919 3060; baseline 0.005 -30"><span class='ocrx_word' id='word_1_264' title='bbox 261 2961 448 3035; x_wconf 79' lang='lat' dir='ltr'>Trinitatis</span> <span class='ocrx_word' id='word_1_265' title='bbox 467 2992 476 3034; x_wconf 82' lang='lat' dir='ltr'>t</span> <span class='ocrx_word' id='word_1_266' title='bbox 492 2985 529 3038; x_wconf 93' lang='lat' dir='ltr'>ut</span> <span class='ocrx_word' id='word_1_267' title='bbox 547 2963 678 3060; x_wconf 77' lang='lat' dir='ltr'>pacifici</span> <span class='ocrx_word' id='word_1_268' title='bbox 705 2963 950 3058; x_wconf 84' lang='lat' dir='ltr'>conversemur</span> <span class='ocrx_word' id='word_1_269' title='bbox 971 2962 1063 3037; x_wconf 88' lang='lat' dir='ltr'>inter</span> <span class='ocrx_word' id='word_1_270' title='bbox 1112 2963 1265 3038; x_wconf 81' lang='lat' dir='ltr'>Christus</span> <span class='ocrx_word' id='word_1_271' title='bbox 1282 2962 1454 3037; x_wconf 90' lang='lat' dir='ltr'>Dominus</span> <span class='ocrx_word' id='word_1_272' title='bbox 1467 2987 1507 3038; x_wconf 90' lang='lat' dir='ltr'>ac</span> <span class='ocrx_word' id='word_1_273' title='bbox 1521 2966 1726 3058; x_wconf 90' lang='lat' dir='ltr'>redemptor</span> <span class='ocrx_word' id='word_1_274' title='bbox 1748 2985 1919 3042; x_wconf 82' lang='lat' dir='ltr'>eternus.</span> 
     </span>
     <span class='ocr_line' id='line_1_25' title="bbox 263 3054 1631 3155; baseline -0.001 -23"><span class='ocrx_word' id='word_1_275' title='bbox 263 3057 355 3132; x_wconf 88' lang='lat' dir='ltr'>filios</span> <span class='ocrx_word' id='word_1_276' title='bbox 368 3062 507 3135; x_wconf 87' lang='lat' dir='ltr'>unitatis</span> <span class='ocrx_word' id='word_1_277' title='bbox 523 3090 531 3130; x_wconf 76' lang='grc' dir='ltr'><strong>ε</strong></span> <span class='ocrx_word' id='word_1_278' title='bbox 548 3086 617 3155; x_wconf 91' lang='lat' dir='ltr'>quo</span> <span class='ocrx_word' id='word_1_279' title='bbox 635 3060 723 3136; x_wconf 84' lang='lat' dir='ltr'>istius</span> <span class='ocrx_word' id='word_1_280' title='bbox 740 3054 852 3134; x_wconf 64' lang='lat' dir='ltr'>sanae</span> <span class='ocrx_word' id='word_1_281' title='bbox 875 3060 1063 3134; x_wconf 80' lang='lat' dir='ltr'>conferun-</span> <span class='ocrx_word' id='word_1_282' title='bbox 1411 3056 1488 3140; x_wconf 75' lang='lat' dir='ltr'>Poss</span> <span class='ocrx_word' id='word_1_283' title='bbox 1497 3062 1631 3153; x_wconf 83' lang='lat' dir='ltr'>pridie.</span> 
     </span>
    </p>

    <p class='ocr_par' dir='ltr' id='par_1_9' title="bbox 211 3153 2001 3546">
     <span class='ocr_line' id='line_1_26' title="bbox 211 3153 1922 3258; baseline -0.002 -31"><span class='ocrx_word' id='word_1_284' title='bbox 211 3188 231 3258; x_wconf 84' lang='lat'><em>5</em></span> <span class='ocrx_word' id='word_1_285' title='bbox 263 3157 315 3228; x_wconf 92' lang='lat' dir='ltr'>nis</span> <span class='ocrx_word' id='word_1_286' title='bbox 331 3155 501 3235; x_wconf 86' lang='lat' dir='ltr'>sacrificio</span> <span class='ocrx_word' id='word_1_287' title='bbox 517 3178 756 3254; x_wconf 87' lang='lat' dir='ltr'>competenter</span> <span class='ocrx_word' id='word_1_288' title='bbox 784 3155 906 3229; x_wconf 90' lang='lat' dir='ltr'>oblato</span> <span class='ocrx_word' id='word_1_289' title='bbox 923 3183 934 3224; x_wconf 81' lang='lat' dir='ltr'>a</span> <span class='ocrx_word' id='word_1_290' title='bbox 950 3157 1070 3230; x_wconf 87' lang='lat' dir='ltr'>visrta·</span> <span class='ocrx_word' id='word_1_291' title='bbox 1223 3157 1333 3231; x_wconf 87' lang='lat' dir='ltr'>Hrisle</span> <span class='ocrx_word' id='word_1_292' title='bbox 1348 3157 1418 3229; x_wconf 92' lang='lat' dir='ltr'>Dei</span> <span class='ocrx_word' id='word_1_293' title='bbox 1434 3153 1522 3227; x_wconf 86' lang='lat' dir='ltr'>lilius</span> <span class='ocrx_word' id='word_1_294' title='bbox 1546 3180 1648 3249; x_wconf 87' lang='lat' dir='ltr'>quem</span> <span class='ocrx_word' id='word_1_295' title='bbox 1673 3158 1756 3234; x_wconf 90' lang='lat' dir='ltr'>olim</span> <span class='ocrx_word' id='word_1_296' title='bbox 1782 3167 1829 3238; x_wconf 92' lang='lat' dir='ltr'>ob</span> <span class='ocrx_word' id='word_1_297' title='bbox 1854 3165 1922 3240; x_wconf 85' lang='lat' dir='ltr'>ho.¹</span> 
     </span>
     <span class='ocr_line' id='line_1_27' title="bbox 266 3252 2001 3335; baseline 0.005 -9"><span class='ocrx_word' id='word_1_298' title='bbox 266 3255 396 3326; x_wconf 88' lang='lat' dir='ltr'>tionem</span> <span class='ocrx_word' id='word_1_299' title='bbox 412 3274 506 3330; x_wconf 87' lang='lat' dir='ltr'>tuam</span> <span class='ocrx_word' id='word_1_300' title='bbox 522 3279 712 3330; x_wconf 88' lang='lat' dir='ltr'>mereamur</span> <span class='ocrx_word' id='word_1_301' title='bbox 725 3252 885 3330; x_wconf 88' lang='lat' dir='ltr'>obtinere</span> <span class='ocrx_word' id='word_1_302' title='bbox 907 3252 1043 3327; x_wconf 82' lang='lat' dir='ltr'>exalto</span> <span class='ocrx_word' id='word_1_303' title='bbox 1059 3303 1070 3325; x_wconf 87' lang='lat'><strong>.</strong></span> <span class='ocrx_word' id='word_1_304' title='bbox 1231 3256 1349 3329; x_wconf 90' lang='lat' dir='ltr'>dierne</span> <span class='ocrx_word' id='word_1_305' title='bbox 1367 3252 1580 3329; x_wconf 89' lang='lat' dir='ltr'>solennitatis</span> <span class='ocrx_word' id='word_1_306' title='bbox 1594 3256 1710 3332; x_wconf 79' lang='lat' dir='ltr'>fenum</span> <span class='ocrx_word' id='word_1_307' title='bbox 1724 3265 1822 3335; x_wconf 89' lang='lat' dir='ltr'>turba</span> <span class='ocrx_word' id='word_1_308' title='bbox 1831 3262 1920 3335; x_wconf 91' lang='lat' dir='ltr'>mul·</span> <span class='ocrx_word' id='word_1_309' title='bbox 1951 3263 2001 3335; x_wconf 87' lang='lat'>80</span> 
     </span>
     <span class='ocr_line' id='line_1_28' title="bbox 265 3350 1923 3450; baseline 0.006 -26"><span class='ocrx_word' id='word_1_310' title='bbox 265 3364 317 3442; x_wconf 76' lang='lat'>132.</span> <span class='ocrx_word' id='word_1_311' title='bbox 332 3355 469 3428; x_wconf 83' lang='lat' dir='ltr'>Amen.</span> <span class='ocrx_word' id='word_1_312' title='bbox 489 3357 556 3429; x_wconf 86' lang='lat' dir='ltr'>Per</span> <span class='ocrx_word' id='word_1_313' title='bbox 576 3352 843 3429; x_wconf 88' lang='lat' dir='ltr'>misericordiam</span> <span class='ocrx_word' id='word_1_314' title='bbox 866 3367 960 3426; x_wconf 89' lang='lat' dir='ltr'>tuam</span> <span class='ocrx_word' id='word_1_315' title='bbox 972 3350 1067 3426; x_wconf 89' lang='lat' dir='ltr'>Deus</span> <span class='ocrx_word' id='word_1_316' title='bbox 1117 3354 1231 3450; x_wconf 84' lang='lat' dir='ltr'>ciplex</span> <span class='ocrx_word' id='word_1_317' title='bbox 1245 3353 1465 3429; x_wconf 90' lang='lat' dir='ltr'>Hebreorum</span> <span class='ocrx_word' id='word_1_318' title='bbox 1482 3351 1626 3426; x_wconf 81' lang='lat' dir='ltr'>ramis&amp;</span> <span class='ocrx_word' id='word_1_319' title='bbox 1644 3354 1762 3448; x_wconf 89' lang='lat' dir='ltr'>palmis</span> <span class='ocrx_word' id='word_1_320' title='bbox 1780 3363 1923 3435; x_wconf 89' lang='lat' dir='ltr'>ovanti-</span> 
     </span>
     <span class='ocr_line' id='line_1_29' title="bbox 262 3450 1921 3546; baseline 0.005 -24"><span class='ocrx_word' id='word_1_321' title='bbox 262 3451 379 3524; x_wconf 85' lang='lat' dir='ltr'>noster</span> <span class='ocrx_word' id='word_1_322' title='bbox 393 3454 461 3523; x_wconf 80' lang='lat' dir='ltr'>dcc.</span> <span class='ocrx_word' id='word_1_323' title='bbox 931 3504 936 3511; x_wconf 89' lang='lat'><em>-</em></span> <span class='ocrx_word' id='word_1_324' title='bbox 1118 3452 1180 3524; x_wconf 93' lang='lat' dir='ltr'>bus</span> <span class='ocrx_word' id='word_1_325' title='bbox 1195 3450 1316 3524; x_wconf 87' lang='lat' dir='ltr'>animis</span> <span class='ocrx_word' id='word_1_326' title='bbox 1345 3451 1563 3546; x_wconf 87' lang='lat' dir='ltr'>susceperunt</span> <span class='ocrx_word' id='word_1_327' title='bbox 1579 3496 1590 3519; x_wconf 88' lang='lat'><strong>.</strong></span> <span class='ocrx_word' id='word_1_328' title='bbox 1604 3452 1769 3528; x_wconf 79' lang='lat' dir='ltr'>Concede</span> <span class='ocrx_word' id='word_1_329' title='bbox 1794 3459 1892 3532; x_wconf 87' lang='lat' dir='ltr'>nobis</span> <span class='ocrx_word' id='word_1_330' title='bbox 1910 3488 1921 3530; x_wconf 86' lang='lat' dir='ltr'>a</span> 
     </span>
    </p>

    <p class='ocr_par' dir='ltr' id='par_1_10' title="bbox 459 3547 1920 3646">
     <span class='ocr_line' id='line_1_30' title="bbox 459 3547 1920 3646; baseline 0.006 -23"><span class='ocrx_word' id='word_1_331' title='bbox 459 3549 536 3637; x_wconf 76' lang='lat' dir='ltr'>Post</span> <span class='ocrx_word' id='word_1_332' title='bbox 549 3555 704 3627; x_wconf 77' lang='lat' dir='ltr'>ramira·</span> <span class='ocrx_word' id='word_1_333' title='bbox 733 3556 873 3643; x_wconf 67' lang='lat' dir='ltr'>orario.</span> <span class='ocrx_word' id='word_1_334' title='bbox 1117 3569 1156 3622; x_wconf 90' lang='lat' dir='ltr'>ut</span> <span class='ocrx_word' id='word_1_335' title='bbox 1170 3550 1253 3646; x_wconf 71' lang='lat' dir='ltr'>ficut</span> <span class='ocrx_word' id='word_1_336' title='bbox 1272 3547 1318 3622; x_wconf 93' lang='lat' dir='ltr'>illi</span> <span class='ocrx_word' id='word_1_337' title='bbox 1337 3547 1508 3645; x_wconf 87' lang='lat' dir='ltr'>presentia</span> <span class='ocrx_word' id='word_1_338' title='bbox 1536 3567 1595 3622; x_wconf 86' lang='lat' dir='ltr'>tua</span> <span class='ocrx_word' id='word_1_339' title='bbox 1621 3551 1725 3646; x_wconf 83' lang='lat' dir='ltr'>gavifi</span> <span class='ocrx_word' id='word_1_340' title='bbox 1751 3555 1855 3627; x_wconf 79' lang='lat' dir='ltr'>sunta</span> <span class='ocrx_word' id='word_1_341' title='bbox 1871 3556 1920 3632; x_wconf 88' lang='lat' dir='ltr'>ita</span> 
     </span>
    </p>

    <p class='ocr_par' dir='ltr' id='par_1_11' title="bbox 211 3645 1924 3831">
     <span class='ocr_line' id='line_1_31' title="bbox 211 3645 1924 3831; baseline -0.002 -102"><span class='ocrx_word' id='word_1_342' title='bbox 211 3679 231 3729; x_wconf 79' lang='lat' dir='ltr'>o</span> <span class='ocrx_word' id='word_1_343' title='bbox 266 3648 584 3831; x_wconf 86' lang='lat' dir='ltr'>OFserentium</span> <span class='ocrx_word' id='word_1_344' title='bbox 606 3653 781 3746; x_wconf 89' lang='lat' dir='ltr'>quesumus</span> <span class='ocrx_word' id='word_1_345' title='bbox 800 3649 952 3727; x_wconf 91' lang='lat' dir='ltr'>Domine</span> <span class='ocrx_word' id='word_1_346' title='bbox 979 3666 1069 3726; x_wconf 88' lang='lat' dir='ltr'>vota</span> <span class='ocrx_word' id='word_1_347' title='bbox 1118 3649 1182 3721; x_wconf 87' lang='lat' dir='ltr'>hec</span> <span class='ocrx_word' id='word_1_348' title='bbox 1197 3647 1358 3721; x_wconf 88' lang='lat' dir='ltr'>sacrificia</span> <span class='ocrx_word' id='word_1_349' title='bbox 1372 3645 1509 3744; x_wconf 89' lang='lat' dir='ltr'>pietatis</span> <span class='ocrx_word' id='word_1_350' title='bbox 1535 3664 1594 3718; x_wconf 90' lang='lat' dir='ltr'>tue</span> <span class='ocrx_word' id='word_1_351' title='bbox 1623 3650 1750 3723; x_wconf 89' lang='lat' dir='ltr'>obtutu</span> <span class='ocrx_word' id='word_1_352' title='bbox 1777 3651 1924 3727; x_wconf 60' lang='lat' dir='ltr'>sanctifi:</span> 
     </span>
    </p>

    <p class='ocr_par' dir='ltr' id='par_1_12' title="bbox 264 3739 2004 4137">
     <span class='ocr_line' id='line_1_32' title="bbox 388 3739 2004 3845; baseline 0.005 -27"><span class='ocrx_word' id='word_1_353' title='bbox 388 3746 649 3842; x_wconf 73' lang='lat' dir='ltr'>multiplicaz&amp;</span> <span class='ocrx_word' id='word_1_354' title='bbox 676 3773 796 3823; x_wconf 88' lang='lat' dir='ltr'>omnes</span> <span class='ocrx_word' id='word_1_355' title='bbox 821 3749 856 3822; x_wconf 93' lang='lat' dir='ltr'>in</span> <span class='ocrx_word' id='word_1_356' title='bbox 885 3771 1066 3823; x_wconf 87' lang='lat' dir='ltr'>commune</span> <span class='ocrx_word' id='word_1_357' title='bbox 1114 3749 1361 3836; x_wconf 82' lang='lat' dir='ltr'>centur·Qo</span> <span class='ocrx_word' id='word_1_358' title='bbox 1374 3769 1418 3817; x_wconf 82' lang='lat' dir='ltr'>ex</span> <span class='ocrx_word' id='word_1_359' title='bbox 1446 3745 1498 3816; x_wconf 85' lang='lat' dir='ltr'>his</span> <span class='ocrx_word' id='word_1_360' title='bbox 1527 3739 1756 3823; x_wconf 81' lang='lat' dir='ltr'>libantesaita</span> <span class='ocrx_word' id='word_1_361' title='bbox 1771 3775 1834 3845; x_wconf 90' lang='lat' dir='ltr'>per</span> <span class='ocrx_word' id='word_1_362' title='bbox 1853 3779 1915 3825; x_wconf 87' lang='lat' dir='ltr'>ve·</span> <span class='ocrx_word' id='word_1_363' title='bbox 1952 3754 2004 3843; x_wconf 71' lang='lat'>85</span> 
     </span>
     <span class='ocr_line' id='line_1_33' title="bbox 264 3837 2001 3942; baseline 0.005 -27"><span class='ocrx_word' id='word_1_364' title='bbox 264 3864 351 3915; x_wconf 88' lang='lat' dir='ltr'>vere</span> <span class='ocrx_word' id='word_1_365' title='bbox 380 3844 597 3924; x_wconf 87' lang='lat' dir='ltr'>credulitatis</span> <span class='ocrx_word' id='word_1_366' title='bbox 626 3850 847 3922; x_wconf 86' lang='lat' dir='ltr'>instrumento</span> <span class='ocrx_word' id='word_1_367' title='bbox 872 3846 1034 3942; x_wconf 89' lang='lat' dir='ltr'>perlustra</span> <span class='ocrx_word' id='word_1_368' title='bbox 1055 3892 1067 3916; x_wconf 82' lang='lat'><strong>·</strong></span> <span class='ocrx_word' id='word_1_369' title='bbox 1116 3867 1186 3919; x_wconf 90' lang='lat' dir='ltr'>ram</span> <span class='ocrx_word' id='word_1_370' title='bbox 1200 3844 1303 3919; x_wconf 88' lang='lat' dir='ltr'>fidem</span> <span class='ocrx_word' id='word_1_371' title='bbox 1324 3841 1519 3932; x_wconf 78' lang='lat' dir='ltr'>rectamque</span> <span class='ocrx_word' id='word_1_372' title='bbox 1534 3837 1753 3921; x_wconf 64' lang='lat' dir='ltr'>dilectionem</span> <span class='ocrx_word' id='word_1_373' title='bbox 1772 3877 1781 3916; x_wconf 80' lang='lat' dir='ltr'>a</span> <span class='ocrx_word' id='word_1_374' title='bbox 1798 3848 1915 3929; x_wconf 87' lang='lat' dir='ltr'>vivam</span> <span class='ocrx_word' id='word_1_375' title='bbox 1999 3847 2001 3851; x_wconf 48' lang='lat'><em>⁷</em></span> 
     </span>
     <span class='ocr_line' id='line_1_34' title="bbox 265 3938 1921 4040; baseline 0.001 -27"><span class='ocrx_word' id='word_1_376' title='bbox 265 3939 390 4033; x_wconf 93' lang='lat' dir='ltr'>Sicque</span> <span class='ocrx_word' id='word_1_377' title='bbox 406 3943 505 4016; x_wconf 91' lang='lat' dir='ltr'>nobis</span> <span class='ocrx_word' id='word_1_378' title='bbox 521 3970 583 4040; x_wconf 88' lang='lat' dir='ltr'>per</span> <span class='ocrx_word' id='word_1_379' title='bbox 599 3945 666 4020; x_wconf 87' lang='lat' dir='ltr'>hoc</span> <span class='ocrx_word' id='word_1_380' title='bbox 681 3945 877 4020; x_wconf 89' lang='lat' dir='ltr'>sacrificium</span> <span class='ocrx_word' id='word_1_381' title='bbox 894 3945 989 4037; x_wconf 91' lang='lat' dir='ltr'>quod</span> <span class='ocrx_word' id='word_1_382' title='bbox 1003 3940 1067 4016; x_wconf 87' lang='lat' dir='ltr'>tibi</span> <span class='ocrx_word' id='word_1_383' title='bbox 1117 3943 1180 4016; x_wconf 87' lang='lat' dir='ltr'>tibi</span> <span class='ocrx_word' id='word_1_384' title='bbox 1196 3963 1416 4037; x_wconf 90' lang='lat' dir='ltr'>preparemur</span> <span class='ocrx_word' id='word_1_385' title='bbox 1433 3939 1468 4008; x_wconf 93' lang='lat' dir='ltr'>in</span> <span class='ocrx_word' id='word_1_386' title='bbox 1485 3938 1634 4011; x_wconf 86' lang='lat' dir='ltr'>¹lrosliam</span> <span class='ocrx_word' id='word_1_387' title='bbox 1651 3962 1715 4016; x_wconf 37' lang='lat' dir='ltr'>aaut</span> <span class='ocrx_word' id='word_1_388' title='bbox 1733 3942 1843 4018; x_wconf 89' lang='lat' dir='ltr'>securi</span> <span class='ocrx_word' id='word_1_389' title='bbox 1860 3971 1921 4019; x_wconf 88' lang='lat' dir='ltr'>ac-</span> 
     </span>
     <span class='ocr_line' id='line_1_35' title="bbox 267 4033 1920 4137; baseline 0.006 -28"><span class='ocrx_word' id='word_1_390' title='bbox 267 4061 345 4110; x_wconf 89' lang='lat' dir='ltr'>cum</span> <span class='ocrx_word' id='word_1_391' title='bbox 362 4060 451 4115; x_wconf 91' lang='lat' dir='ltr'>voto</span> <span class='ocrx_word' id='word_1_392' title='bbox 465 4043 544 4113; x_wconf 89' lang='lat' dir='ltr'>fidei</span> <span class='ocrx_word' id='word_1_393' title='bbox 561 4043 753 4119; x_wconf 87' lang='lat' dir='ltr'>dedicamus</span> <span class='ocrx_word' id='word_1_394' title='bbox 765 4041 879 4115; x_wconf 87' lang='lat' dir='ltr'>adello</span> <span class='ocrx_word' id='word_1_395' title='bbox 894 4037 1066 4137; x_wconf 82' lang='lat' dir='ltr'>placatusa</span> <span class='ocrx_word' id='word_1_396' title='bbox 1116 4042 1277 4116; x_wconf 87' lang='lat' dir='ltr'>cedamus</span> <span class='ocrx_word' id='word_1_397' title='bbox 1290 4039 1333 4113; x_wconf 92' lang='lat' dir='ltr'>ad</span> <span class='ocrx_word' id='word_1_398' title='bbox 1347 4055 1406 4111; x_wconf 91' lang='lat' dir='ltr'>tue</span> <span class='ocrx_word' id='word_1_399' title='bbox 1422 4034 1580 4132; x_wconf 81' lang='lat' dir='ltr'>paffionis</span> <span class='ocrx_word' id='word_1_400' title='bbox 1591 4033 1845 4118; x_wconf 79' lang='lat' dir='ltr'>sacratissimam</span> <span class='ocrx_word' id='word_1_401' title='bbox 1861 4068 1920 4122; x_wconf 79' lang='lat' dir='ltr'>ce-</span> 
     </span>
    </p>

    <p class='ocr_par' dir='ltr' id='par_1_13' title="bbox 211 4133 2003 4435">
     <span class='ocr_line' id='line_1_36' title="bbox 211 4133 1958 4234; baseline 0.003 -30"><span class='ocrx_word' id='word_1_402' title='bbox 211 4161 230 4234; x_wconf 88' lang='lat'><em>5</em></span> <span class='ocrx_word' id='word_1_403' title='bbox 267 4136 369 4209; x_wconf 87' lang='lat' dir='ltr'>ut&amp;</span> <span class='ocrx_word' id='word_1_404' title='bbox 392 4138 591 4212; x_wconf 88' lang='lat' dir='ltr'>viventibus</span> <span class='ocrx_word' id='word_1_405' title='bbox 616 4142 752 4214; x_wconf 89' lang='lat' dir='ltr'>veniam</span> <span class='ocrx_word' id='word_1_406' title='bbox 771 4133 986 4233; x_wconf 71' lang='lat' dir='ltr'>:desepultis</span> <span class='ocrx_word' id='word_1_407' title='bbox 1012 4161 1070 4212; x_wconf 90' lang='lat' dir='ltr'>re·</span> <span class='ocrx_word' id='word_1_408' title='bbox 1118 4162 1224 4215; x_wconf 82' lang='lat' dir='ltr'>nam.</span> <span class='ocrx_word' id='word_1_409' title='bbox 1505 4134 1520 4151; x_wconf 78' lang='grc'><strong>“</strong></span> <span class='ocrx_word' id='word_1_410' title='bbox 1956 4206 1958 4210; x_wconf 89' lang='grc'>.</span> 
     </span>
     <span class='ocr_line' id='line_1_37' title="bbox 267 4233 2003 4332; baseline 0.007 -27"><span class='ocrx_word' id='word_1_411' title='bbox 267 4233 380 4324; x_wconf 89' lang='lat' dir='ltr'>quiem</span> <span class='ocrx_word' id='word_1_412' title='bbox 407 4234 626 4329; x_wconf 88' lang='lat' dir='ltr'>impetremus</span> <span class='ocrx_word' id='word_1_413' title='bbox 653 4248 898 4332; x_wconf 65' lang='lat' dir='ltr'>eternamdja·</span> <span class='ocrx_word' id='word_1_414' title='bbox 926 4239 1069 4312; x_wconf 82' lang='lat' dir='ltr'>Auen.</span> <span class='ocrx_word' id='word_1_415' title='bbox 1167 4243 1371 4330; x_wconf 67' lang='lat' dir='ltr'>BuAmen.</span> <span class='ocrx_word' id='word_1_416' title='bbox 1949 4262 2003 4330; x_wconf 61' lang='grc'>94</span> 
     </span>
     <span class='ocr_line' id='line_1_38' title="bbox 265 4331 1921 4435; baseline 0.009 -34"><span class='ocrx_word' id='word_1_417' title='bbox 265 4331 358 4427; x_wconf 79' lang='lat' dir='ltr'>Qia</span> <span class='ocrx_word' id='word_1_418' title='bbox 371 4349 410 4402; x_wconf 90' lang='lat' dir='ltr'>tu</span> <span class='ocrx_word' id='word_1_419' title='bbox 424 4357 459 4406; x_wconf 89' lang='lat' dir='ltr'>es</span> <span class='ocrx_word' id='word_1_420' title='bbox 474 4331 545 4408; x_wconf 91' lang='lat' dir='ltr'>vita</span> <span class='ocrx_word' id='word_1_421' title='bbox 560 4335 721 4408; x_wconf 89' lang='lat' dir='ltr'>vivorum</span> <span class='ocrx_word' id='word_1_422' title='bbox 734 4340 803 4410; x_wconf 77' lang='lat' dir='ltr'>&amp;o</span> <span class='ocrx_word' id='word_1_423' title='bbox 1167 4338 1229 4410; x_wconf 70' lang='lat' dir='ltr'>Ad</span> <span class='ocrx_word' id='word_1_424' title='bbox 1243 4336 1495 4426; x_wconf 71' lang='lat' dir='ltr'>confrassr‘onrm</span> <span class='ocrx_word' id='word_1_425' title='bbox 1514 4339 1612 4435; x_wconf 80' lang='lat' dir='ltr'>panis</span> <span class='ocrx_word' id='word_1_426' title='bbox 1625 4387 1637 4410; x_wconf 87' lang='lat'><strong>.</strong></span> <span class='ocrx_word' id='word_1_427' title='bbox 1652 4343 1843 4434; x_wconf 58' lang='lat' dir='ltr'>antifona.</span> <span class='ocrx_word' id='word_1_428' title='bbox 1865 4340 1921 4416; x_wconf 91' lang='lat' dir='ltr'>Tu</span> 
     </span>
    </p>

    <p class='ocr_par' dir='ltr' id='par_1_14' title="bbox 485 4433 1919 4535">
     <span class='ocr_line' id='line_1_39' title="bbox 485 4433 1919 4535; baseline 0.006 -31"><span class='ocrx_word' id='word_1_429' title='bbox 485 4437 548 4506; x_wconf 65' lang='lat' dir='ltr'>Ad</span> <span class='ocrx_word' id='word_1_430' title='bbox 557 4451 673 4528; x_wconf 78' lang='lat' dir='ltr'>pacem</span> <span class='ocrx_word' id='word_1_431' title='bbox 689 4437 849 4507; x_wconf 67' lang='lat' dir='ltr'>oratu.</span> <span class='ocrx_word' id='word_1_432' title='bbox 989 4438 990 4443; x_wconf 75' lang='grc'>’</span> <span class='ocrx_word' id='word_1_433' title='bbox 1116 4433 1268 4511; x_wconf 87' lang='lat' dir='ltr'>Domine</span> <span class='ocrx_word' id='word_1_434' title='bbox 1283 4435 1327 4507; x_wconf 90' lang='lat' dir='ltr'>da</span> <span class='ocrx_word' id='word_1_435' title='bbox 1342 4433 1451 4511; x_wconf 89' lang='lat' dir='ltr'>escam</span> <span class='ocrx_word' id='word_1_436' title='bbox 1475 4439 1574 4510; x_wconf 87' lang='lat' dir='ltr'>nobis</span> <span class='ocrx_word' id='word_1_437' title='bbox 1601 4437 1635 4509; x_wconf 92' lang='lat' dir='ltr'>iu</span> <span class='ocrx_word' id='word_1_438' title='bbox 1662 4459 1822 4535; x_wconf 90' lang='lat' dir='ltr'>tempore</span> <span class='ocrx_word' id='word_1_439' title='bbox 1847 4463 1919 4532; x_wconf 91' lang='lat' dir='ltr'>op·</span> 
     </span>
    </p>

    <p class='ocr_par' dir='ltr' id='par_1_15' title="bbox 378 4522 1917 4630">
     <span class='ocr_line' id='line_1_40' title="bbox 378 4522 1917 4630; baseline 0.003 -28"><span class='ocrx_word' id='word_1_440' title='bbox 378 4531 443 4605; x_wconf 87' lang='lat' dir='ltr'>Eus</span> <span class='ocrx_word' id='word_1_441' title='bbox 456 4533 514 4626; x_wconf 92' lang='lat' dir='ltr'>qui</span> <span class='ocrx_word' id='word_1_442' title='bbox 539 4556 576 4604; x_wconf 92' lang='lat' dir='ltr'>es</span> <span class='ocrx_word' id='word_1_443' title='bbox 600 4522 713 4604; x_wconf 76' lang='lat' dir='ltr'>unitas</span> <span class='ocrx_word' id='word_1_444' title='bbox 730 4530 840 4604; x_wconf 79' lang='lat' dir='ltr'>saneta</span> <span class='ocrx_word' id='word_1_445' title='bbox 863 4529 1064 4605; x_wconf 87' lang='lat' dir='ltr'>&amp;Trinitas</span> <span class='ocrx_word' id='word_1_446' title='bbox 1114 4551 1272 4626; x_wconf 92' lang='lat' dir='ltr'>portuno</span> <span class='ocrx_word' id='word_1_447' title='bbox 1294 4558 1304 4599; x_wconf 79' lang='lat' dir='ltr'>a</span> <span class='ocrx_word' id='word_1_448' title='bbox 1326 4536 1420 4630; x_wconf 90' lang='lat' dir='ltr'>aperi</span> <span class='ocrx_word' id='word_1_449' title='bbox 1438 4557 1573 4607; x_wconf 89' lang='lat' dir='ltr'>manum</span> <span class='ocrx_word' id='word_1_450' title='bbox 1601 4552 1692 4610; x_wconf 91' lang='lat' dir='ltr'>tuam</span> <span class='ocrx_word' id='word_1_451' title='bbox 1716 4565 1726 4607; x_wconf 76' lang='lat' dir='ltr'>a</span> <span class='ocrx_word' id='word_1_452' title='bbox 1747 4541 1783 4611; x_wconf 78' lang='grc' dir='ltr'>δι</span> <span class='ocrx_word' id='word_1_453' title='bbox 1811 4532 1917 4628; x_wconf 86' lang='lat' dir='ltr'>imple</span> 
     </span>
    </p>

    <p class='ocr_par' dir='ltr' id='par_1_16' title="bbox 211 4625 1999 5118">
     <span class='ocr_line' id='line_1_41' title="bbox 211 4625 1693 4726; baseline -0.002 -23"><span class='ocrx_word' id='word_1_454' title='bbox 211 4656 232 4703; x_wconf 87' lang='lat' dir='ltr'>o</span> <span class='ocrx_word' id='word_1_455' title='bbox 391 4627 535 4702; x_wconf 90' lang='lat' dir='ltr'>indivisa</span> <span class='ocrx_word' id='word_1_456' title='bbox 549 4628 683 4726; x_wconf 89' lang='lat' dir='ltr'>adauge</span> <span class='ocrx_word' id='word_1_457' title='bbox 700 4625 735 4699; x_wconf 92' lang='lat' dir='ltr'>in</span> <span class='ocrx_word' id='word_1_458' title='bbox 763 4629 863 4701; x_wconf 87' lang='lat' dir='ltr'>nobis</span> <span class='ocrx_word' id='word_1_459' title='bbox 891 4628 971 4704; x_wconf 89' lang='lat' dir='ltr'>fidei</span> <span class='ocrx_word' id='word_1_460' title='bbox 998 4628 1066 4701; x_wconf 89' lang='lat' dir='ltr'>do·</span> <span class='ocrx_word' id='word_1_461' title='bbox 1116 4652 1253 4703; x_wconf 89' lang='lat' dir='ltr'>omnem</span> <span class='ocrx_word' id='word_1_462' title='bbox 1270 4630 1413 4705; x_wconf 88' lang='lat' dir='ltr'>animam</span> <span class='ocrx_word' id='word_1_463' title='bbox 1427 4627 1693 4702; x_wconf 73' lang='lat' dir='ltr'>benedictione.</span> 
     </span>
     <span class='ocr_line' id='line_1_42' title="bbox 267 4722 1999 4830; baseline 0.006 -38"><span class='ocrx_word' id='word_1_464' title='bbox 267 4743 345 4795; x_wconf 90' lang='lat' dir='ltr'>num</span> <span class='ocrx_word' id='word_1_465' title='bbox 361 4750 370 4792; x_wconf 79' lang='lat' dir='ltr'>a</span> <span class='ocrx_word' id='word_1_466' title='bbox 385 4727 422 4797; x_wconf 80' lang='lat' dir='ltr'>dc</span> <span class='ocrx_word' id='word_1_467' title='bbox 451 4728 551 4800; x_wconf 85' lang='lat' dir='ltr'>beare</span> <span class='ocrx_word' id='word_1_468' title='bbox 580 4722 754 4798; x_wconf 88' lang='lat' dir='ltr'>charitatis</span> <span class='ocrx_word' id='word_1_469' title='bbox 781 4723 965 4798; x_wconf 75' lang='lat' dir='ltr'>affectum.</span> <span class='ocrx_word' id='word_1_470' title='bbox 982 4728 1068 4806; x_wconf 90' lang='lat' dir='ltr'>Quo</span> <span class='ocrx_word' id='word_1_471' title='bbox 1262 4727 1325 4798; x_wconf 66' lang='lat' dir='ltr'>Ad</span> <span class='ocrx_word' id='word_1_472' title='bbox 1346 4731 1527 4800; x_wconf 82' lang='lat' dir='ltr'>orationem</span> <span class='ocrx_word' id='word_1_473' title='bbox 1540 4726 1769 4801; x_wconf 82' lang='lat' dir='ltr'>Dominitam.</span> <span class='ocrx_word' id='word_1_474' title='bbox 1871 4805 1873 4808; x_wconf 61' lang='grc'>,</span> <span class='ocrx_word' id='word_1_475' title='bbox 1944 4750 1999 4830; x_wconf 81' lang='lat'>95¹</span> 
     </span>
     <span class='ocr_line' id='line_1_43' title="bbox 265 4820 1928 4914; baseline 0.008 -25"><span class='ocrx_word' id='word_1_476' title='bbox 265 4837 418 4914; x_wconf 91' lang='lat' dir='ltr'>utroque</span> <span class='ocrx_word' id='word_1_477' title='bbox 432 4848 451 4895; x_wconf 88' lang='lat' dir='ltr'>a</span> <span class='ocrx_word' id='word_1_478' title='bbox 465 4842 501 4896; x_wconf 90' lang='lat' dir='ltr'>te</span> <span class='ocrx_word' id='word_1_479' title='bbox 514 4821 619 4895; x_wconf 89' lang='lat' dir='ltr'>ditati</span> <span class='ocrx_word' id='word_1_480' title='bbox 632 4845 676 4894; x_wconf 85' lang='lat' dir='ltr'>ex</span> <span class='ocrx_word' id='word_1_481' title='bbox 687 4843 826 4896; x_wconf 89' lang='lat' dir='ltr'>munere</span> <span class='ocrx_word' id='word_1_482' title='bbox 839 4821 984 4893; x_wconf 88' lang='lat' dir='ltr'>heredes</span> <span class='ocrx_word' id='word_1_483' title='bbox 997 4821 1069 4894; x_wconf 87' lang='lat' dir='ltr'>effi·</span> <span class='ocrx_word' id='word_1_484' title='bbox 1206 4825 1335 4898; x_wconf 90' lang='lat' dir='ltr'>Munda</span> <span class='ocrx_word' id='word_1_485' title='bbox 1349 4822 1500 4898; x_wconf 88' lang='lat' dir='ltr'>Domine</span> <span class='ocrx_word' id='word_1_486' title='bbox 1527 4820 1752 4900; x_wconf 89' lang='lat' dir='ltr'>conscientias</span> <span class='ocrx_word' id='word_1_487' title='bbox 1781 4829 1912 4902; x_wconf 86' lang='lat' dir='ltr'>nostras</span> <span class='ocrx_word' id='word_1_488' title='bbox 1926 4874 1928 4879; x_wconf 93' lang='lat'><em>-</em></span> 
     </span>
     <span class='ocr_line' id='line_1_44' title="bbox 268 4915 1910 5014; baseline 0.008 -28"><span class='ocrx_word' id='word_1_489' title='bbox 268 4915 398 4992; x_wconf 88' lang='lat' dir='ltr'>ciamur</span> <span class='ocrx_word' id='word_1_490' title='bbox 424 4920 653 5014; x_wconf 80' lang='lat' dir='ltr'>promissionis</span> <span class='ocrx_word' id='word_1_491' title='bbox 681 4937 804 4990; x_wconf 88' lang='lat' dir='ltr'>eterne</span> <span class='ocrx_word' id='word_1_492' title='bbox 821 4964 832 4986; x_wconf 88' lang='lat'><strong>.</strong></span> <span class='ocrx_word' id='word_1_493' title='bbox 847 4929 895 5004; x_wconf 69' lang='lat'>132.</span> <span class='ocrx_word' id='word_1_494' title='bbox 921 4924 1033 4994; x_wconf 89' lang='lat' dir='ltr'>Amen</span> <span class='ocrx_word' id='word_1_495' title='bbox 1055 4965 1067 4989; x_wconf 85' lang='grc'><strong>.</strong></span> <span class='ocrx_word' id='word_1_496' title='bbox 1220 4920 1302 4995; x_wconf 86' lang='lat' dir='ltr'>fidei</span> <span class='ocrx_word' id='word_1_497' title='bbox 1317 4915 1500 4995; x_wconf 89' lang='lat' dir='ltr'>Catholice</span> <span class='ocrx_word' id='word_1_498' title='bbox 1530 4919 1742 4996; x_wconf 79' lang='lat' dir='ltr'>confessione</span> <span class='ocrx_word' id='word_1_499' title='bbox 1759 4928 1910 5000; x_wconf 78' lang='lat' dir='ltr'>finceraa</span> 
     </span>
     <span class='ocr_line' id='line_1_45' title="bbox 269 5014 1918 5118; baseline 0.006 -32"><span class='ocrx_word' id='word_1_500' title='bbox 269 5014 360 5104; x_wconf 81' lang='lat' dir='ltr'>Qia</span> <span class='ocrx_word' id='word_1_501' title='bbox 373 5037 412 5090; x_wconf 90' lang='lat' dir='ltr'>tu</span> <span class='ocrx_word' id='word_1_502' title='bbox 426 5039 462 5089; x_wconf 91' lang='lat' dir='ltr'>es</span> <span class='ocrx_word' id='word_1_503' title='bbox 479 5040 561 5092; x_wconf 90' lang='lat' dir='ltr'>vera</span> <span class='ocrx_word' id='word_1_504' title='bbox 576 5039 645 5110; x_wconf 83' lang='lat' dir='ltr'>pax</span> <span class='ocrx_word' id='word_1_505' title='bbox 660 5015 772 5090; x_wconf 88' lang='lat' dir='ltr'>nostra</span> <span class='ocrx_word' id='word_1_506' title='bbox 784 5017 852 5088; x_wconf 72' lang='lat' dir='ltr'>&amp;o</span> <span class='ocrx_word' id='word_1_507' title='bbox 1117 5021 1154 5090; x_wconf 79' lang='grc' dir='ltr'>δι</span> <span class='ocrx_word' id='word_1_508' title='bbox 1171 5020 1282 5093; x_wconf 91' lang='lat' dir='ltr'>cordis</span> <span class='ocrx_word' id='word_1_509' title='bbox 1295 5017 1509 5092; x_wconf 91' lang='lat' dir='ltr'>contritione</span> <span class='ocrx_word' id='word_1_510' title='bbox 1525 5018 1689 5093; x_wconf 89' lang='lat' dir='ltr'>continua</span> <span class='ocrx_word' id='word_1_511' title='bbox 1705 5048 1715 5091; x_wconf 80' lang='lat' dir='ltr'>a</span> <span class='ocrx_word' id='word_1_512' title='bbox 1730 5043 1768 5097; x_wconf 92' lang='lat' dir='ltr'>ut</span> <span class='ocrx_word' id='word_1_513' title='bbox 1784 5022 1918 5118; x_wconf 88' lang='lat' dir='ltr'>semper</span> 
     </span>
    </p>

    <p class='ocr_par' dir='ltr' id='par_1_17' title="bbox 211 5111 2023 5387">
     <span class='ocr_line' id='line_1_46' title="bbox 211 5111 1915 5215; baseline 0.005 -34"><span class='ocrx_word' id='word_1_514' title='bbox 211 5138 231 5208; x_wconf 90' lang='lat'><em>5</em></span> <span class='ocrx_word' id='word_1_515' title='bbox 599 5111 745 5186; x_wconf 78' lang='lat' dir='ltr'>salario.</span> <span class='ocrx_word' id='word_1_516' title='bbox 1120 5140 1140 5188; x_wconf 91' lang='lat' dir='ltr'>a</span> <span class='ocrx_word' id='word_1_517' title='bbox 1154 5132 1191 5187; x_wconf 90' lang='lat' dir='ltr'>te</span> <span class='ocrx_word' id='word_1_518' title='bbox 1204 5115 1422 5191; x_wconf 85' lang='lat' dir='ltr'>exaudiamur</span> <span class='ocrx_word' id='word_1_519' title='bbox 1447 5141 1468 5187; x_wconf 88' lang='lat' dir='ltr'>e</span> <span class='ocrx_word' id='word_1_520' title='bbox 1491 5113 1573 5189; x_wconf 93' lang='lat' dir='ltr'>celis</span> <span class='ocrx_word' id='word_1_521' title='bbox 1587 5144 1596 5184; x_wconf 72' lang='grc' dir='ltr'><strong><em>ε</em></strong></span> <span class='ocrx_word' id='word_1_522' title='bbox 1611 5141 1686 5193; x_wconf 90' lang='lat' dir='ltr'>cum</span> <span class='ocrx_word' id='word_1_523' title='bbox 1702 5146 1768 5215; x_wconf 91' lang='lat' dir='ltr'>pro</span> <span class='ocrx_word' id='word_1_524' title='bbox 1792 5118 1915 5196; x_wconf 82' lang='lat' dir='ltr'>nollris</span> 
     </span>
     <span class='ocr_line' id='line_1_47' title="bbox 268 5208 2023 5387; baseline 0.007 -102"><span class='ocrx_word' id='word_1_525' title='bbox 268 5209 503 5387; x_wconf 79' lang='lat' dir='ltr'>Dignum</span> <span class='ocrx_word' id='word_1_526' title='bbox 517 5219 551 5289; x_wconf 78' lang='grc' dir='ltr'>δι</span> <span class='ocrx_word' id='word_1_527' title='bbox 564 5214 684 5298; x_wconf 76' lang='lat' dir='ltr'>justum</span> <span class='ocrx_word' id='word_1_528' title='bbox 710 5209 757 5281; x_wconf 86' lang='lat' dir='ltr'>ell</span> <span class='ocrx_word' id='word_1_529' title='bbox 771 5209 1070 5307; x_wconf 64' lang='lat' dir='ltr'>omnipotenso·</span> <span class='ocrx_word' id='word_1_530' title='bbox 1119 5208 1253 5284; x_wconf 76' lang='lat' dir='ltr'>delictis</span> <span class='ocrx_word' id='word_1_531' title='bbox 1271 5214 1313 5286; x_wconf 91' lang='lat' dir='ltr'>ad</span> <span class='ocrx_word' id='word_1_532' title='bbox 1333 5234 1369 5288; x_wconf 90' lang='lat' dir='ltr'>te</span> <span class='ocrx_word' id='word_1_533' title='bbox 1384 5210 1705 5311; x_wconf 85' lang='lat' dir='ltr'>proclamaverimus</span> <span class='ocrx_word' id='word_1_534' title='bbox 1735 5244 1756 5293; x_wconf 92' lang='lat' dir='ltr'>e</span> <span class='ocrx_word' id='word_1_535' title='bbox 1786 5221 1914 5294; x_wconf 88' lang='lat' dir='ltr'>terris.</span> <span class='ocrx_word' id='word_1_536' title='bbox 1951 5233 2023 5305; x_wconf 65' lang='lat' dir='ltr'>aod</span> 
     </span>
    </p>

    <p class='ocr_par' dir='ltr' id='par_1_18' title="bbox 265 5308 1916 5609">
     <span class='ocr_line' id='line_1_48' title="bbox 392 5308 1370 5410; baseline -0.001 -25"><span class='ocrx_word' id='word_1_537' title='bbox 392 5334 446 5385; x_wconf 89' lang='lat' dir='ltr'>ter</span> <span class='ocrx_word' id='word_1_538' title='bbox 461 5344 469 5384; x_wconf 78' lang='lat' dir='ltr'>a</span> <span class='ocrx_word' id='word_1_539' title='bbox 485 5341 547 5389; x_wconf 85' lang='lat' dir='ltr'>nos</span> <span class='ocrx_word' id='word_1_540' title='bbox 561 5309 622 5384; x_wconf 90' lang='lat' dir='ltr'>ribi</span> <span class='ocrx_word' id='word_1_541' title='bbox 639 5308 773 5405; x_wconf 87' lang='lat' dir='ltr'>semper</span> <span class='ocrx_word' id='word_1_542' title='bbox 789 5308 916 5407; x_wconf 83' lang='lat' dir='ltr'>gratias</span> <span class='ocrx_word' id='word_1_543' title='bbox 931 5334 1036 5410; x_wconf 88' lang='lat' dir='ltr'>agere</span> <span class='ocrx_word' id='word_1_544' title='bbox 1052 5337 1063 5380; x_wconf 85' lang='lat' dir='ltr'>t</span> <span class='ocrx_word' id='word_1_545' title='bbox 1114 5310 1222 5387; x_wconf 88' lang='lat' dir='ltr'>Pater</span> <span class='ocrx_word' id='word_1_546' title='bbox 1233 5313 1370 5387; x_wconf 87' lang='lat' dir='ltr'>noller.</span> 
     </span>
     <span class='ocr_line' id='line_1_49' title="bbox 265 5403 1916 5511; baseline 0.005 -31"><span class='ocrx_word' id='word_1_547' title='bbox 265 5431 333 5502; x_wconf 90' lang='lat' dir='ltr'>per</span> <span class='ocrx_word' id='word_1_548' title='bbox 346 5407 454 5488; x_wconf 89' lang='lat' dir='ltr'>lesum</span> <span class='ocrx_word' id='word_1_549' title='bbox 466 5411 636 5485; x_wconf 85' lang='lat' dir='ltr'>Christum</span> <span class='ocrx_word' id='word_1_550' title='bbox 653 5403 761 5483; x_wconf 88' lang='lat' dir='ltr'>silium</span> <span class='ocrx_word' id='word_1_551' title='bbox 777 5426 872 5483; x_wconf 88' lang='lat' dir='ltr'>tuum</span> <span class='ocrx_word' id='word_1_552' title='bbox 881 5409 1066 5484; x_wconf 91' lang='lat' dir='ltr'>Dominum</span> <span class='ocrx_word' id='word_1_553' title='bbox 1163 5410 1267 5483; x_wconf 82' lang='lat' dir='ltr'>Dicar</span> <span class='ocrx_word' id='word_1_554' title='bbox 1282 5407 1402 5485; x_wconf 63' lang='lat' dir='ltr'>saresb.</span> <span class='ocrx_word' id='word_1_555' title='bbox 1416 5411 1607 5489; x_wconf 87' lang='lat' dir='ltr'>Humiliate</span> <span class='ocrx_word' id='word_1_556' title='bbox 1620 5438 1686 5488; x_wconf 92' lang='lat' dir='ltr'>vos</span> <span class='ocrx_word' id='word_1_557' title='bbox 1702 5413 1916 5511; x_wconf 57' lang='lat' dir='ltr'>benedidiog</span> 
     </span>
     <span class='ocr_line' id='line_1_50' title="bbox 266 5503 1773 5609; baseline 0.005 -33"><span class='ocrx_word' id='word_1_558' title='bbox 266 5506 417 5581; x_wconf 87' lang='lat' dir='ltr'>nollrum</span> <span class='ocrx_word' id='word_1_559' title='bbox 441 5553 452 5575; x_wconf 85' lang='lat'><strong>.</strong></span> <span class='ocrx_word' id='word_1_560' title='bbox 477 5511 591 5599; x_wconf 80' lang='lat' dir='ltr'>Qem</span> <span class='ocrx_word' id='word_1_561' title='bbox 621 5523 658 5578; x_wconf 87' lang='lat' dir='ltr'>tu</span> <span class='ocrx_word' id='word_1_562' title='bbox 686 5503 940 5582; x_wconf 82' lang='lat' dir='ltr'>clementisfime</span> <span class='ocrx_word' id='word_1_563' title='bbox 968 5525 1067 5602; x_wconf 91' lang='lat' dir='ltr'>pater</span> <span class='ocrx_word' id='word_1_564' title='bbox 1117 5507 1360 5584; x_wconf 83' lang='lat' dir='ltr'>ni.Dnninus</span> <span class='ocrx_word' id='word_1_565' title='bbox 1372 5509 1416 5585; x_wconf 86' lang='lat' dir='ltr'>fit</span> <span class='ocrx_word' id='word_1_566' title='bbox 1429 5511 1563 5609; x_wconf 89' lang='lat' dir='ltr'>semper</span> <span class='ocrx_word' id='word_1_567' title='bbox 1576 5511 1773 5589; x_wconf 87' lang='lat' dir='ltr'>vobiscum.</span> 
     </span>
    </p>

    <p class='ocr_par' dir='ltr' id='par_1_19' title="bbox 211 5601 2023 6174">
     <span class='ocr_line' id='line_1_51' title="bbox 211 5601 1395 5702; baseline -0.003 -20"><span class='ocrx_word' id='word_1_568' title='bbox 211 5634 235 5682; x_wconf 88' lang='lat' dir='ltr'>o</span> <span class='ocrx_word' id='word_1_569' title='bbox 272 5622 355 5677; x_wconf 90' lang='lat' dir='ltr'>ante</span> <span class='ocrx_word' id='word_1_570' title='bbox 370 5601 532 5677; x_wconf 88' lang='lat' dir='ltr'>secularia</span> <span class='ocrx_word' id='word_1_571' title='bbox 547 5622 704 5696; x_wconf 89' lang='lat' dir='ltr'>tempora</span> <span class='ocrx_word' id='word_1_572' title='bbox 720 5601 1068 5702; x_wconf 77' lang='lat' dir='ltr'>gennislianecdivi-</span> <span class='ocrx_word' id='word_1_573' title='bbox 1170 5607 1278 5701; x_wconf 68' lang='lat' dir='ltr'>qussi</span> <span class='ocrx_word' id='word_1_574' title='bbox 1292 5630 1395 5682; x_wconf 83' lang='lat' dir='ltr'>cum.</span> 
     </span>
     <span class='ocr_line' id='line_1_52' title="bbox 267 5699 2023 5813; baseline 0.006 -41"><span class='ocrx_word' id='word_1_575' title='bbox 267 5701 398 5773; x_wconf 83' lang='lat' dir='ltr'>sionem</span> <span class='ocrx_word' id='word_1_576' title='bbox 412 5699 470 5776; x_wconf 91' lang='lat' dir='ltr'>vel</span> <span class='ocrx_word' id='word_1_577' title='bbox 484 5701 706 5774; x_wconf 88' lang='lat' dir='ltr'>mutationem</span> <span class='ocrx_word' id='word_1_578' title='bbox 723 5703 919 5796; x_wconf 88' lang='lat' dir='ltr'>generando</span> <span class='ocrx_word' id='word_1_579' title='bbox 934 5699 1066 5774; x_wconf 84' lang='lat' dir='ltr'>sensisli·</span> <span class='ocrx_word' id='word_1_580' title='bbox 1139 5742 1142 5749; x_wconf 93' lang='lat'>·</span> <span class='ocrx_word' id='word_1_581' title='bbox 1413 5709 1626 5784; x_wconf 82' lang='lat' dir='ltr'>Benedissio.</span> <span class='ocrx_word' id='word_1_582' title='bbox 1811 5724 1816 5735; x_wconf 86' lang='lat'><strong><em>‘</em></strong></span> <span class='ocrx_word' id='word_1_583' title='bbox 1953 5730 2023 5813; x_wconf 68' lang='lat'>105</span> 
     </span>
     <span class='ocr_line' id='line_1_53' title="bbox 268 5796 1939 5981; baseline 0.003 -107"><span class='ocrx_word' id='word_1_584' title='bbox 268 5800 336 5874; x_wconf 89' lang='lat' dir='ltr'>Sed</span> <span class='ocrx_word' id='word_1_585' title='bbox 366 5797 585 5872; x_wconf 86' lang='lat' dir='ltr'>essentialiter</span> <span class='ocrx_word' id='word_1_586' title='bbox 613 5816 709 5870; x_wconf 87' lang='lat' dir='ltr'>totus</span> <span class='ocrx_word' id='word_1_587' title='bbox 737 5800 770 5867; x_wconf 91' lang='lat' dir='ltr'>in</span> <span class='ocrx_word' id='word_1_588' title='bbox 787 5796 875 5873; x_wconf 84' lang='lat' dir='ltr'>Filio</span> <span class='ocrx_word' id='word_1_589' title='bbox 893 5827 902 5866; x_wconf 79' lang='lat' dir='ltr'>a</span> <span class='ocrx_word' id='word_1_590' title='bbox 918 5814 1015 5872; x_wconf 87' lang='lat' dir='ltr'>totus</span> <span class='ocrx_word' id='word_1_591' title='bbox 1030 5797 1063 5868; x_wconf 89' lang='lat' dir='ltr'>in</span> <span class='ocrx_word' id='word_1_592' title='bbox 1113 5805 1203 5981; x_wconf 88' lang='lat' dir='ltr'><strong>R</strong></span> <span class='ocrx_word' id='word_1_593' title='bbox 1218 5801 1364 5896; x_wconf 84' lang='lat' dir='ltr'>Espiciat</span> <span class='ocrx_word' id='word_1_594' title='bbox 1377 5828 1439 5877; x_wconf 93' lang='lat' dir='ltr'>vos</span> <span class='ocrx_word' id='word_1_595' title='bbox 1450 5803 1579 5900; x_wconf 89' lang='lat' dir='ltr'>placata</span> <span class='ocrx_word' id='word_1_596' title='bbox 1592 5806 1777 5881; x_wconf 70' lang='lat' dir='ltr'>divinitas:</span> <span class='ocrx_word' id='word_1_597' title='bbox 1792 5809 1827 5880; x_wconf 78' lang='lat' dir='ltr'>dt</span> <span class='ocrx_word' id='word_1_598' title='bbox 1841 5807 1918 5879; x_wconf 89' lang='lat' dir='ltr'>sen·</span> <span class='ocrx_word' id='word_1_599' title='bbox 1931 5824 1939 5867; x_wconf 87' lang='grc'>-·</span> 
     </span>
     <span class='ocr_line' id='line_1_54' title="bbox 265 5893 1931 5998; baseline 0.005 -30"><span class='ocrx_word' id='word_1_600' title='bbox 265 5897 454 5991; x_wconf 88' lang='lat' dir='ltr'>temetipso</span> <span class='ocrx_word' id='word_1_601' title='bbox 468 5898 535 5968; x_wconf 85' lang='lat' dir='ltr'>stne</span> <span class='ocrx_word' id='word_1_602' title='bbox 551 5893 616 5967; x_wconf 88' lang='lat' dir='ltr'>ulla</span> <span class='ocrx_word' id='word_1_603' title='bbox 630 5893 679 5966; x_wconf 93' lang='lat' dir='ltr'>tui</span> <span class='ocrx_word' id='word_1_604' title='bbox 704 5895 932 5969; x_wconf 89' lang='lat' dir='ltr'>diminutione</span> <span class='ocrx_word' id='word_1_605' title='bbox 946 5895 1062 5969; x_wconf 89' lang='lat' dir='ltr'>manli·</span> <span class='ocrx_word' id='word_1_606' title='bbox 1231 5900 1298 5973; x_wconf 92' lang='lat' dir='ltr'>sum</span> <span class='ocrx_word' id='word_1_607' title='bbox 1314 5895 1415 5974; x_wconf 83' lang='lat' dir='ltr'>vobis</span> <span class='ocrx_word' id='word_1_608' title='bbox 1429 5901 1592 5998; x_wconf 88' lang='lat' dir='ltr'>sapientie</span> <span class='ocrx_word' id='word_1_609' title='bbox 1623 5899 1774 5979; x_wconf 87' lang='lat' dir='ltr'>salutaris</span> <span class='ocrx_word' id='word_1_610' title='bbox 1801 5907 1931 5977; x_wconf 66' lang='lat' dir='ltr'>infun-2</span> 
     </span>
     <span class='ocr_line' id='line_1_55' title="bbox 265 5993 1922 6174; baseline 0 -98"><span class='ocrx_word' id='word_1_611' title='bbox 265 5993 308 6076; x_wconf 70' lang='lat' dir='ltr'>sti</span> <span class='ocrx_word' id='word_1_612' title='bbox 325 5995 447 6071; x_wconf 81' lang='lat' dir='ltr'>.Niuil</span> <span class='ocrx_word' id='word_1_613' title='bbox 478 5993 540 6073; x_wconf 85' lang='lat' dir='ltr'>nbi</span> <span class='ocrx_word' id='word_1_614' title='bbox 563 5993 744 6097; x_wconf 80' lang='lat' dir='ltr'>retrahens</span> <span class='ocrx_word' id='word_1_615' title='bbox 759 6021 769 6065; x_wconf 79' lang='lat' dir='ltr'>a</span> <span class='ocrx_word' id='word_1_616' title='bbox 782 6016 859 6071; x_wconf 89' lang='lat' dir='ltr'>cum</span> <span class='ocrx_word' id='word_1_617' title='bbox 874 5995 1059 6073; x_wconf 83' lang='lat' dir='ltr'>condidisse</span> <span class='ocrx_word' id='word_1_618' title='bbox 1108 5997 1197 6073; x_wconf 85' lang='lat' dir='ltr'>dat·</span> <span class='ocrx_word' id='word_1_619' title='bbox 1214 6010 1263 6098; x_wconf 65' lang='grc' dir='ltr'>βξ·</span> <span class='ocrx_word' id='word_1_620' title='bbox 1275 6003 1387 6078; x_wconf 80' lang='lat' dir='ltr'>Amen</span> <span class='ocrx_word' id='word_1_621' title='bbox 1399 5999 1608 6174; x_wconf 47' lang='lat' dir='ltr'>‚Catho‘llice</span> <span class='ocrx_word' id='word_1_622' title='bbox 1621 6003 1702 6079; x_wconf 86' lang='lat' dir='ltr'>fidei</span> <span class='ocrx_word' id='word_1_623' title='bbox 1718 6030 1784 6082; x_wconf 88' lang='lat' dir='ltr'>vos</span> <span class='ocrx_word' id='word_1_624' title='bbox 1808 6004 1922 6116; x_wconf 77' lang='lat' dir='ltr'>docu-</span> 
     </span>
    </p>

    <p class='ocr_par' dir='ltr' id='par_1_20' title="bbox 1791 6118 1924 6182">
     <span class='ocr_line' id='line_1_56' title="bbox 1791 6118 1924 6182; baseline 0.008 -8"><span class='ocrx_word' id='word_1_625' title='bbox 1791 6118 1924 6182; x_wconf 65' lang='lat' dir='ltr'>ments!</span> 
     </span>
    </p>
   </div>
   <div class='ocr_carea' id='block_1_3' title="bbox 0 0 2230 7204">
    <p class='ocr_par' dir='ltr' id='par_1_21' title="bbox 0 0 2230 7204">
     <span class='ocr_line' id='line_1_57' title="bbox 0 0 2230 7204; baseline 0 0"><span class='ocrx_word' id='word_1_626' title='bbox 0 0 2230 7204; x_wconf 95' lang='lat' dir='ltr'> </span> 
     </span>
    </p>
   </div>
  </div>
 </body>
</html>
