4450 7209
270 708 347 774 'ars'
641 686 785 766 FERIA
810 687 956 764 SEXTA
983 689 1102 766 POST
1129 683 1590 763 RESURRECTIONEM.

274 797 337 871 bus
377 788 442 866 suis
471 785 607 877 alleluia
634 787 767 875 alleluja
808 837 819 858 .
855 789 904 878 ss.
934 788 1091 859 Posside·
1140 787 1295 861 extincte
1311 785 1586 880 paffionesvarie
1603 777 1959 880 viciorum-Qino⁴
1984 807 2027 886 55

277 894 360 967 bitis
374 908 500 965 terram
516 891 658 960 veslram
675 889 759 959 dicit
773 887 954 961 Dominus:
966 888 1000 956 &
1015 909 1089 982 ego
1140 886 1191 959 bis
1206 906 1241 957 te
1255 883 1376 960 dedilli
1389 884 1455 955 esse
1473 884 1506 955 in
1520 904 1660 958 munere
1676 908 1686 951 a
1700 906 1771 955 non
1787 904 1853 953 nos
1868 882 1955 956 sinas

280 991 375 1064 dabo
392 988 493 1061 vobis
510 1012 583 1060 eam
613 985 645 1055 in
665 986 927 1078 possessionem:
958 1001 1087 1056 terram
1136 983 1234 1057 nobis
1258 982 1336 1079 ipsis
1352 981 1418 1054 esse
1433 978 1579 1055 ulterius
1610 980 1645 1053 in
1667 978 1819 1053 dolore.
1847 983 1894 1053 Ut
1919 981 1956 1052 in

283 1104 478 1168 manantem
492 1081 545 1160 lac
569 1088 605 1157 δι
622 1080 709 1155 mel.
736 1093 782 1156 Ῥ.
798 1080 1089 1177 Intemporibus.
1135 1083 1299 1157 novitate
1327 1081 1403 1154 vite
1418 1078 1656 1194 ambulantesa
1684 1079 1769 1151 sicut
1800 1095 1868 1149 tuo
1894 1100 1950 1148 re-

227 1217 249 1298 ³
622 1273 741 1374 aaa.
1135 1179 1947 1372 lall‘sstllltsisrsl‘nltslsssi
1981 1282 2024 1358 a

1135 1378 1330 1471 respuamus
1347 1398 1523 1453 errorems
1549 1378 1584 1446 δι
1598 1374 1751 1451 concesse
1765 1369 1949 1466 dignitatis

369 1473 594 1555 Rocellosum
624 1499 718 1551 mare
761 1473 957 1552 fluduantis
984 1471 1087 1552 seculi
1137 1475 1345 1551 retineamus
1359 1474 1482 1570 absque
1496 1472 1640 1550 crimine
1656 1468 1881 1547 libertatem·

383 1579 505 1654 fratres
536 1574 717 1650 charissimi
747 1574 962 1650 transeuntes
989 1603 999 1645 a
1046 1573 1089 1647 li·
1190 1571 1392 1670 Respondeat
1406 1575 1550 1649 chorus.
1574 1577 1713 1646 Amen.
1741 1661 1744 1667 Ι

202 1709 251 1777 30
284 1698 391 1774 gnum
415 1675 524 1748 crucis
559 1670 764 1746 fiducialiter
784 1673 1023 1748 ascendamusa
1054 1673 1090 1744 δε

287 1774 442 1848 secundis
459 1770 572 1846 sancti
587 1770 735 1866 Spiritus
749 1771 885 1845 flatibus
902 1768 1000 1844 avela
1013 1767 1095 1842 fidei
1340 1769 1592 1856 Postreminae·
1616 1766 1755 1843 oraria
1984 1776 2027 1869 σς

286 1870 543 1948 committamus
558 1916 569 1937 ·
599 1878 711 1965 Super
725 1867 824 1944 littus
837 1892 978 1962 namque
993 1867 1098 1942 Clari·

285 1972 353 2043 slus
377 1970 523 2041 amnena
540 1963 727 2064 gloriosam
754 1969 823 2039 srne
837 1965 965 2043 macula
979 1962 1096 2037 Eccle·
1238 1964 1553 2065 Edemptionollra
1576 1958 1712 2039 &salus
1727 1962 1958 2038 ChristeDo-

286 2066 367 2143 fiam
382 2064 550 2163 figuravit
565 2091 573 2133 a
591 2067 729 2160 quando
741 2066 872 2162 magnis
889 2064 1035 2160 piscibus
1046 2065 1097 2136 in·
1264 2065 1353 2140 mine
1366 2067 1461 2141 Deus
1478 2094 1488 2136 z
1513 2063 1570 2156 qui
1586 2086 1652 2157 pto
1666 2064 1788 2136 nostris
1802 2062 1954 2137 moriens

208 2194 253 2275 ³5
290 2165 483 2259 disruptum
514 2181 589 2235 rete
611 2160 829 2259 complevit·
853 2162 930 2234 Nec
961 2179 1096 2255 aparte
1145 2160 1314 2260 peccatis:
1339 2161 1549 2238 resurrexisti
1573 2160 1954 2255 projuslificationibus

287 2262 538 2346 dexterajmsrt
552 2261 694 2335 deviare
707 2261 1007 2356 navigiumrquod
1017 2279 1098 2334 tunc
1148 2261 1293 2334 nostris:
1320 2282 1358 2335 tu
1382 2257 1642 2337 resurrectionis
1666 2279 1727 2334 tue
1750 2257 1955 2333 celebritate
1984 2288 2024 2362 7⁰

286 2358 444 2435 solorum
469 2361 642 2433 bonorum
658 2357 894 2454 portendebat
907 2358 1092 2432 indicium·
1144 2356 1329 2431 letantibus
1355 2382 1497 2435 occurre
1524 2357 1724 2457 benignus.
1750 2358 1872 2432 Morte
1898 2374 1957 2428 tua

267 2458 537 2551 ¹Subsequamur
552 2456 661 2553 igitur
676 2460 880 2531 sacramenti
897 2454 1093 2530 ammirabi·
1143 2458 1344 2552 redemptos
1357 2459 1425 2533 tuis
1442 2459 1577 2553 semper
1592 2459 1702 2533 facito
1719 2456 1880 2528 inherere
1896 2475 1957 2527 ve·

289 2555 332 2630 lis
345 2557 532 2633 veritatem
548 2552 753 2651 diligentes:
769 2574 982 2628 actenentes
999 2553 1096 2649 prin·
1145 2553 1277 2652 ssigiiss
1303 2556 1371 2631 tuis
1395 2559 1663 2655 perenniterque
1684 2554 1851 2627 inservire
1875 2574 1955 2647 pre·

207 2688 259 2751 20
291 2651 451 2749 cipaliter
463 2656 652 2727 unitatem.
678 2650 801 2726 Nullus
818 2654 859 2724 ad
872 2652 1023 2728 scismata
1038 2676 1097 2725 ne·
1146 2653 1256 2748 ceptis
1273 2704 1284 2725 .
1310 2660 1355 2729 Ut
1370 2657 1456 2731 licut
1481 2676 1595 2731 tecum
1612 2653 1818 2751 baptismate
1833 2651 1955 2725 conse·

290 2755 425 2853 phanda
443 2751 621 2847 profiliatt
648 2749 704 2824 vel
719 2749 888 2824 dominica
902 2752 990 2825 retia
1007 2779 1017 2821 a
1033 2772 1097 2824 nec
1148 2750 1238 2846 pulti
1267 2754 1424 2829 exultant
1456 2784 1466 2826 a
1495 2754 1545 2829 ita
1564 2757 1597 2828 se
1614 2755 1677 2827 tibi
1689 2775 1799 2849 opere
1815 2748 1958 2843 placitu·
1981 2782 2020 2865 75

290 2855 375 2926 dum
405 2850 517 2926 littori
548 2846 769 2945 presentatur
795 2849 971 2947 abrumpat
994 2894 1006 2918 .
1048 2853 1098 2924 Ut
1148 2874 1208 2924 ros
1226 2852 1434 2927 exhibeant.
1459 2856 1579 2928 Virtus
1592 2875 1734 2946 quoque
1752 2847 1809 2924 illa
1824 2845 1952 2920 divini·

290 2948 528 3030 connumerati
546 2954 639 3020 inter
661 2947 823 3042 mysticos
838 2949 974 3044 piscesa
1000 2948 1099 3020 cibus
1150 2949 1253 3021 tatisa
1280 2974 1346 3042 que
1372 2949 1455 3025 olim
1478 2972 1514 3025 te
1534 2975 1636 3026 carne
1663 2950 1838 3023 moriente
1859 2969 1955 3017 novo

291 3045 544 3122 elseDominia
568 3044 707 3138 quinos
728 3048 966 3141 exprosundo
990 3046 1102 3119 elidi·
1151 3047 1269 3119 inseris
1289 3047 1415 3120 effulsrt
1445 3074 1490 3120 ex
1510 3047 1765 3123 lumineanunc
1785 3041 1955 3116 defundis
1993 3088 1995 3092 -
2043 3115 2045 3118 .

208 3174 258 3255 ,ς
292 3167 419 3246 gnatus
444 3167 566 3220 eruere
580 3170 590 3213 r
604 3166 821 3220 mereamura
847 3149 882 3219 δι
904 3142 1099 3241 specialiter
1151 3165 1185 3217 te
1206 3145 1403 3238 opitulante
1420 3148 1593 3239 promicet
1609 3146 1847 3239 adquietem.
1875 3146 1956 3230 Qo

291 3247 447 3321 membra
474 3248 547 3330 eius
564 3242 678 3319 enecti
700 3239 872 3319 sacrificiis
896 3241 1098 3321 salutaribus
1149 3240 1353 3336 paschalium
1370 3247 1576 3341 gaudiorum
1600 3265 1670 3316 ate
1694 3239 1955 3317 hacoblatione
1982 3252 2021 3325 80

292 3343 499 3441 expiemur.
1151 3337 1332 3434 suscepta:
1359 3348 1394 3415 δι
1420 3343 1492 3418 vivi
1521 3342 1703 3439 resurgant
1725 3366 1745 3414 a
1767 3340 1892 3413 vitiis:
1923 3341 1958 3412 ἃ

341 3439 707 3542 rpspondtatcburttr.
730 3438 873 3517 Amen.=
1151 3438 1302 3513 defundi
1318 3461 1517 3514 eruantura
1532 3441 1656 3534 penis.

214 3676 263 3755 30
527 3630 534 3645 '
578 3636 816 3716 assicuretis·
1203 3635 1571 3734 Respondearchorrs.
1595 3635 1742 3711 Amen}

391 3839 464 3913 ece
483 3834 561 3912 lesu
581 3835 755 3914 mediator
778 3835 847 3913 Dei
874 3841 910 3914 &
926 3833 1105 3911 hominum
1366 3837 1430 3912 Ad
1441 3856 1582 3936 pacem.
1610 3831 1758 3907 oraria}
2008 3757 2025 3834 ς

402 3934 536 4011 Chrille
554 3939 760 4033 redemptor
776 3961 814 4012 ac
827 3936 982 4012 Domine
1001 3962 1010 4004 a
1039 3936 1107 4010 ho·

297 4042 426 4110 minem
450 4031 543 4108 illurn
569 4056 669 4125 quem
687 4060 762 4109 cum
777 4040 904 4110 Patre:
930 4036 964 4105 ἃ
979 4032 1107 4109 Saudo
1249 4028 1542 4114 Dviventislesu
1566 4027 1885 4127 sepulcrumtvoto
1911 4023 1964 4098 hi·

213 4160 264 4243 35
302 4134 434 4230 Spiritu
457 4135 650 4205 unusDeus
663 4132 761 4205 sexto
775 4133 831 4205 die
856 4134 897 4207 ad
914 4151 1008 4206 tuam
1024 4156 1108 4205 con·
1274 4128 1337 4203 lari
1356 4152 1624 4209 concurrentes:
1653 4128 1832 4203 &Chrilli
1853 4123 1962 4198 resur·

302 4230 417 4306 didilli
443 4227 615 4322 speciemr
647 4229 742 4302 sexta
760 4231 896 4305 demum
924 4248 1020 4302 etate
1045 4253 1108 4322 per
1158 4225 1788 4322 genrislinteaminacontemplantem
1804 4223 1962 4300 obsecra·
1987 4253 2032 4323 90

294 4333 495 4424 assumptam
523 4326 664 4399 visitans
695 4348 854 4399 carnem:
886 4327 1106 4402 reformatio·
1157 4347 1232 4397 mus
1249 4324 1484 4424 benignissime
1502 4324 1963 4420 PateromniporensDeusa

295 4449 375 4500 nem
396 4420 524 4498 mentis
538 4423 649 4494 eidem
663 4423 804 4496 tribuisti
823 4453 832 4494 a
857 4448 919 4517 per
931 4422 1104 4520 euangelii
1156 4441 1195 4493 ut
1209 4425 1289 4496 dum
1302 4444 1398 4496 tanta
1416 4419 1629 4498 solennitatis
1642 4417 1968 4517 mysteriacelebra·

296 4525 505 4598 veritatem·
527 4519 681 4598 Proinde
701 4522 770 4597 hoc
784 4522 842 4595 die
855 4542 924 4597 tam
938 4548 1006 4618 pro
1019 4544 1104 4597 con·
1155 4536 1255 4594 mus:
1287 4519 1371 4596 nihil
1392 4521 1426 4593 in
1442 4518 1541 4597 nobis
1555 4522 1772 4598 adversitatis
1792 4518 1962 4594 eveniat:

214 4654 268 4729 ⁴0
299 4624 435 4698 ditione
453 4620 588 4694 humani
605 4620 759 4716 generiss
773 4643 872 4716 quam
889 4645 955 4714 pro
970 4626 1104 4696 redem-
1152 4617 1237 4692 nihil
1252 4618 1396 4692 trillicie
1411 4640 1471 4694 aut
1484 4619 1680 4696 calamitatis
1694 4636 1871 4695 occurrat.
1886 4621 1930 4687 Se
1945 4613 1968 4685 d

215 4724 220 4732 ’
298 4723 446 4819 ptioner
472 4719 559 4792 hanc
585 4717 649 4791 tibi
669 4720 836 4794 afferimus
863 4718 1036 4794 victimam
1053 4718 1103 4792 sa·
1154 4717 1298 4808 cundos
1312 4716 1431 4792 fideles
1446 4717 1493 4791 ob
1509 4716 1642 4795 dierum
1656 4714 1863 4815 paschalium
1884 4713 1965 4788 sella
1988 4736 2030 4811 95

298 4821 423 4907 crificij
439 4815 638 4912 singularias
669 4816 702 4887 in
731 4841 799 4912 quo
824 4816 893 4914 ipse
915 4843 982 4913 pro
994 4819 1105 4891 noslra
1157 4816 1352 4902 iucunditas
1380 4833 1500 4890 eterna
1513 4818 1705 4912 poffideat=
1732 4839 1856 4891 eorum
1877 4836 1965 4908 quo·

298 4917 409 4991 salute
427 4913 527 5010 ligno
543 4916 698 4988 confixus
728 4917 895 4992 escrucis.
918 4921 1109 5011 Acetopo·
1158 4938 1225 5008 que
1243 4913 1503 5012 suffragantibus
1525 4918 1654 4991 meritis
1682 4915 1739 5010 qui
1768 4937 1844 4989 cum
1859 4914 1966 4988 unico

301 5022 385 5088 tatis
399 5044 408 5084 s
423 5011 538 5085 lancea
569 5012 682 5085 latere
710 5015 904 5106 perfoderis
927 5042 937 5083 a
971 5015 1108 5087 lnserna
1160 5011 1235 5088 silio
1253 5033 1316 5087 tuo
1334 5013 1407 5088 vivi
1428 5035 1624 5089 meruerunt
1640 5014 1778 5111 surgere
1795 5015 1841 5086 de
1854 5010 1969 5108 sepul·

214 5139 267 5220 ᾗς
302 5114 452 5188 moriens
470 5128 678 5202 penetrans:
707 5114 920 5209 resurgendo
934 5110 1109 5206 spolians.
1161 5112 1248 5187 crisr
1277 5111 1463 5186 concordia
1493 5111 1527 5185 in
1552 5114 1652 5187 novis
1678 5112 1968 5209 vigeatcharita·

299 5215 375 5289 Pro
408 5206 530 5309 quibus
559 5207 730 5301 mysleriis
758 5233 796 5281 ac
822 5210 988 5286 miraculis
1020 5213 1110 5283 hunc
1163 5211 1234 5284 tis:
1259 5228 1297 5281 ut
1310 5211 1378 5285 hoc
1391 5210 1591 5289 sacrificium
1604 5209 1711 5287 laudis
1726 5208 1885 5304 placabili
1893 5210 1967 5310 ple·
1993 5225 2047 5283 ιω

299 5310 393 5385 diem
432 5307 522 5403 apud
563 5323 657 5379 tuam
694 5302 906 5384 clementiam
938 5309 1107 5383 sacrificiis
1159 5305 1810 5403 tatesuscipiaturemauibusnostrir.

300 5405 610 5487 commendantesz
632 5403 777 5500 petimus
799 5420 872 5481 ate
889 5408 1110 5502 redemptore
1208 5405 1411 5505 &spondeat
1426 5409 1573 5487 chorus.
1597 5414 1735 5490 Amen·
1797 5402 1808 5410 ⁸

304 5507 366 5604 pio
388 5509 422 5579 δι
441 5503 600 5579 Domino
623 5530 634 5574 a
660 5501 871 5579 uthodierni
888 5505 1040 5600 myllerii
1058 5529 1113 5576 re·

218 5628 272 5714 30
304 5606 466 5679 cordatus
484 5626 496 5671 a
525 5599 672 5698 spolians
687 5625 749 5676 nos
766 5623 923 5679 veterem
936 5604 1113 5678 hominem
1487 5607 1639 5687 hilaria}

303 5727 380 5778 cum
397 5701 526 5775 auibus
542 5698 632 5783 suisa
660 5700 778 5776 induas
796 5700 893 5774 illum
920 5704 976 5796 qui
992 5701 1112 5774 secun·
1994 5716 2047 5795 rol

305 5801 579 5875 dumDominum
595 5819 732 5876 creatus
747 5802 840 5877 estin
852 5801 1027 5888 juslicia&
1039 5800 1113 5874 san·
1273 5798 1395 5898 ignum
1407 5806 1443 5878 δι
1458 5807 1584 5894 iussum
1598 5810 1669 5883 eslr
1684 5803 1838 5884 sardum
1865 5808 1902 5886 δι
1919 5809 1968 5884 sa·

309 5901 436 5972 {litate
450 5898 608 5974 actitatis
627 5948 638 5970 .
664 5894 861 5976 Decidanta
878 5900 977 5976 nobis
991 5924 1112 5975 carna·
1283 5900 1395 5977 lutare
1406 5906 1477 5977 esla
1501 5926 1570 5981 nos
1585 5927 1621 5981 re
1636 5906 1875 6006 gloriosisime
1906 5914 1969 5986 Pa·

268 5998 390 6085 ¹lium
418 5994 535 6081 luitur
577 5995 839 6099 voluptatume
874 5999 1112 6097 &intereant
1163 6018 1220 6086 ter
1235 5999 1376 6082 Domini
1391 6003 1497 6086 nostri
1517 6005 1596 6113 lesu
1608 6006 1762 6095 emilie
1788 6009 1972 6193 intpp&
