4450 7209
350 771 353 779 ἱ
685 674 754 751 ΙΝ
791 674 1043 763 cneii!
1080 681 1357 769 JEIUNII·
1798 722 1848 791 91

201 778 251 853 tn
265 778 524 855 transmutatlos
547 798 611 853 nec
624 778 861 855 vicissitudinis
880 785 1005 859 obum-

202 882 344 955 bratio·
370 878 576 954 Voluntarie
590 882 709 979 genuit
733 902 798 953 vos
814 884 925 956 verbo
941 908 1005 959 ve·
1193 882 1201 899 “
1396 883 1513 985 Ma.

200 978 318 1051 nitatis
335 1008 345 1048 r
375 999 412 1053 nt
425 980 526 1051 simus
540 980 676 1055 initium
689 976 828 1071 aliquod
843 999 1002 1055 creature

199 1082 299 1162 eins·
327 1076 429 1150 Scitis
454 1080 578 1153 fratres
604 1079 671 1153 mei
702 1074 932 1155 dilectissimis
956 1084 1001 1156 fit
1148 1083 1487 1183 l’ptopinquaotibut
1514 1084 1618 1160 beate
1639 1086 1859 1190 quadragesi.
1981 1133 1984 1142 ·

151 1190 176 1266 ἲ
200 1192 316 1251 antem
338 1176 569 1253 omnishomo
585 1174 694 1251 velox
715 1180 756 1253 ad
773 1178 1000 1258 audiendum:
1170 1208 1226 1257 me
1242 1187 1360 1261 diebus
1377 1215 1389 1260 r
1420 1209 1558 1261 oremus
1573 1185 1689 1261 Deum
1703 1189 1856 1263 diledlis·

199 1273 317 1351 tardus
331 1295 445 1351 autern
459 1278 500 1349 ad
514 1274 721 1370 loquendum
736 1304 745 1344 r
774 1278 809 1349 δι
823 1280 940 1351 tardus
958 1279 999 1353 ad
1050 1282 1125 1355 fimi
1153 1281 1277 1357 fratres
1301 1308 1454 1382 corpore
1477 1287 1514 1358 dc
1529 1306 1646 1359 mente
1663 1289 1854 1379 prostrati.
1880 1300 1932 1372 60

195 1371 309 1445 iram.
334 1374 389 1446 lra
414 1376 507 1447 enlm
533 1373 600 1450 viri
632 1376 797 1461 justiciam
827 1375 897 1449 Dei
927 1402 998 1453 noo
1047 1380 1189 1455 Etlicet
1217 1382 1405 1457 omnivite
1434 1384 1551 1457 nostre
1581 1403 1745 1480 tempore
1777 1392 1854 1472 ejus

194 1488 386 1566 operatur·
415 1474 567 1569 Propter
593 1476 687 1567 quod
721 1474 923 1559 abjicientes
956 1502 997 1551 o·
1047 1478 1147 1575 operi
1162 1484 1260 1566 cujus
1277 1478 1459 1578 imaginem
1487 1483 1621 1575 accepit
1649 1484 1764 1556 anima
1788 1488 1853 1557 de·

196 1590 315 1643 mtrem
332 1572 576 1650 immunditiam
607 1574 906 1647 &abundantiam
924 1598 997 1648 ma·
1049 1576 1128 1651 beat
1149 1578 1358 1675 mancipari:
1385 1601 1498 1657 tameo
1524 1576 1717 1675 specialiter
1732 1605 1853 1677 quam·

121 1683 174 1749 ιο
193 1665 273 1744 licie
290 1695 300 1739 r
331 1668 366 1741 in
396 1668 650 1744 mansuetudine
668 1669 837 1767 suscipite
860 1672 998 1749 insitum
1048 1675 1700 1755 damobservationernhotumdietum
1713 1686 1778 1753 effe
1791 1684 1854 1754 de·
1871 1706 1883 1743 ἰ

193 1766 994 1875 verbnmrquodpotelisalvareanimasvestras.
1050 1775 1159 1851 berea
1182 1774 1851 1872 patrumdocemurexemplisrquinon
1879 1788 1934 1882 ὅς

195 1876 201 1885 ”
1049 1870 1160 1947 solnm
1174 1872 1330 1950 sermone
1345 1907 1354 1947 ε
1369 1878 1426 1950 sed
1441 1878 1478 1949 dt
1493 1900 1602 1971 opere
1616 1901 1627 1945 r
1654 1879 1853 1969 quidnobis

243 1970 449 2063 nahmen.
598 2036 601 2041 .
1049 1971 1700 2072 imitandumelsetegeruntrequibus
1723 1980 1855 2071 primur

1048 2070 1193 2163 Moyses
1207 2068 1387 2170 legislator
1402 2070 1572 2147 occurrit:
1588 2073 1644 2167 qui
1658 2073 1693 2145 in
1707 2074 1777 2147 hoc
1792 2098 1854 2146 nu-

128 2180 171 2261 15
242 2162 485 2256 cristoforus·
510 2164 886 2267 evangeliisetrrudum
905 2174 999 2240 Mat·
1048 2170 1286 2246 merodiernm
1302 2166 1425 2249 excelfi
1438 2168 1566 2246 montis
1580 2168 1751 2245 verticem
1763 2194 1849 2249 con-

190 2265 331 2348 them..
862 2274 998 2347 cnsili.
1047 2266 1204 2342 stendit:
1233 2268 1315 2344 nihil
1346 2268 1586 2350 inhisdiebut,
1612 2268 1848 2349 militantum,
1877 2298 1930 2376 70

1044 2370 1157 2441 verbo
1185 2367 1254 2440 Dei
1271 2367 1473 2465 pascebatur
1488 2395 1498 2437 r
1523 2368 1617 2459 qnod
1632 2388 1677 2437 ex
1692 2390 1758 2441 ore
1774 2370 1852 2447 Do·

197 2490 199 2492 ·
251 2460 313 2539 llo
339 2463 371 2537 in
399 2480 583 2559 tempores
610 2460 782 2541 Dominus
807 2466 993 2551 nollerle·
1043 2464 1382 2561 miniprocedebat.
1410 2467 1585 2539 secundus
1612 2489 1702 2541 vero
1723 2490 1848 2543 occur·

269 2563 321 2633 sus
339 2563 490 2637 Christus
506 2565 625 2639 dusius
649 2566 696 2641 est
727 2566 761 2637 in
776 2565 945 2641 desertum
970 2592 985 2638 a
1051 2562 1097 2636 rit
1117 2565 1217 2637 nobis
1234 2563 1350 2639 Helias
1365 2566 1556 2664 prophetat
1577 2563 1635 2659 qui
1653 2563 1770 2637 unicus
1783 2570 1851 2640 elle

129 2676 172 2741 ao
195 2660 316 2757 spiritu
334 2688 343 2733 r
371 2680 407 2734 ut
423 2662 832 2742 tentaretnradiabolo.
853 2666 988 2737 Etcum
1041 2662 1213 2739 virtutem
1227 2667 1449 2738 contestansr
1476 2663 1703 2761 quadraginta
1730 2666 1873 2739 diebns‘

190 2760 371 2847 Jejnnallet
385 2761 611 2859 quadraginta
624 2762 766 2845 diebus:
794 2770 828 2839 &
846 2763 993 2859 quadra·
1042 2761 1212 2836 montium
1228 2761 1361 2837 excelsa
1375 2760 1557 2834 lustravitr
1587 2761 1644 2832 nbi
1668 2760 1752 2835 sacri
1772 2766 1844 2838 oris
1876 2793 1925 2873 75

193 2860 291 2955 ginta
320 2860 642 2953 nodiibnsr'postea
667 2860 810 2933 esuriit.
837 2860 880 2937 Et
894 2882 991 2933 acce·
1043 2856 1230 2955 alloquium
1261 2861 1305 2930 de
1330 2858 1557 2935 israelitarum
1585 2856 1695 2931 salute
1723 2862 1845 2935 audire

193 2958 276 3029 dens
302 2974 461 3053 tentator
484 2958 573 3032 dixit
590 2958 647 3031 ei.
673 2960 708 3031 Si
736 2956 825 3035 lilius
844 2960 909 3035 Dei
927 2982 962 3029 es
981 2986 991 3029 r
1043 2959 1253 3053 promeruit·
1275 2960 1414 3031 Tertius
1430 2976 1546 3031 autem
1563 2955 1633 3053 ipse
1647 2956 1753 3028 nobis
1767 2962 1846 3035 Do·

191 3055 246 3126 dic
263 3074 299 3127 nt
311 3052 441 3153 lapides
457 3055 505 3129 ilii
522 3058 748 3153 panerfiant.
770 3057 839 3150 oni
855 3057 992 3151 respon.
1044 3057 1151 3127 minus
1167 3056 1281 3130 noster
1300 3060 1394 3132 lesus
1408 3057 1561 3129 Christus
1580 3052 1759 3127 occurrite
1785 3058 1845 3151 qui

129 3164 168 3239 25
192 3156 276 3227 dens
291 3156 378 3229 dixit
396 3154 452 3227 ei.
484 3156 655 3251 Scriptum
671 3156 743 3239 esi.
771 3157 852 3229 Non
881 3158 914 3235 in
933 3180 992 3249 pa·
1043 3155 1128 3226 totis
1154 3157 1382 3249 qnadraginta
1412 3152 1535 3228 diebus
1564 3150 1696 3223 heremi
1713 3152 1846 3229 secreta

191 3280 234 3326 ne
259 3250 336 3325 solo
366 3251 457 3327 vivit
472 3254 605 3329 homos
635 3252 692 3323 sed
722 3252 863 3327 inomni
883 3254 990 3325 verbo
1041 3270 1258 3345 penetrante
1296 3252 1411 3325 omnia
1434 3244 1603 3327 diabolica
1630 3268 1844 3329 tentamenta
1875 3262 1924 3340 80

189 3354 284 3447 quod
302 3351 458 3445 procedit
472 3352 514 3422 de
528 3376 590 3423 ore
604 3350 693 3423 Dei.
707 3354 803 3430 'sune
817 3352 988 3446 assumpsit
1040 3351 1207 3423 destruxit
1222 3395 1232 3418 ·
1261 3350 1396 3423 Horum
1421 3350 1528 3449 igitur
1542 3372 1604 3423 nos
1621 3346 1787 3443 exemplis
1808 3378 1846 3424 e·

188 3475 266 3526 eum
281 3448 434 3537 diabolus
451 3448 483 3519 in
500 3448 646 3524 santiam
658 3448 840 3524 civitatem
855 3477 864 3521 ε
879 3453 912 3523 &
929 3451 989 3522 sta·
1040 3448 1133 3520 noan
1149 3448 1344 3524 laborantes
1362 3472 1424 3543 per
1439 3452 1504 3519 hos
1517 3444 1592 3519 dies
1605 3450 1847 3545 quadraginta:

189 3549 259 3632 tuit
281 3568 358 3621 entn
375 3548 471 3647 snpra
487 3544 701 3644 pinnaculum
714 3547 834 3641 templi
848 3578 858 3629 r
885 3550 921 3621 d(
935 3548 988 3621 di·
1039 3549 1252 3633 ejiciamnsa
1268 3546 1368 3621 nobis
1385 3544 1515 3623 malicie
1531 3548 1741 3619 fermentum
1753 3574 1763 3615 a
1775 3572 1848 3643 quo

123 3660 165 3747 30
189 3666 239 3719 snt
255 3647 312 3720 ei.
336 3646 370 3718 Si
389 3648 475 3723 filins
489 3644 561 3729 ,Dei
580 3669 617 3717 es
629 3646 732 3721 mitte
752 3666 789 3725 te
802 3646 962 3723 deorsum
978 3694 989 3716 .
1040 3646 1138 3719 azimi
1151 3644 1356 3717 sinceritatis
1384 3646 1419 3718 ἃ
1435 3644 1598 3720 veritatis
1613 3645 1760 3721 inveniri
1775 3672 1844 3743 po·

187 3746 358 3841 Scriptum
372 3746 418 3825 est
432 3744 543 3821 enim·
569 3744 661 3840 Qia
674 3744 805 3843 angelis
819 3745 986 3821 suisman-
1035 3744 1205 3825 sinodum
1216 3767 1430 3820 mereamur..
1458 3749 1662 3842 &Amen-
1876 3757 1923 3849 85

187 3846 285 3918 davit
301 3842 419 3925 dete:
451 3846 486 3917 dc
504 3842 538 3917 in·
554 3843 707 3921 manibus
725 3842 852 3921 tollent
868 3864 903 3915 te
917 3869 927 3911 r
943 3864 988 3916 ne

187 3944 284 4018 sorte
312 3940 468 4020 offendas
498 3942 541 4013 ad
569 3938 717 4037 lapidem
736 3944 859 4035 pedem
873 3962 992 4015 tunm.

188 4040 254 4129 Ait
270 4038 319 4113 illi
330 4040 423 4117 lesus
442 4038 597 4112 rursum·
631 4041 801 4140 Scriptum
818 4040 867 4113 est
882 4087 892 4110 .
906 4039 991 4113 Non
1323 4038 1414 4113 Alia
1426 4042 1562 4116 oratio.

117 4154 162 4241 55
191 4140 342 4215 tentabis
370 4138 556 4209 Dominum
574 4134 689 4213 Deum
710 4156 831 4209 tuum.
862 4139 991 4217 lterum

188 4232 356 4333 assumpsit
372 4260 451 4309 enm
471 4230 627 4308 diabolus
645 4236 678 4309 io
696 4254 854 4313 montem
874 4234 990 4309 excel·
1117 4231 1269 4311 Alutrris
1284 4237 1344 4311 vie
1359 4236 1460 4313 initia
1473 4237 1642 4313 hodierne
1658 4231 1846 4310 solennita·
1872 4265 1924 4340 90

141 4348 145 4355 ‘
188 4338 260 4414 snm
288 4334 476 4410 valdee&
504 4330 653 4409 ostendit
684 4332 717 4406 ei
747 4336 863 4414 omnia
888 4360 991 4431 regna
1125 4335 1169 4409 tis
1197 4335 1365 4413 sacrificio
1378 4338 1597 4434 cupientibus
1618 4338 1846 4413 consecrare:

188 4435 336 4509 mundi:
361 4437 397 4507 dc
422 4430 567 4530 gloriam
585 4456 731 4510 eorum:
759 4432 897 4509 &dixit
916 4434 990 4507 illi.
1042 4454 1204 4511 occurrat
1240 4436 1337 4509 Deua
1368 4442 1471 4511 Pater
1512 4440 1707 4535 unigenitus
1743 4433 1846 4505 Filius

189 4538 267 4609 Hec
283 4535 397 4607 omnia
413 4530 476 4613 tibi
492 4530 605 4605 dabor
632 4531 657 4605 si
678 4532 800 4611 cadens
816 4535 989 4613 adorave·
1041 4552 1141 4607 tuns:
1163 4532 1222 4627 qni
1238 4532 1323 4609 olim
1338 4534 1451 4607 callidi
1469 4537 1658 4608 tentatoris
1675 4531 1846 4605 astuciam

111 4646 162 4736 40
190 4634 234 4709 ris
250 4656 328 4705 me.
353 4633 449 4705 Tunc
465 4629 552 4709 dixit
566 4630 598 4703 ei
611 4629 731 4707 Jesns.
757 4632 854 4703 Vade
869 4633 989 4725 Satha-
1041 4634 1192 4707 trimoda
1218 4633 1251 4703 se
1269 4633 1420 4706 suafione
1437 4628 1647 4704 inlicientem
1668 4630 1753 4700 sacri
1769 4628 1843 4701 oris

186 4758 257 4809 na·
285 4728 459 4825 Scriptum
472 4728 517 4801 eil
534 4728 647 4805 enirn·
671 4728 859 4805 Dominum
873 4730 986 4805 Deum
1036 4728 1191 4825 alloquio
1219 4730 1422 4824 reprobavit
1452 4750 1491 4801 ac
1519 4726 1688 4822 pettulit.
1723 4724 1800 4818 lpse
1822 4750 1842 4797 a
1869 4758 1919 4830 95

189 4850 288 4907 tunm
304 4826 460 4913 adorabis
477 4854 487 4897 r
515 4826 549 4917 dt
568 4823 615 4898 illi
630 4822 690 4898 soli
707 4825 862 4902 serviet.
889 4827 985 4898 Tunc
1036 4830 1136 4904 nobis
1151 4824 1323 4901 virulenta
1336 4827 1571 4900 tentationum
1587 4826 1712 4899 semina
1724 4820 1840 4917 pellat:

186 4926 331 5024 reliquit
358 4948 434 4998 enm
452 4921 629 5003 diabolnsr
656 4924 787 4997 &ecce
801 4920 916 5021 angeli
931 4946 988 4995 ac-
1036 4927 1113 5022 ipse
1144 4923 1343 4999 consensum
1369 4921 1530 4998 malarum
1543 4924 1796 5023 suggestionum
1824 4948 1845 4995 a

186 5024 387 5107 cesserunt:
412 5026 447 5093 dc
466 5020 693 5095 ministrabant
707 5022 738 5092 ei
756 5068 767 5092 .
791 5034 839 5113 131.
856 5028 987 5095 Amen.
1038 5024 1137 5097 nobis
1155 5022 1334 5095 retrudat.
1366 5022 1442 5118 lpse
1459 5024 1626 5096 ariditatis
1642 5022 1755 5096 nolite
1770 5019 1845 5091 ine-

105 5142 158 5226 45
235 5129 338 5199 Dicat
352 5116 472 5206 presb,
487 5119 656 5197 Dominus
672 5120 713 5193 fit
727 5118 858 5219 semper
872 5116 992 5193 vobis·
1043 5123 1134 5197 diam
1163 5117 1288 5194 divinis
1320 5124 1464 5215 pedibus
1492 5124 1609 5196 foveat
1636 5168 1648 5189 ·
1675 5123 1844 5218 Protegat

186 5248 263 5300 cnm
281 5272 292 5294 .
322 5238 370 5317 132.
387 5220 428 5293 Et
442 5242 540 5294 cum.
1041 5242 1107 5295 nos
1122 5238 1245 5292 contra
1258 5218 1359 5303 huius
1376 5220 1565 5296 tentatoris
1580 5220 1738 5294 insidias:
1756 5217 1843 5291 lori·
1875 5242 1950 5297 ros

238 5326 376 5399 Lauda,
407 5316 556 5403 Alleluia
573 5363 584 5395 ,·
612 5316 661 5407 ti·
676 5316 861 5397 Memento
883 5316 988 5392 noilri
1037 5343 1076 5394 ca
1093 5317 1223 5405 iusticie
1239 5344 1249 5386 r
1263 5318 1311 5389 ·&
1324 5316 1421 5414 galea
1435 5318 1549 5391 salutis
1563 5341 1710 5394 eterne.
1738 5313 1843 5385 Exhi-

186 5420 340 5493 Domine
366 5421 398 5492 in
414 5414 631 5512 beneplacito
649 5417 768 5515 populi
783 5418 832 5491 tui
848 5446 856 5487 ι
871 5416 989 5490 uinta
1038 5416 1122 5489 bens
1148 5418 1192 5489 de
1205 5414 1362 5488 celorum
1386 5416 1507 5490 edibus
1526 5413 1709 5514 fragilitati
1730 5412 1842 5484 nostre

187 5512 986 5603 nosDensinsalutetua.P.Allelnsa.1)r'cnt
1037 5516 1281 5590 fortitudinem
1295 5512 1361 5584 cibi
1379 5513 1560 5609 perennis:
1595 5510 1841 5604 quodchodie

106 5638 159 5721 50
186 5616 308 5699 'Pressa
326 5618 503 5703 Adiuvate
520 5626 574 5689 ine
587 5615 710 5688 fratres
727 5662 738 5687 .
1036 5612 1184 5689 validius
1199 5610 1374 5686 roboratis
1391 5614 1535 5685 inditum
1547 5636 1566 5682 e
1580 5607 1727 5683 crastino
1741 5608 1841 5681 abili·
1920 5699 1924 5705 .

237 5714 468 5809 Sacrificium·
509 5713 556 5785 Hi
585 5712 658 5784 dies
689 5710 858 5787 orationis
881 5710 986 5786 sandi
1036 5713 1155 5786 nentie
1182 5731 1314 5805 tempus
1342 5708 1543 5804 incipientes
1561 5729 1589 5777 ι’
1611 5705 1840 5803 petulancie,
1874 5736 1940 5808 105

186 5814 428 5892 eruntvobis=
464 5814 499 5884 bc
527 5806 744 5886 humiliabitis
772 5810 898 5886 animas
924 5834 987 5882 ve·
1037 5809 1182 5885 carnalis
1213 5806 1331 5880 libitus
1364 5808 1398 5879 in
1428 5805 1528 5879 nobis
1561 5808 1746 5878 decidant:
1789 5806 1839 5878 ira

182 5917 267 5989 liras
288 5912 500 6013 applicantes
522 5906 719 5988 holocausta
736 5908 893 5989 Domino
905 5910 983 5983 Deo
1037 5909 1230 6006 diffugiatr
1269 5904 1444 5979 voracitas
1471 5923 1625 6000 pereata
1669 5897 1842 6012 temulen-

181 6016 328 6108 vestro.
1037 6008 1090 6083 tie
1116 6007 1241 6085 vitium
1272 6000 1490 6179 evanesffit.
1532 6003 1699 6086 secedant
1737 5998 1839 6073 dolrr

1465 6125 1486 6177 a
1757 6121 1838 6177 cot-

1887 830 1931 901 55
