<?xml version="1.0" encoding="UTF-8"?>
<!DOCTYPE html PUBLIC "-//W3C//DTD XHTML 1.0 Transitional//EN"
    "http://www.w3.org/TR/xhtml1/DTD/xhtml1-transitional.dtd">
<html xmlns="http://www.w3.org/1999/xhtml" xml:lang="en" lang="en">
 <head>
  <title>
</title>
<meta http-equiv="Content-Type" content="text/html;charset=utf-8" />
  <meta name='ocr-system' content='tesseract 3.04.00' />
  <meta name='ocr-capabilities' content='ocr_page ocr_carea ocr_par ocr_line ocrx_word'/>
</head>
<body>
  <div class='ocr_page' id='page_1' title='image "./missalemixtumse00leslgoog_0072.png"; bbox 0 0 4450 7209; ppageno 0'>
   <div class='ocr_carea' id='block_1_1' title="bbox 332 736 2149 4556">
    <p class='ocr_par' dir='ltr' id='par_1_1' title="bbox 332 736 2149 4556">
     <span class='ocr_line' id='line_1_1' title="bbox 489 736 1669 836; baseline -0.008 -1"><span class='ocrx_word' id='word_1_1' title='bbox 489 749 591 836; x_wconf 74' lang='lat' dir='ltr'>&#39;aava</span> <span class='ocrx_word' id='word_1_2' title='bbox 917 736 1669 831; x_wconf 75' lang='lat' dir='ltr'>PRAEFA‘rlo:</span> 
     </span>
     <span class='ocr_line' id='line_1_2' title="bbox 479 850 2106 984; baseline -0.003 -32"><span class='ocrx_word' id='word_1_3' title='bbox 479 855 666 984; x_wconf 75' lang='lat' dir='ltr'>superine</span> <span class='ocrx_word' id='word_1_4' title='bbox 695 850 900 975; x_wconf 77' lang='lat' dir='ltr'>ofitr&#39;onem</span> <span class='ocrx_word' id='word_1_5' title='bbox 939 859 1178 970; x_wconf 88' lang='lat' dir='ltr'>celebrare,</span> <span class='ocrx_word' id='word_1_6' title='bbox 1217 855 1273 944; x_wconf 86' lang='lat' dir='ltr'>est</span> <span class='ocrx_word' id='word_1_7' title='bbox 1311 854 1509 970; x_wconf 89' lang='lat' dir='ltr'>jejunium</span> <span class='ocrx_word' id='word_1_8' title='bbox 1547 858 1798 977; x_wconf 77' lang='lat' dir='ltr'>imponere,</span> <span class='ocrx_word' id='word_1_9' title='bbox 1836 855 1945 975; x_wconf 81' lang='lat' dir='ltr'>&#39;quod</span> <span class='ocrx_word' id='word_1_10' title='bbox 1985 875 2106 947; x_wconf 65' lang='lat' dir='ltr'>antu</span> 
     </span>
     <span class='ocr_line' id='line_1_3' title="bbox 466 880 2106 1097; baseline -0.001 -32"><span class='ocrx_word' id='word_1_11' title='bbox 466 1012 570 1072; x_wconf 80' lang='lat' dir='ltr'>non</span> <span class='ocrx_word' id='word_1_12' title='bbox 600 880 910 1069; x_wconf 60' lang='lat' dir='ltr'>obldrvabatur.</span> <span class='ocrx_word' id='word_1_13' title='bbox 941 978 1061 1072; x_wconf 85' lang='lat' dir='ltr'>Unde</span> <span class='ocrx_word' id='word_1_14' title='bbox 1090 1003 1258 1097; x_wconf 87' lang='lat' dir='ltr'>apparet</span> <span class='ocrx_word' id='word_1_15' title='bbox 1284 978 1475 1094; x_wconf 85' lang='lat' dir='ltr'>Hispanis</span> <span class='ocrx_word' id='word_1_16' title='bbox 1506 979 1833 1067; x_wconf 85' lang='lat' dir='ltr'>consuetudinem</span> <span class='ocrx_word' id='word_1_17' title='bbox 1867 982 1972 1067; x_wconf 91' lang='lat' dir='ltr'>hanc</span> <span class='ocrx_word' id='word_1_18' title='bbox 2004 978 2106 1093; x_wconf 86' lang='lat' dir='ltr'>jeju·</span> 
     </span>
     <span class='ocr_line' id='line_1_4' title="bbox 489 1097 2103 1213; baseline -0.006 -19"><span class='ocrx_word' id='word_1_19' title='bbox 489 1102 612 1194; x_wconf 87' lang='lat' dir='ltr'>nandi</span> <span class='ocrx_word' id='word_1_20' title='bbox 643 1101 708 1187; x_wconf 86' lang='lat' dir='ltr'>die</span> <span class='ocrx_word' id='word_1_21' title='bbox 737 1101 902 1191; x_wconf 88' lang='lat' dir='ltr'>Sabbati</span> <span class='ocrx_word' id='word_1_22' title='bbox 939 1101 992 1186; x_wconf 89' lang='lat' dir='ltr'>ab</span> <span class='ocrx_word' id='word_1_23' title='bbox 1021 1100 1141 1189; x_wconf 92' lang='lat' dir='ltr'>initio</span> <span class='ocrx_word' id='word_1_24' title='bbox 1171 1128 1252 1185; x_wconf 92' lang='lat' dir='ltr'>non</span> <span class='ocrx_word' id='word_1_25' title='bbox 1283 1097 1437 1213; x_wconf 87' lang='lat' dir='ltr'>suisse;</span> <span class='ocrx_word' id='word_1_26' title='bbox 1476 1102 1518 1188; x_wconf 78' lang='grc' dir='ltr'>δι</span> <span class='ocrx_word' id='word_1_27' title='bbox 1555 1129 1606 1201; x_wconf 84' lang='lat' dir='ltr'>ex</span> <span class='ocrx_word' id='word_1_28' title='bbox 1637 1101 1714 1189; x_wconf 88' lang='lat' dir='ltr'>hac</span> <span class='ocrx_word' id='word_1_29' title='bbox 1744 1101 1863 1189; x_wconf 88' lang='lat' dir='ltr'>unica</span> <span class='ocrx_word' id='word_1_30' title='bbox 1891 1100 2103 1188; x_wconf 85' lang='lat' dir='ltr'>consuetu·</span> 
     </span>
     <span class='ocr_line' id='line_1_5' title="bbox 489 1218 2106 1339; baseline -0.006 -26"><span class='ocrx_word' id='word_1_31' title='bbox 489 1222 614 1331; x_wconf 89' lang='lat' dir='ltr'>diue,</span> <span class='ocrx_word' id='word_1_32' title='bbox 645 1246 733 1333; x_wconf 78' lang='lat' dir='ltr'>qua</span> <span class='ocrx_word' id='word_1_33' title='bbox 763 1218 813 1308; x_wconf 88' lang='lat' dir='ltr'>ad</span> <span class='ocrx_word' id='word_1_34' title='bbox 843 1220 1074 1338; x_wconf 89' lang='lat' dir='ltr'>Liturgiam</span> <span class='ocrx_word' id='word_1_35' title='bbox 1104 1249 1186 1306; x_wconf 92' lang='lat' dir='ltr'>non</span> <span class='ocrx_word' id='word_1_36' title='bbox 1217 1219 1426 1335; x_wconf 85' lang='lat' dir='ltr'>pertinet,</span> <span class='ocrx_word' id='word_1_37' title='bbox 1456 1221 1562 1308; x_wconf 87' lang='lat' dir='ltr'>male</span> <span class='ocrx_word' id='word_1_38' title='bbox 1589 1220 1765 1332; x_wconf 88' lang='lat' dir='ltr'>inserti,</span> <span class='ocrx_word' id='word_1_39' title='bbox 1795 1219 1995 1339; x_wconf 86' lang='lat' dir='ltr'>Hispanos</span> <span class='ocrx_word' id='word_1_40' title='bbox 2023 1223 2106 1306; x_wconf 87' lang='lat' dir='ltr'>Ro·</span> 
     </span>
     <span class='ocr_line' id='line_1_6' title="bbox 489 1332 2108 1455; baseline -0.004 -24"><span class='ocrx_word' id='word_1_41' title='bbox 489 1339 979 1450; x_wconf 74' lang='lat' dir='ltr'>manieritibus,saecu10</span> <span class='ocrx_word' id='word_1_42' title='bbox 1010 1363 1180 1455; x_wconf 86' lang='lat' dir='ltr'>quarto,</span> <span class='ocrx_word' id='word_1_43' title='bbox 1212 1338 1363 1426; x_wconf 82' lang='lat' dir='ltr'>deditos</span> <span class='ocrx_word' id='word_1_44' title='bbox 1392 1339 1529 1428; x_wconf 82' lang='lat' dir='ltr'>fuisse.</span> <span class='ocrx_word' id='word_1_45' title='bbox 1559 1341 1703 1430; x_wconf 88' lang='lat' dir='ltr'>Altera</span> <span class='ocrx_word' id='word_1_46' title='bbox 1733 1369 1831 1427; x_wconf 90' lang='lat' dir='ltr'>vero</span> <span class='ocrx_word' id='word_1_47' title='bbox 1861 1332 2108 1427; x_wconf 86' lang='lat' dir='ltr'>consuetudo</span> 
     </span>
     <span class='ocr_line' id='line_1_7' title="bbox 487 1457 2108 1576; baseline -0.001 -28"><span class='ocrx_word' id='word_1_48' title='bbox 487 1457 670 1576; x_wconf 88' lang='lat' dir='ltr'>quotidie</span> <span class='ocrx_word' id='word_1_49' title='bbox 700 1459 994 1549; x_wconf 86' lang='lat' dir='ltr'>Eucharistiam</span> <span class='ocrx_word' id='word_1_50' title='bbox 1025 1459 1245 1575; x_wconf 89' lang='lat' dir='ltr'>accipiendi</span> <span class='ocrx_word' id='word_1_51' title='bbox 1275 1483 1419 1576; x_wconf 83' lang='lat' dir='ltr'>prater</span> <span class='ocrx_word' id='word_1_52' title='bbox 1438 1468 1704 1571; x_wconf 80' lang='lat' dir='ltr'>Romanam,</span> <span class='ocrx_word' id='word_1_53' title='bbox 1735 1464 1775 1550; x_wconf 78' lang='grc' dir='ltr'>δι</span> <span class='ocrx_word' id='word_1_54' title='bbox 1807 1459 2012 1576; x_wconf 82' lang='lat' dir='ltr'>Hispaniae</span> <span class='ocrx_word' id='word_1_55' title='bbox 2030 1463 2108 1547; x_wconf 87' lang='lat' dir='ltr'>Ec·</span> 
     </span>
     <span class='ocr_line' id='line_1_8' title="bbox 363 1578 2108 1696; baseline -0.005 -23"><span class='ocrx_word' id='word_1_56' title='bbox 363 1586 458 1696; x_wconf 50' lang='lat'>,169</span> <span class='ocrx_word' id='word_1_57' title='bbox 490 1582 655 1689; x_wconf 81' lang='lat' dir='ltr'>elesras,</span> <span class='ocrx_word' id='word_1_58' title='bbox 686 1580 738 1665; x_wconf 89' lang='lat' dir='ltr'>ab</span> <span class='ocrx_word' id='word_1_59' title='bbox 765 1581 851 1666; x_wconf 79' lang='lat' dir='ltr'>aliia</span> <span class='ocrx_word' id='word_1_60' title='bbox 882 1579 1117 1692; x_wconf 87' lang='lat' dir='ltr'>quibusdam</span> <span class='ocrx_word' id='word_1_61' title='bbox 1148 1579 1462 1667; x_wconf 85' lang='lat' dir='ltr'>observabatur.</span> <span class='ocrx_word' id='word_1_62' title='bbox 1492 1578 1617 1670; x_wconf 90' lang='lat' dir='ltr'>Aliud</span> <span class='ocrx_word' id='word_1_63' title='bbox 1642 1602 1930 1696; x_wconf 86' lang='lat' dir='ltr'>argumentum</span> <span class='ocrx_word' id='word_1_64' title='bbox 1962 1582 2108 1665; x_wconf 86' lang='lat' dir='ltr'>econ·</span> 
     </span>
     <span class='ocr_line' id='line_1_9' title="bbox 492 1694 2107 1814; baseline -0.007 -22"><span class='ocrx_word' id='word_1_65' title='bbox 492 1701 586 1791; x_wconf 87' lang='lat' dir='ltr'>cilio</span> <span class='ocrx_word' id='word_1_66' title='bbox 625 1699 762 1814; x_wconf 50' lang='lat' dir='ltr'>primo*</span> <span class='ocrx_word' id='word_1_67' title='bbox 797 1701 1001 1786; x_wconf 87' lang='lat' dir='ltr'>Toletano</span> <span class='ocrx_word' id='word_1_68' title='bbox 1038 1699 1293 1785; x_wconf 90' lang='lat' dir='ltr'>desumunt.</span> <span class='ocrx_word' id='word_1_69' title='bbox 1332 1706 1386 1787; x_wconf 93' lang='lat' dir='ltr'>In</span> <span class='ocrx_word' id='word_1_70' title='bbox 1424 1729 1474 1786; x_wconf 90' lang='lat' dir='ltr'>eo</span> <span class='ocrx_word' id='word_1_71' title='bbox 1513 1700 1625 1786; x_wconf 83' lang='lat' dir='ltr'>enim</span> <span class='ocrx_word' id='word_1_72' title='bbox 1654 1762 1669 1811; x_wconf 92' lang='lat'>,</span> <span class='ocrx_word' id='word_1_73' title='bbox 1699 1708 1864 1787; x_wconf 82' lang='lat' dir='ltr'>canone</span> <span class='ocrx_word' id='word_1_74' title='bbox 1895 1694 2107 1808; x_wconf 87' lang='lat' dir='ltr'>secundo,</span> 
     </span>
     <span class='ocr_line' id='line_1_10' title="bbox 479 1815 2109 1940; baseline -0.004 -34"><span class='ocrx_word' id='word_1_75' title='bbox 479 1819 728 1940; x_wconf 83' lang='lat' dir='ltr'>¹permissum</span> <span class='ocrx_word' id='word_1_76' title='bbox 768 1818 847 1906; x_wconf 90' lang='lat' dir='ltr'>suit</span> <span class='ocrx_word' id='word_1_77' title='bbox 887 1821 1132 1935; x_wconf 86' lang='lat' dir='ltr'>poenitentes</span> <span class='ocrx_word' id='word_1_78' title='bbox 1163 1817 1212 1904; x_wconf 88' lang='lat' dir='ltr'>ad</span> <span class='ocrx_word' id='word_1_79' title='bbox 1244 1817 1415 1934; x_wconf 89' lang='lat' dir='ltr'>gradum</span> <span class='ocrx_word' id='word_1_80' title='bbox 1445 1815 1625 1906; x_wconf 69' lang='lat' dir='ltr'>Leiloris</span> <span class='ocrx_word' id='word_1_81' title='bbox 1654 1819 1895 1927; x_wconf 85' lang='lat' dir='ltr'>assumere,</span> <span class='ocrx_word' id='word_1_82' title='bbox 1925 1816 1996 1905; x_wconf 88' lang='lat' dir='ltr'>ubi</span> <span class='ocrx_word' id='word_1_83' title='bbox 2035 1833 2109 1902; x_wconf 88' lang='lat' dir='ltr'>aut</span> 
     </span>
     <span class='ocr_line' id='line_1_11' title="bbox 491 1929 2108 2054; baseline -0.004 -27"><span class='ocrx_word' id='word_1_84' title='bbox 491 1937 693 2027; x_wconf 76' lang='lat' dir='ltr'>necessitas</span> <span class='ocrx_word' id='word_1_85' title='bbox 724 1938 782 2025; x_wconf 88' lang='lat' dir='ltr'>ita</span> <span class='ocrx_word' id='word_1_86' title='bbox 813 1939 879 2024; x_wconf 86' lang='lat' dir='ltr'>exi</span> <span class='ocrx_word' id='word_1_87' title='bbox 908 1941 1031 2050; x_wconf 92' lang='lat' dir='ltr'>ebat,</span> <span class='ocrx_word' id='word_1_88' title='bbox 1062 1929 1133 2025; x_wconf 82' lang='lat' dir='ltr'>aut</span> <span class='ocrx_word' id='word_1_89' title='bbox 1150 1938 1396 2054; x_wconf 87' lang='lat' dir='ltr'>approbabat</span> <span class='ocrx_word' id='word_1_90' title='bbox 1415 1938 1691 2048; x_wconf 88' lang='lat' dir='ltr'>consuetudo,</span> <span class='ocrx_word' id='word_1_91' title='bbox 1720 1933 1785 2027; x_wconf 78' lang='lat' dir='ltr'>ita</span> <span class='ocrx_word' id='word_1_92' title='bbox 1807 1959 1971 2047; x_wconf 83' lang='lat' dir='ltr'>tamen,</span> <span class='ocrx_word' id='word_1_93' title='bbox 1997 1955 2048 2022; x_wconf 81' lang='lat' dir='ltr'>ut</span> <span class='ocrx_word' id='word_1_94' title='bbox 2078 1930 2108 2021; x_wconf 88' lang='lat' dir='ltr'>ii</span> 
     </span>
     <span class='ocr_line' id='line_1_12' title="bbox 494 2051 2107 2177; baseline -0.006 -29"><span class='ocrx_word' id='word_1_95' title='bbox 494 2052 777 2175; x_wconf 81' lang='lat' dir='ltr'>Evangelium</span> <span class='ocrx_word' id='word_1_96' title='bbox 808 2119 824 2168; x_wconf 94' lang='lat'>,</span> <span class='ocrx_word' id='word_1_97' title='bbox 948 2051 1190 2177; x_wconf 81' lang='lat' dir='ltr'>Apostolum</span> <span class='ocrx_word' id='word_1_98' title='bbox 1225 2087 1305 2145; x_wconf 87' lang='lat' dir='ltr'>non</span> <span class='ocrx_word' id='word_1_99' title='bbox 1342 2052 1564 2174; x_wconf 82' lang='lat' dir='ltr'>legerent.</span> <span class='ocrx_word' id='word_1_100' title='bbox 1595 2066 1653 2147; x_wconf 86' lang='lat' dir='ltr'>Et</span> <span class='ocrx_word' id='word_1_101' title='bbox 1681 2121 1695 2169; x_wconf 93' lang='lat'>,</span> <span class='ocrx_word' id='word_1_102' title='bbox 1724 2066 1889 2146; x_wconf 79' lang='lat' dir='ltr'>canone</span> <span class='ocrx_word' id='word_1_103' title='bbox 1918 2076 2107 2171; x_wconf 90' lang='lat' dir='ltr'>quarto,</span> 
     </span>
     <span class='ocr_line' id='line_1_13' title="bbox 493 2172 2149 2295; baseline 0 -26"><span class='ocrx_word' id='word_1_104' title='bbox 493 2177 733 2269; x_wconf 84' lang='lat' dir='ltr'>mandatum</span> <span class='ocrx_word' id='word_1_105' title='bbox 764 2177 843 2263; x_wconf 91' lang='lat' dir='ltr'>suit</span> <span class='ocrx_word' id='word_1_106' title='bbox 871 2239 885 2286; x_wconf 93' lang='lat'>,</span> <span class='ocrx_word' id='word_1_107' title='bbox 917 2201 964 2265; x_wconf 91' lang='lat' dir='ltr'>ut</span> <span class='ocrx_word' id='word_1_108' title='bbox 995 2177 1265 2267; x_wconf 75' lang='lat' dir='ltr'>subdiaconus</span> <span class='ocrx_word' id='word_1_109' title='bbox 1293 2238 1307 2284; x_wconf 91' lang='lat'>,</span> <span class='ocrx_word' id='word_1_110' title='bbox 1339 2178 1411 2288; x_wconf 93' lang='lat' dir='ltr'>qui</span> <span class='ocrx_word' id='word_1_111' title='bbox 1436 2238 1451 2285; x_wconf 87' lang='lat'>,</span> <span class='ocrx_word' id='word_1_112' title='bbox 1481 2175 1668 2262; x_wconf 74' lang='lat' dir='ltr'>defundla</span> <span class='ocrx_word' id='word_1_113' title='bbox 1699 2179 1830 2295; x_wconf 86' lang='lat' dir='ltr'>priore</span> <span class='ocrx_word' id='word_1_114' title='bbox 1860 2202 2023 2285; x_wconf 85' lang='lat' dir='ltr'>uxore,</span> <span class='ocrx_word' id='word_1_115' title='bbox 2054 2172 2108 2261; x_wconf 84' lang='lat' dir='ltr'>se·</span> <span class='ocrx_word' id='word_1_116' title='bbox 2146 2252 2149 2269; x_wconf 91' lang='lat'>.</span> 
     </span>
     <span class='ocr_line' id='line_1_14' title="bbox 490 2291 2148 2412; baseline -0.002 -27"><span class='ocrx_word' id='word_1_117' title='bbox 490 2295 667 2385; x_wconf 89' lang='lat' dir='ltr'>cundam</span> <span class='ocrx_word' id='word_1_118' title='bbox 697 2294 898 2404; x_wconf 87' lang='lat' dir='ltr'>duxerat,</span> <span class='ocrx_word' id='word_1_119' title='bbox 929 2296 980 2382; x_wconf 90' lang='lat' dir='ltr'>ad</span> <span class='ocrx_word' id='word_1_120' title='bbox 1008 2296 1179 2412; x_wconf 90' lang='lat' dir='ltr'>gradum</span> <span class='ocrx_word' id='word_1_121' title='bbox 1209 2292 1387 2383; x_wconf 74' lang='lat' dir='ltr'>Ledloris</span> <span class='ocrx_word' id='word_1_122' title='bbox 1418 2294 1696 2405; x_wconf 89' lang='lat' dir='ltr'>detrudatur,</span> <span class='ocrx_word' id='word_1_123' title='bbox 1725 2291 1790 2383; x_wconf 85' lang='lat' dir='ltr'>ita</span> <span class='ocrx_word' id='word_1_124' title='bbox 1823 2315 1873 2383; x_wconf 79' lang='lat' dir='ltr'>ur</span> <span class='ocrx_word' id='word_1_125' title='bbox 1908 2301 2108 2410; x_wconf 83' lang='lat' dir='ltr'>Evangr·</span> <span class='ocrx_word' id='word_1_126' title='bbox 2144 2312 2148 2325; x_wconf 80' lang='grc'>’</span> 
     </span>
     <span class='ocr_line' id='line_1_15' title="bbox 495 2406 2106 2534; baseline -0.006 -28"><span class='ocrx_word' id='word_1_127' title='bbox 495 2411 630 2526; x_wconf 80' lang='lat' dir='ltr'>lium,</span> <span class='ocrx_word' id='word_1_128' title='bbox 655 2409 711 2504; x_wconf 73' lang='lat'>(9⁶</span> <span class='ocrx_word' id='word_1_129' title='bbox 740 2406 978 2533; x_wconf 81' lang='lat' dir='ltr'>Apostolum</span> <span class='ocrx_word' id='word_1_130' title='bbox 1005 2446 1085 2506; x_wconf 86' lang='lat' dir='ltr'>non</span> <span class='ocrx_word' id='word_1_131' title='bbox 1113 2411 1254 2534; x_wconf 84' lang='lat' dir='ltr'>legat.</span> <span class='ocrx_word' id='word_1_132' title='bbox 1284 2414 1406 2504; x_wconf 87' lang='lat' dir='ltr'>Unde</span> <span class='ocrx_word' id='word_1_133' title='bbox 1438 2414 1648 2527; x_wconf 89' lang='lat' dir='ltr'>inserunt,</span> <span class='ocrx_word' id='word_1_134' title='bbox 1680 2415 1879 2530; x_wconf 85' lang='lat' dir='ltr'>Hispanos</span> <span class='ocrx_word' id='word_1_135' title='bbox 1896 2474 1912 2524; x_wconf 92' lang='lat'>,</span> <span class='ocrx_word' id='word_1_136' title='bbox 1928 2412 2106 2501; x_wconf 83' lang='lat' dir='ltr'>&#39;ineunte</span> 
     </span>
     <span class='ocr_line' id='line_1_16' title="bbox 496 2533 2108 2647; baseline -0.004 -25"><span class='ocrx_word' id='word_1_137' title='bbox 496 2535 635 2622; x_wconf 74' lang='lat' dir='ltr'>saeculo</span> <span class='ocrx_word' id='word_1_138' title='bbox 664 2533 851 2646; x_wconf 90' lang='lat' dir='ltr'>quinto,</span> <span class='ocrx_word' id='word_1_139' title='bbox 883 2533 1053 2621; x_wconf 86' lang='lat' dir='ltr'>Missam</span> <span class='ocrx_word' id='word_1_140' title='bbox 1084 2536 1167 2621; x_wconf 93' lang='lat' dir='ltr'>ritu</span> <span class='ocrx_word' id='word_1_141' title='bbox 1198 2540 1386 2622; x_wconf 91' lang='lat' dir='ltr'>Romano</span> <span class='ocrx_word' id='word_1_142' title='bbox 1417 2533 1670 2642; x_wconf 85' lang='lat' dir='ltr'>celebrasse,</span> <span class='ocrx_word' id='word_1_143' title='bbox 1701 2537 1743 2622; x_wconf 90' lang='lat' dir='ltr'>in</span> <span class='ocrx_word' id='word_1_144' title='bbox 1775 2562 1855 2647; x_wconf 90' lang='lat' dir='ltr'>qua</span> <span class='ocrx_word' id='word_1_145' title='bbox 1887 2533 1989 2619; x_wconf 86' lang='lat' dir='ltr'>binae</span> <span class='ocrx_word' id='word_1_146' title='bbox 2022 2551 2108 2617; x_wconf 87' lang='lat' dir='ltr'>tan·</span> 
     </span>
     <span class='ocr_line' id='line_1_17' title="bbox 494 2649 2106 2770; baseline -0.001 -30"><span class='ocrx_word' id='word_1_147' title='bbox 494 2677 586 2740; x_wconf 91' lang='lat' dir='ltr'>tum</span> <span class='ocrx_word' id='word_1_148' title='bbox 619 2653 740 2741; x_wconf 89' lang='lat' dir='ltr'>modo</span> <span class='ocrx_word' id='word_1_149' title='bbox 768 2653 1004 2768; x_wconf 89' lang='lat' dir='ltr'>legebantur</span> <span class='ocrx_word' id='word_1_150' title='bbox 1033 2654 1244 2769; x_wconf 81' lang='lat' dir='ltr'>Scriptura</span> <span class='ocrx_word' id='word_1_151' title='bbox 1274 2649 1517 2762; x_wconf 75' lang='lat' dir='ltr'>Letliones,</span> <span class='ocrx_word' id='word_1_152' title='bbox 1550 2655 1821 2770; x_wconf 87' lang='lat' dir='ltr'>Evangelium</span> <span class='ocrx_word' id='word_1_153' title='bbox 1853 2651 2106 2761; x_wconf 85' lang='lat' dir='ltr'>scilicet,&amp;</span> 
     </span>
     <span class='ocr_line' id='line_1_18' title="bbox 384 2770 2109 2890; baseline -0.005 -24"><span class='ocrx_word' id='word_1_154' title='bbox 384 2804 468 2890; x_wconf 86' lang='lat'>170</span> <span class='ocrx_word' id='word_1_155' title='bbox 498 2770 734 2890; x_wconf 89' lang='lat' dir='ltr'>Apostolum</span> <span class='ocrx_word' id='word_1_156' title='bbox 766 2832 779 2879; x_wconf 96' lang='lat'>,</span> <span class='ocrx_word' id='word_1_157' title='bbox 811 2771 892 2856; x_wconf 79' lang='lat' dir='ltr'>sive</span> <span class='ocrx_word' id='word_1_158' title='bbox 931 2771 1190 2887; x_wconf 87' lang='lat' dir='ltr'>Epistulam.</span> <span class='ocrx_word' id='word_1_159' title='bbox 1222 2771 1298 2863; x_wconf 83' lang='lat' dir='ltr'>Sed</span> <span class='ocrx_word' id='word_1_160' title='bbox 1337 2771 1379 2856; x_wconf 93' lang='lat' dir='ltr'>id</span> <span class='ocrx_word' id='word_1_161' title='bbox 1418 2773 1524 2857; x_wconf 89' lang='lat' dir='ltr'>male</span> <span class='ocrx_word' id='word_1_162' title='bbox 1562 2775 1757 2888; x_wconf 88' lang='lat' dir='ltr'>colligunt</span> <span class='ocrx_word' id='word_1_163' title='bbox 1783 2832 1795 2858; x_wconf 94' lang='lat'>.</span> <span class='ocrx_word' id='word_1_164' title='bbox 1826 2776 1936 2859; x_wconf 89' lang='lat' dir='ltr'>Nam</span> <span class='ocrx_word' id='word_1_165' title='bbox 1972 2776 2109 2857; x_wconf 76' lang='lat' dir='ltr'>Patres</span> 
     </span>
     <span class='ocr_line' id='line_1_19' title="bbox 485 2888 2111 3010; baseline -0.005 -27"><span class='ocrx_word' id='word_1_166' title='bbox 485 2891 692 3010; x_wconf 70' lang='lat' dir='ltr'>⁴Toletani</span> <span class='ocrx_word' id='word_1_167' title='bbox 711 2918 783 2976; x_wconf 87' lang='lat' dir='ltr'>nec</span> <span class='ocrx_word' id='word_1_168' title='bbox 802 2888 987 2999; x_wconf 73' lang='lat' dir='ltr'>Ledlori,</span> <span class='ocrx_word' id='word_1_169' title='bbox 1017 2895 1293 3007; x_wconf 86' lang='lat' dir='ltr'>poenitentum</span> <span class='ocrx_word' id='word_1_170' title='bbox 1311 2921 1334 2975; x_wconf 91' lang='lat' dir='ltr'>e</span> <span class='ocrx_word' id='word_1_171' title='bbox 1352 2919 1520 2976; x_wconf 91' lang='lat' dir='ltr'>numero</span> <span class='ocrx_word' id='word_1_172' title='bbox 1535 2892 1763 3010; x_wconf 73' lang='lat' dir='ltr'>assumpto,</span> <span class='ocrx_word' id='word_1_173' title='bbox 1797 2918 1926 3002; x_wconf 87' lang='lat' dir='ltr'>neque</span> <span class='ocrx_word' id='word_1_174' title='bbox 1943 2889 2111 2979; x_wconf 88' lang='lat' dir='ltr'>Subdia·</span> 
     </span>
     <span class='ocr_line' id='line_1_20' title="bbox 495 3007 2110 3125; baseline -0.007 -23"><span class='ocrx_word' id='word_1_175' title='bbox 495 3037 597 3102; x_wconf 89' lang='lat' dir='ltr'>cono</span> <span class='ocrx_word' id='word_1_176' title='bbox 634 3011 796 3125; x_wconf 91' lang='lat' dir='ltr'>bigamo</span> <span class='ocrx_word' id='word_1_177' title='bbox 829 3010 1006 3095; x_wconf 88' lang='lat' dir='ltr'>officium</span> <span class='ocrx_word' id='word_1_178' title='bbox 1042 3009 1219 3099; x_wconf 74' lang='lat' dir='ltr'>Ledloris</span> <span class='ocrx_word' id='word_1_179' title='bbox 1263 3009 1552 3120; x_wconf 88' lang='lat' dir='ltr'>interdicunt,</span> <span class='ocrx_word' id='word_1_180' title='bbox 1590 3012 1628 3095; x_wconf 89' lang='lat' dir='ltr'>se</span> <span class='ocrx_word' id='word_1_181' title='bbox 1687 3009 1940 3099; x_wconf 87' lang='lat' dir='ltr'>solummodo</span> <span class='ocrx_word' id='word_1_182' title='bbox 1974 3007 2110 3124; x_wconf 83' lang='lat' dir='ltr'>prohi-</span> 
     </span>
     <span class='ocr_line' id='line_1_21' title="bbox 494 3126 2110 3245; baseline -0.004 -25"><span class='ocrx_word' id='word_1_183' title='bbox 494 3133 629 3239; x_wconf 87' lang='lat' dir='ltr'>bent,</span> <span class='ocrx_word' id='word_1_184' title='bbox 666 3156 716 3214; x_wconf 90' lang='lat' dir='ltr'>ne</span> <span class='ocrx_word' id='word_1_185' title='bbox 750 3128 870 3214; x_wconf 89' lang='lat' dir='ltr'>libros</span> <span class='ocrx_word' id='word_1_186' title='bbox 906 3131 1003 3214; x_wconf 88' lang='lat' dir='ltr'>novi</span> <span class='ocrx_word' id='word_1_187' title='bbox 1035 3127 1196 3215; x_wconf 83' lang='lat' dir='ltr'>foederis</span> <span class='ocrx_word' id='word_1_188' title='bbox 1229 3131 1395 3245; x_wconf 88' lang='lat' dir='ltr'>legant.</span> <span class='ocrx_word' id='word_1_189' title='bbox 1433 3126 1555 3218; x_wconf 89' lang='lat' dir='ltr'>Unde</span> <span class='ocrx_word' id='word_1_190' title='bbox 1588 3157 1663 3215; x_wconf 90' lang='lat' dir='ltr'>con</span> <span class='ocrx_word' id='word_1_191' title='bbox 1681 3131 1872 3241; x_wconf 88' lang='lat' dir='ltr'>equitur,</span> <span class='ocrx_word' id='word_1_192' title='bbox 1908 3129 1948 3215; x_wconf 90' lang='lat' dir='ltr'>in</span> <span class='ocrx_word' id='word_1_193' title='bbox 1987 3128 2110 3214; x_wconf 76' lang='lat' dir='ltr'>Mina</span> 
     </span>
     <span class='ocr_line' id='line_1_22' title="bbox 431 3242 2110 3364; baseline -0.005 -23"><span class='ocrx_word' id='word_1_194' title='bbox 431 3242 434 3253; x_wconf 19' lang='grc' dir='ltr'><strong><em>Δ</em></strong></span> <span class='ocrx_word' id='word_1_195' title='bbox 496 3248 716 3364; x_wconf 89' lang='lat' dir='ltr'>Hispana,</span> <span class='ocrx_word' id='word_1_196' title='bbox 754 3271 897 3363; x_wconf 81' lang='lat' dir='ltr'>prater</span> <span class='ocrx_word' id='word_1_197' title='bbox 931 3245 1220 3335; x_wconf 87' lang='lat' dir='ltr'>testamentum</span> <span class='ocrx_word' id='word_1_198' title='bbox 1253 3277 1405 3335; x_wconf 90' lang='lat' dir='ltr'>novum</span> <span class='ocrx_word' id='word_1_199' title='bbox 1434 3312 1448 3357; x_wconf 92' lang='lat'>,</span> <span class='ocrx_word' id='word_1_200' title='bbox 1483 3245 1634 3334; x_wconf 68' lang='lat' dir='ltr'>lelium</span> <span class='ocrx_word' id='word_1_201' title='bbox 1668 3249 1783 3335; x_wconf 82' lang='lat' dir='ltr'>suil&#39;se</span> <span class='ocrx_word' id='word_1_202' title='bbox 1820 3248 2110 3335; x_wconf 86' lang='lat' dir='ltr'>testamentum</span> 
     </span>
     <span class='ocr_line' id='line_1_23' title="bbox 492 3361 2111 3482; baseline -0.004 -26"><span class='ocrx_word' id='word_1_203' title='bbox 492 3393 646 3477; x_wconf 81' lang='lat' dir='ltr'>vetus,</span> <span class='ocrx_word' id='word_1_204' title='bbox 672 3364 779 3478; x_wconf 92' lang='lat' dir='ltr'>quod</span> <span class='ocrx_word' id='word_1_205' title='bbox 804 3361 966 3453; x_wconf 81' lang='lat' dir='ltr'>Ledlori</span> <span class='ocrx_word' id='word_1_206' title='bbox 992 3371 1242 3482; x_wconf 84' lang='lat' dir='ltr'>poenitenti,</span> <span class='ocrx_word' id='word_1_207' title='bbox 1268 3374 1309 3455; x_wconf 74' lang='grc' dir='ltr'>δι</span> <span class='ocrx_word' id='word_1_208' title='bbox 1339 3367 1619 3475; x_wconf 86' lang='lat' dir='ltr'>Subdiacono,</span> <span class='ocrx_word' id='word_1_209' title='bbox 1646 3373 1715 3479; x_wconf 93' lang='lat' dir='ltr'>qui</span> <span class='ocrx_word' id='word_1_210' title='bbox 1745 3367 1957 3453; x_wconf 88' lang='lat' dir='ltr'>secundam</span> <span class='ocrx_word' id='word_1_211' title='bbox 1987 3363 2111 3453; x_wconf 85' lang='lat' dir='ltr'>duxe·</span> 
     </span>
     <span class='ocr_line' id='line_1_24' title="bbox 332 3480 2110 3603; baseline -0.003 -27"><span class='ocrx_word' id='word_1_212' title='bbox 332 3504 337 3521; x_wconf 87' lang='grc'>·“</span> <span class='ocrx_word' id='word_1_213' title='bbox 494 3480 559 3576; x_wconf 83' lang='lat' dir='ltr'>rat</span> <span class='ocrx_word' id='word_1_214' title='bbox 587 3513 785 3593; x_wconf 84' lang='lat' dir='ltr'>uxorem,</span> <span class='ocrx_word' id='word_1_215' title='bbox 814 3487 945 3601; x_wconf 79' lang='lat' dir='ltr'>legere</span> <span class='ocrx_word' id='word_1_216' title='bbox 971 3488 1198 3573; x_wconf 85' lang='lat' dir='ltr'>concessum</span> <span class='ocrx_word' id='word_1_217' title='bbox 1224 3486 1331 3572; x_wconf 91' lang='lat' dir='ltr'>fuit.</span> <span class='ocrx_word' id='word_1_218' title='bbox 1359 3495 1498 3601; x_wconf 91' lang='lat' dir='ltr'>Atque</span> <span class='ocrx_word' id='word_1_219' title='bbox 1529 3486 1630 3572; x_wconf 90' lang='lat' dir='ltr'>adeo</span> <span class='ocrx_word' id='word_1_220' title='bbox 1655 3487 1818 3573; x_wconf 82' lang='lat' dir='ltr'>Missam</span> <span class='ocrx_word' id='word_1_221' title='bbox 1851 3487 2110 3603; x_wconf 86' lang='lat' dir='ltr'>Hispanam,</span> 
     </span>
     <span class='ocr_line' id='line_1_25' title="bbox 494 3602 2110 3717; baseline -0.005 -21"><span class='ocrx_word' id='word_1_222' title='bbox 494 3634 601 3695; x_wconf 89' lang='lat' dir='ltr'>anno</span> <span class='ocrx_word' id='word_1_223' title='bbox 628 3602 1019 3717; x_wconf 83' lang='lat' dir='ltr'>quadringentesrmo</span> <span class='ocrx_word' id='word_1_224' title='bbox 1047 3633 1129 3690; x_wconf 82' lang='lat' dir='ltr'>aerae</span> <span class='ocrx_word' id='word_1_225' title='bbox 1155 3604 1419 3715; x_wconf 79' lang='lat' dir='ltr'>Christiana,</span> <span class='ocrx_word' id='word_1_226' title='bbox 1449 3608 1491 3691; x_wconf 92' lang='lat' dir='ltr'>in</span> <span class='ocrx_word' id='word_1_227' title='bbox 1519 3602 1756 3694; x_wconf 74' lang='lat' dir='ltr'>Leblionum</span> <span class='ocrx_word' id='word_1_228' title='bbox 1785 3635 1987 3716; x_wconf 90' lang='lat' dir='ltr'>numero,</span> <span class='ocrx_word' id='word_1_229' title='bbox 2014 3630 2110 3690; x_wconf 89' lang='lat' dir='ltr'>cum</span> 
     </span>
     <span class='ocr_line' id='line_1_26' title="bbox 384 3717 2108 3843; baseline -0.002 -31"><span class='ocrx_word' id='word_1_230' title='bbox 384 3754 463 3843; x_wconf 85' lang='lat'>¹7¹</span> <span class='ocrx_word' id='word_1_231' title='bbox 498 3724 683 3840; x_wconf 88' lang='lat' dir='ltr'>Liturgia</span> <span class='ocrx_word' id='word_1_232' title='bbox 702 3721 872 3809; x_wconf 79' lang='lat' dir='ltr'>Mil&#39;salis</span> <span class='ocrx_word' id='word_1_233' title='bbox 890 3717 1107 3835; x_wconf 78' lang='lat' dir='ltr'>Ximem&#39;i,</span> <span class='ocrx_word' id='word_1_234' title='bbox 1133 3752 1213 3811; x_wconf 89' lang='lat' dir='ltr'>non</span> <span class='ocrx_word' id='word_1_235' title='bbox 1234 3752 1330 3809; x_wconf 91' lang='lat' dir='ltr'>vero</span> <span class='ocrx_word' id='word_1_236' title='bbox 1357 3754 1450 3812; x_wconf 88' lang='lat' dir='ltr'>cum</span> <span class='ocrx_word' id='word_1_237' title='bbox 1470 3731 1678 3833; x_wconf 87' lang='lat' dir='ltr'>Romana,</span> <span class='ocrx_word' id='word_1_238' title='bbox 1698 3726 1979 3812; x_wconf 84' lang='lat' dir='ltr'>concordasse.</span> <span class='ocrx_word' id='word_1_239' title='bbox 2009 3729 2108 3811; x_wconf 80' lang='lat' dir='ltr'>Hac</span> 
     </span>
     <span class='ocr_line' id='line_1_27' title="bbox 493 3842 2111 3961; baseline -0.004 -27"><span class='ocrx_word' id='word_1_240' title='bbox 493 3846 587 3935; x_wconf 87' lang='lat' dir='ltr'>sunt</span> <span class='ocrx_word' id='word_1_241' title='bbox 621 3862 899 3956; x_wconf 87' lang='lat' dir='ltr'>argumenta,</span> <span class='ocrx_word' id='word_1_242' title='bbox 932 3842 1076 3954; x_wconf 81' lang='lat' dir='ltr'>quibus</span> <span class='ocrx_word' id='word_1_243' title='bbox 1109 3842 1378 3931; x_wconf 88' lang='lat' dir='ltr'>demonstrare</span> <span class='ocrx_word' id='word_1_244' title='bbox 1413 3848 1548 3931; x_wconf 87' lang='lat' dir='ltr'>conati</span> <span class='ocrx_word' id='word_1_245' title='bbox 1585 3850 1674 3931; x_wconf 91' lang='lat' dir='ltr'>lunt</span> <span class='ocrx_word' id='word_1_246' title='bbox 1717 3849 1914 3961; x_wconf 81' lang='lat' dir='ltr'>Hispanos</span> <span class='ocrx_word' id='word_1_247' title='bbox 1950 3872 1974 3930; x_wconf 89' lang='lat' dir='ltr'>a</span> <span class='ocrx_word' id='word_1_248' title='bbox 2013 3843 2111 3928; x_wconf 76' lang='lat' dir='ltr'>vitia</span> 
     </span>
     <span class='ocr_line' id='line_1_28' title="bbox 494 3961 2109 4081; baseline -0.001 -33"><span class='ocrx_word' id='word_1_249' title='bbox 494 3961 733 4081; x_wconf 81' lang='lat' dir='ltr'>Apostolicis</span> <span class='ocrx_word' id='word_1_250' title='bbox 761 4024 776 4069; x_wconf 93' lang='lat'>,</span> <span class='ocrx_word' id='word_1_251' title='bbox 806 3962 1035 4078; x_wconf 89' lang='lat' dir='ltr'>Liturgiam</span> <span class='ocrx_word' id='word_1_252' title='bbox 1070 3969 1301 4050; x_wconf 89' lang='lat' dir='ltr'>Romanam</span> <span class='ocrx_word' id='word_1_253' title='bbox 1336 3993 1415 4051; x_wconf 89' lang='lat' dir='ltr'>una</span> <span class='ocrx_word' id='word_1_254' title='bbox 1450 3997 1542 4052; x_wconf 89' lang='lat' dir='ltr'>cum</span> <span class='ocrx_word' id='word_1_255' title='bbox 1582 3965 1656 4050; x_wconf 88' lang='lat' dir='ltr'>fide</span> <span class='ocrx_word' id='word_1_256' title='bbox 1690 3966 1837 4051; x_wconf 83' lang='lat' dir='ltr'>Christi</span> <span class='ocrx_word' id='word_1_257' title='bbox 1874 3963 2109 4079; x_wconf 84' lang='lat' dir='ltr'>accepisse,</span> 
     </span>
     <span class='ocr_line' id='line_1_29' title="bbox 496 4080 2111 4199; baseline -0.002 -30"><span class='ocrx_word' id='word_1_258' title='bbox 496 4110 670 4199; x_wconf 89' lang='lat' dir='ltr'>quorum</span> <span class='ocrx_word' id='word_1_259' title='bbox 698 4081 775 4167; x_wconf 87' lang='lat' dir='ltr'>alia</span> <span class='ocrx_word' id='word_1_260' title='bbox 804 4080 988 4189; x_wconf 87' lang='lat' dir='ltr'>incerta,</span> <span class='ocrx_word' id='word_1_261' title='bbox 1013 4083 1090 4169; x_wconf 90' lang='lat' dir='ltr'>alia</span> <span class='ocrx_word' id='word_1_262' title='bbox 1126 4084 1262 4192; x_wconf 88' lang='lat' dir='ltr'>levia,</span> <span class='ocrx_word' id='word_1_263' title='bbox 1291 4084 1368 4171; x_wconf 83' lang='lat' dir='ltr'>alia</span> <span class='ocrx_word' id='word_1_264' title='bbox 1403 4086 1526 4193; x_wconf 86' lang='lat' dir='ltr'>sunt,</span> <span class='ocrx_word' id='word_1_265' title='bbox 1553 4115 1640 4197; x_wconf 89' lang='lat' dir='ltr'>quae</span> <span class='ocrx_word' id='word_1_266' title='bbox 1678 4086 1716 4169; x_wconf 92' lang='lat' dir='ltr'>in</span> <span class='ocrx_word' id='word_1_267' title='bbox 1754 4086 1993 4171; x_wconf 88' lang='lat' dir='ltr'>contrariam</span> <span class='ocrx_word' id='word_1_268' title='bbox 2022 4108 2111 4196; x_wconf 88' lang='lat' dir='ltr'>pat·</span> 
     </span>
     <span class='ocr_line' id='line_1_30' title="bbox 496 4198 2111 4312; baseline -0.004 -21"><span class='ocrx_word' id='word_1_269' title='bbox 496 4226 583 4292; x_wconf 89' lang='lat' dir='ltr'>tem</span> <span class='ocrx_word' id='word_1_270' title='bbox 612 4201 727 4286; x_wconf 88' lang='lat' dir='ltr'>sacile</span> <span class='ocrx_word' id='word_1_271' title='bbox 753 4198 1034 4288; x_wconf 86' lang='lat' dir='ltr'>deducuntur.</span> <span class='ocrx_word' id='word_1_272' title='bbox 1059 4207 1180 4290; x_wconf 87' lang='lat' dir='ltr'>Nunc</span> <span class='ocrx_word' id='word_1_273' title='bbox 1213 4200 1263 4289; x_wconf 89' lang='lat' dir='ltr'>ad</span> <span class='ocrx_word' id='word_1_274' title='bbox 1296 4206 1560 4293; x_wconf 69' lang='lat' dir='ltr'>cantationes</span> <span class='ocrx_word' id='word_1_275' title='bbox 1598 4203 1881 4290; x_wconf 86' lang='lat' dir='ltr'>examinandas</span> <span class='ocrx_word' id='word_1_276' title='bbox 1912 4204 2111 4312; x_wconf 84' lang='lat' dir='ltr'>transeo,</span> 
     </span>
     <span class='ocr_line' id='line_1_31' title="bbox 495 4317 2111 4440; baseline 0 -33"><span class='ocrx_word' id='word_1_277' title='bbox 495 4320 642 4435; x_wconf 84' lang='lat' dir='ltr'>quibus</span> <span class='ocrx_word' id='word_1_278' title='bbox 677 4317 905 4434; x_wconf 84' lang='lat' dir='ltr'>persuadere</span> <span class='ocrx_word' id='word_1_279' title='bbox 929 4321 1104 4430; x_wconf 89' lang='lat' dir='ltr'>volunt,</span> <span class='ocrx_word' id='word_1_280' title='bbox 1131 4322 1800 4440; x_wconf 83' lang='lat' dir='ltr'>LiturgiamGorho·H1lpanam,</span> <span class='ocrx_word' id='word_1_281' title='bbox 1829 4324 1895 4408; x_wconf 89' lang='lat' dir='ltr'>seu</span> <span class='ocrx_word' id='word_1_282' title='bbox 1924 4327 2111 4407; x_wconf 86' lang='lat' dir='ltr'>Mozara·</span> 
     </span>
     <span class='ocr_line' id='line_1_32' title="bbox 496 4437 2111 4556; baseline 0 -30"><span class='ocrx_word' id='word_1_283' title='bbox 496 4441 630 4528; x_wconf 87' lang='lat' dir='ltr'>bicam</span> <span class='ocrx_word' id='word_1_284' title='bbox 658 4437 795 4525; x_wconf 85' lang='lat' dir='ltr'>saeculo</span> <span class='ocrx_word' id='word_1_285' title='bbox 820 4437 992 4555; x_wconf 89' lang='lat' dir='ltr'>septimo</span> <span class='ocrx_word' id='word_1_286' title='bbox 1019 4444 1293 4556; x_wconf 82' lang='lat' dir='ltr'>excogitatam</span> <span class='ocrx_word' id='word_1_287' title='bbox 1320 4443 1471 4554; x_wconf 85' lang='lat' dir='ltr'>fuisse,</span> <span class='ocrx_word' id='word_1_288' title='bbox 1498 4450 1536 4530; x_wconf 76' lang='grc' dir='ltr'>ἃ</span> <span class='ocrx_word' id='word_1_289' title='bbox 1564 4475 1586 4529; x_wconf 90' lang='lat' dir='ltr'>a</span> <span class='ocrx_word' id='word_1_290' title='bbox 1616 4446 1709 4530; x_wconf 88' lang='lat' dir='ltr'>viris</span> <span class='ocrx_word' id='word_1_291' title='bbox 1735 4440 1874 4529; x_wconf 77' lang='lat' dir='ltr'>sandiis</span> <span class='ocrx_word' id='word_1_292' title='bbox 1900 4441 2111 4550; x_wconf 86' lang='lat' dir='ltr'>Leandro,</span> 
     </span>
    </p>
   </div>
   <div class='ocr_carea' id='block_1_2' title="bbox 495 4557 2110 4795">
    <p class='ocr_par' dir='ltr' id='par_1_2' title="bbox 495 4557 2110 4795">
     <span class='ocr_line' id='line_1_33' title="bbox 495 4557 2110 4680; baseline 0.003 -32"><span class='ocrx_word' id='word_1_293' title='bbox 495 4563 537 4648; x_wconf 73' lang='lat'>8&lt;</span> <span class='ocrx_word' id='word_1_294' title='bbox 564 4557 715 4646; x_wconf 87' lang='lat' dir='ltr'>lfidoro</span> <span class='ocrx_word' id='word_1_295' title='bbox 749 4557 790 4642; x_wconf 90' lang='lat' dir='ltr'>in</span> <span class='ocrx_word' id='word_1_296' title='bbox 818 4584 947 4671; x_wconf 88' lang='lat' dir='ltr'>eum,</span> <span class='ocrx_word' id='word_1_297' title='bbox 973 4586 1097 4672; x_wconf 88' lang='lat' dir='ltr'>quem</span> <span class='ocrx_word' id='word_1_298' title='bbox 1123 4559 1258 4678; x_wconf 87' lang='lat' dir='ltr'>postea</span> <span class='ocrx_word' id='word_1_299' title='bbox 1291 4563 1475 4653; x_wconf 89' lang='lat' dir='ltr'>ordinem</span> <span class='ocrx_word' id='word_1_300' title='bbox 1499 4565 1701 4680; x_wconf 86' lang='lat' dir='ltr'>retinuit,</span> <span class='ocrx_word' id='word_1_301' title='bbox 1730 4562 1922 4679; x_wconf 88' lang='lat' dir='ltr'>digestam</span> <span class='ocrx_word' id='word_1_302' title='bbox 1946 4561 2068 4652; x_wconf 80' lang='lat' dir='ltr'>fusse</span> <span class='ocrx_word' id='word_1_303' title='bbox 2095 4618 2110 4672; x_wconf 87' lang='lat'>,</span> 
     </span>
     <span class='ocr_line' id='line_1_34' title="bbox 496 4676 905 4795; baseline -0.012 -28"><span class='ocrx_word' id='word_1_304' title='bbox 496 4703 620 4794; x_wconf 87' lang='lat' dir='ltr'>atque</span> <span class='ocrx_word' id='word_1_305' title='bbox 646 4676 905 4795; x_wconf 75' lang='lat' dir='ltr'>dispositam.</span> 
     </span>
    </p>
   </div>
   <div class='ocr_carea' id='block_1_3' title="bbox 1271 4920 1357 5008">
    <p class='ocr_par' dir='ltr' id='par_1_3' title="bbox 1271 4920 1357 5008">
     <span class='ocr_line' id='line_1_35' title="bbox 1271 4920 1357 5008; baseline 0.012 -2"><span class='ocrx_word' id='word_1_306' title='bbox 1271 4920 1357 5008; x_wconf 86' lang='lat' dir='ltr'>XI.</span> 
     </span>
    </p>
   </div>
   <div class='ocr_carea' id='block_1_4' title="bbox 795 5092 1806 5338">
    <p class='ocr_par' dir='ltr' id='par_1_4' title="bbox 795 5092 1806 5338">
     <span class='ocr_line' id='line_1_36' title="bbox 795 5092 1806 5222; baseline 0.011 -38"><span class='ocrx_word' id='word_1_307' title='bbox 795 5102 869 5184; x_wconf 82' lang='lat' dir='ltr'>An</span> <span class='ocrx_word' id='word_1_308' title='bbox 904 5094 1076 5189; x_wconf 64' lang='lat' dir='ltr'>sanans</span> <span class='ocrx_word' id='word_1_309' title='bbox 1111 5095 1298 5191; x_wconf 84' lang='lat' dir='ltr'>Leander</span> <span class='ocrx_word' id='word_1_310' title='bbox 1337 5092 1722 5194; x_wconf 61' lang='lat' dir='ltr'>auRMabendur</span> <span class='ocrx_word' id='word_1_311' title='bbox 1742 5099 1806 5222; x_wconf 79' lang='lat' dir='ltr'>fir</span> 
     </span>
     <span class='ocr_line' id='line_1_37' title="bbox 998 5213 1609 5338; baseline 0 -31"><span class='ocrx_word' id='word_1_312' title='bbox 998 5213 1203 5337; x_wconf 76' lang='lat' dir='ltr'>Licurgiae</span> <span class='ocrx_word' id='word_1_313' title='bbox 1228 5215 1609 5338; x_wconf 72' lang='lat' dir='ltr'>Gotho-Hispane?</span> 
     </span>
    </p>
   </div>
   <div class='ocr_carea' id='block_1_5' title="bbox 385 5393 2114 5644">
    <p class='ocr_par' dir='ltr' id='par_1_5' title="bbox 385 5393 2114 5644">
     <span class='ocr_line' id='line_1_38' title="bbox 385 5393 2113 5625; baseline 0.004 -137"><span class='ocrx_word' id='word_1_314' title='bbox 385 5426 466 5521; x_wconf 82' lang='lat'>172</span> <span class='ocrx_word' id='word_1_315' title='bbox 500 5395 611 5625; x_wconf 85' lang='lat' dir='ltr'>C</span> <span class='ocrx_word' id='word_1_316' title='bbox 631 5401 722 5488; x_wconf 86' lang='lat' dir='ltr'>Uru</span> <span class='ocrx_word' id='word_1_317' title='bbox 755 5393 858 5484; x_wconf 86' lang='lat' dir='ltr'>circa</span> <span class='ocrx_word' id='word_1_318' title='bbox 891 5396 1089 5515; x_wconf 86' lang='lat' dir='ltr'>originem</span> <span class='ocrx_word' id='word_1_319' title='bbox 1125 5399 1317 5520; x_wconf 84' lang='lat' dir='ltr'>Liturgiae</span> <span class='ocrx_word' id='word_1_320' title='bbox 1353 5403 1576 5522; x_wconf 74' lang='lat' dir='ltr'>Hispanico</span> <span class='ocrx_word' id='word_1_321' title='bbox 1613 5403 1761 5519; x_wconf 91' lang='lat' dir='ltr'>duplex</span> <span class='ocrx_word' id='word_1_322' title='bbox 1799 5402 1992 5495; x_wconf 74' lang='lat' dir='ltr'>haetenus</span> <span class='ocrx_word' id='word_1_323' title='bbox 2028 5405 2113 5496; x_wconf 87' lang='lat' dir='ltr'>sen·</span> 
     </span>
     <span class='ocr_line' id='line_1_39' title="bbox 644 5513 2114 5644; baseline 0.01 -40"><span class='ocrx_word' id='word_1_324' title='bbox 644 5513 773 5605; x_wconf 86' lang='lat' dir='ltr'>tentia</span> <span class='ocrx_word' id='word_1_325' title='bbox 808 5515 962 5629; x_wconf 88' lang='lat' dir='ltr'>suerit,</span> <span class='ocrx_word' id='word_1_326' title='bbox 986 5520 1064 5607; x_wconf 85' lang='lat' dir='ltr'>alia</span> <span class='ocrx_word' id='word_1_327' title='bbox 1098 5546 1273 5632; x_wconf 90' lang='lat' dir='ltr'>eorum,</span> <span class='ocrx_word' id='word_1_328' title='bbox 1307 5523 1379 5636; x_wconf 90' lang='lat' dir='ltr'>qui</span> <span class='ocrx_word' id='word_1_329' title='bbox 1415 5550 1556 5611; x_wconf 91' lang='lat' dir='ltr'>tenent</span> <span class='ocrx_word' id='word_1_330' title='bbox 1600 5526 1834 5640; x_wconf 86' lang='lat' dir='ltr'>primaevam</span> <span class='ocrx_word' id='word_1_331' title='bbox 1878 5529 2114 5644; x_wconf 83' lang='lat' dir='ltr'>Litutgiam</span> 
     </span>
    </p>
   </div>
   <div class='ocr_carea' id='block_1_6' title="bbox 467 5636 2124 6025">
    <p class='ocr_par' dir='ltr' id='par_1_6' title="bbox 467 5636 2124 6025">
     <span class='ocr_line' id='line_1_40' title="bbox 467 5636 2113 5764; baseline 0.004 -35"><span class='ocrx_word' id='word_1_332' title='bbox 467 5674 470 5679; x_wconf 87' lang='lat'>·</span> <span class='ocrx_word' id='word_1_333' title='bbox 498 5638 771 5753; x_wconf 86' lang='lat' dir='ltr'>Hispanorum</span> <span class='ocrx_word' id='word_1_334' title='bbox 795 5663 819 5724; x_wconf 88' lang='lat' dir='ltr'>a</span> <span class='ocrx_word' id='word_1_335' title='bbox 846 5642 1031 5727; x_wconf 91' lang='lat' dir='ltr'>Romana</span> <span class='ocrx_word' id='word_1_336' title='bbox 1058 5636 1374 5755; x_wconf 85' lang='lat' dir='ltr'>distinguendam</span> <span class='ocrx_word' id='word_1_337' title='bbox 1401 5672 1481 5730; x_wconf 92' lang='lat' dir='ltr'>non</span> <span class='ocrx_word' id='word_1_338' title='bbox 1507 5642 1618 5752; x_wconf 87' lang='lat' dir='ltr'>esse,</span> <span class='ocrx_word' id='word_1_339' title='bbox 1645 5645 1753 5755; x_wconf 88' lang='lat' dir='ltr'>alia,</span> <span class='ocrx_word' id='word_1_340' title='bbox 1780 5647 1874 5734; x_wconf 80' lang='lat' dir='ltr'>huic·</span> <span class='ocrx_word' id='word_1_341' title='bbox 1902 5648 2113 5764; x_wconf 77' lang='lat' dir='ltr'>opposita,</span> 
     </span>
     <span class='ocr_line' id='line_1_41' title="bbox 497 5758 2114 5879; baseline 0.005 -34"><span class='ocrx_word' id='word_1_342' title='bbox 497 5785 639 5846; x_wconf 89' lang='lat' dir='ltr'>eorum</span> <span class='ocrx_word' id='word_1_343' title='bbox 666 5758 739 5872; x_wconf 91' lang='lat' dir='ltr'>qui</span> <span class='ocrx_word' id='word_1_344' title='bbox 766 5780 938 5867; x_wconf 89' lang='lat' dir='ltr'>tenent,</span> <span class='ocrx_word' id='word_1_345' title='bbox 964 5760 1193 5876; x_wconf 83' lang='lat' dir='ltr'>Hispanos,</span> <span class='ocrx_word' id='word_1_346' title='bbox 1222 5761 1275 5848; x_wconf 91' lang='lat' dir='ltr'>ab</span> <span class='ocrx_word' id='word_1_347' title='bbox 1299 5761 1455 5875; x_wconf 87' lang='lat' dir='ltr'>initio,</span> <span class='ocrx_word' id='word_1_348' title='bbox 1479 5790 1528 5848; x_wconf 87' lang='lat' dir='ltr'>ea</span> <span class='ocrx_word' id='word_1_349' title='bbox 1556 5762 1796 5852; x_wconf 87' lang='lat' dir='ltr'>sacrificandi</span> <span class='ocrx_word' id='word_1_350' title='bbox 1824 5766 1955 5854; x_wconf 88' lang='lat' dir='ltr'>forma</span> <span class='ocrx_word' id='word_1_351' title='bbox 1987 5766 2114 5879; x_wconf 82' lang='lat' dir='ltr'>usos,</span> 
     </span>
     <span class='ocr_line' id='line_1_42' title="bbox 497 5873 2124 6025; baseline 0.004 -59"><span class='ocrx_word' id='word_1_352' title='bbox 497 5904 588 5994; x_wconf 71' lang='lat' dir='ltr'>pue</span> <span class='ocrx_word' id='word_1_353' title='bbox 610 5877 745 5999; x_wconf 80' lang='lat' dir='ltr'>pellea</span> <span class='ocrx_word' id='word_1_354' title='bbox 769 5877 1026 5972; x_wconf 78' lang='lat' dir='ltr'>Mozarabica</span> <span class='ocrx_word' id='word_1_355' title='bbox 1051 5873 1158 5969; x_wconf 70' lang='lat' dir='ltr'>dieta</span> <span class='ocrx_word' id='word_1_356' title='bbox 1183 5877 1241 5972; x_wconf 86' lang='lat' dir='ltr'>est</span> <span class='ocrx_word' id='word_1_357' title='bbox 1257 5941 1273 6013; x_wconf 86' lang='lat'>.</span> <span class='ocrx_word' id='word_1_358' title='bbox 1297 5882 1470 6005; x_wconf 72' lang='lat' dir='ltr'>Exclusa</span> <span class='ocrx_word' id='word_1_359' title='bbox 1493 5884 1658 6007; x_wconf 82' lang='lat' dir='ltr'>prima,</span> <span class='ocrx_word' id='word_1_360' title='bbox 1689 5913 1777 6003; x_wconf 83' lang='lat' dir='ltr'>qua</span> <span class='ocrx_word' id='word_1_361' title='bbox 1803 5882 1859 5973; x_wconf 84' lang='lat' dir='ltr'>est</span> <span class='ocrx_word' id='word_1_362' title='bbox 1893 5884 1943 5976; x_wconf 89' lang='lat' dir='ltr'>de</span> <span class='ocrx_word' id='word_1_363' title='bbox 1971 5880 2124 6025; x_wconf 63' lang='lat' dir='ltr'>Litun&#39;</span> 
     </span>
    </p>
   </div>
   <div class='ocr_carea' id='block_1_7' title="bbox 2017 6030 2116 6197">
    <p class='ocr_par' dir='ltr' id='par_1_7' title="bbox 2017 6030 2116 6197">
     <span class='ocr_line' id='line_1_43' title="bbox 2017 6030 2116 6197; baseline 0 -72"><span class='ocrx_word' id='word_1_364' title='bbox 2017 6030 2116 6197; x_wconf 20' lang='lat'>‘⁸¹⁸</span> 
     </span>
    </p>
   </div>
   <div class='ocr_carea' id='block_1_8' title="bbox 0 0 2242 7204">
    <p class='ocr_par' dir='ltr' id='par_1_8' title="bbox 0 0 2242 7204">
     <span class='ocr_line' id='line_1_44' title="bbox 0 0 2242 7204; baseline 0 0"><span class='ocrx_word' id='word_1_365' title='bbox 0 0 2242 7204; x_wconf 95' lang='lat' dir='ltr'> </span> 
     </span>
    </p>
   </div>
  </div>
 </body>
</html>
