4450 7209
75 5818 108 5883 la.

293 713 364 802 164
628 702 631 709 ’
706 708 845 790 FERlA
871 704 1058 801 QJlNTA
1085 708 1138 787 ΙΝ
1162 702 1294 776 CENA
1321 694 1540 778 DOMINI.

288 804 401 884 lorum
414 831 424 876 ε
439 807 495 903 qui
510 801 545 880 in
573 825 668 881 terna
696 811 892 906 sanguinem
921 807 1014 880 suum
1044 806 1095 882 su·
1145 820 1323 895 antequam
1340 797 1474 896 patiar.
1491 796 1537 868 ll.
1554 794 1768 874 cenantibus
1784 819 1903 876 autem
1920 797 1961 875 il·
2033 822 2039 895 ς

290 906 344 980 dit
370 931 379 973 a
395 929 465 998 quo
492 906 724 982 immundicias
753 905 903 981 dilueret
933 925 1096 1000 peccato·
1145 898 1185 971 lis
1202 927 1211 968 a
1226 900 1360 993 acc'epit
1374 897 1470 975 lesus
1484 919 1606 990 panem
1623 900 1659 971 bt
1673 894 1854 975 benedixit
1869 924 1879 967 a
1893 901 1960 971 de·

292 1028 366 1078 rum
381 1032 390 1072 a
404 1001 499 1089 Qid
513 1003 633 1075 mirum
649 1002 794 1078 filinteo
814 1028 885 1098 quo
914 1021 987 1075 erat
1017 1027 1097 1097 pre.
1146 997 1268 1094 ditque
1286 995 1460 1090 discipulis
1479 993 1546 1068 suis
1563 997 1598 1066 bt
1615 995 1705 1069 dixit
1720 1023 1730 1065 r
1745 997 1896 1094 accipite
1923 999 1961 1072 dt

291 1102 419 1177 cincius
435 1128 444 1169 a
463 1101 567 1194 pedes
593 1123 681 1194 quos
714 1099 847 1176 laverat
877 1101 973 1174 tersit
999 1126 1009 1167 a
1036 1102 1096 1197 qui
1146 1095 1409 1172 comedite.P.
1419 1091 1604 1165 Desiderio
1616 1094 1684 1167 &o
1698 1091 1746 1185 ἦ.
1759 1094 1960 1190 Accepit&

239 1213 260 1289 5
292 1223 393 1276 carne
410 1221 475 1289 qua
492 1216 565 1270 erat
583 1196 721 1271 indutus
738 1195 1020 1298 evangelistarum
1034 1224 1098 1275 ve·
1148 1192 1288 1268 calicem
1302 1194 1474 1289 postquam
1490 1189 1628 1266 cenavit
1644 1218 1654 1262 a
1671 1191 1839 1289 deditque
1856 1192 1958 1266 disci·
1983 1245 1987 1251 ·

205 1314 229 1373 ·.‘
290 1294 645 1390 lligiaconlirmavit.
677 1299 722 1371 Et
748 1297 860 1374 linteo
887 1296 1026 1391 quidem
1057 1316 1099 1372 ut
1150 1289 1238 1386 pulis
1258 1289 1957 1385 suis&di1it.Accipitcexhocomnesa
1986 1293 2026 1367 ds

292 1393 329 1464 se
344 1392 561 1491 precingeret
579 1420 588 1461 r
608 1393 724 1490 posuit
740 1397 937 1469 vestimenta
953 1418 1019 1490 que
1038 1397 1100 1470 lna·
1150 1390 1206 1463 hic
1220 1391 1267 1464 est
1280 1388 1370 1464 enim
1383 1388 1517 1490 sanguis
1532 1382 1627 1463 meu's
1639 1389 1728 1467 novi
1744 1391 1955 1468 testamentis

133 1494 137 1501 '
292 1491 396 1564 bebat
411 1516 421 1559 s
435 1508 474 1562 ut
493 1512 609 1566 autern
624 1493 876 1570 sormam-servi
893 1493 1068 1589 acciperet
1088 1524 1097 1563 a
1150 1488 1207 1580 qui
1222 1514 1289 1585 pro
1305 1486 1420 1562 multis
1444 1487 1642 1561 effundetur
1668 1489 1703 1560 in
1721 1490 1955 1564 remiffionem

293 1589 431 1682 quando
447 1588 662 1688 semetipsum
684 1591 839 1665 exinavit
867 1618 878 1659 a
905 1615 976 1664 noo
1004 1594 1100 1684 quod
1150 1607 1371 1680 peccatorum
1388 1613 1398 1656 r
1415 1608 1486 1663 non
1501 1587 1616 1660 bibam
1630 1589 1759 1662 amodo
1774 1609 1854 1660 cum
1871 1585 1956 1662 illud

216 1701 265 1762 to
298 1684 444 1760 habebat
460 1687 621 1783 deposuit
639 1715 648 1757 a
663 1688 721 1760 sed
737 1689 832 1783 quod
855 1713 926 1764 non
954 1687 1100 1765 habebat
1150 1684 1262 1760 bibam
1278 1685 1454 1760 vobiscum
1477 1707 1610 1760 novum
1638 1683 1674 1756 in
1701 1710 1815 1798 regno
1845 1704 1953 1783 patras
2003 1720 2009 1733 ·

207 1816 214 1831 ··
250 1836 253 1841 -
290 1783 822 1884 accepit-Crucifigendussane
854 1786 920 1861 suis
944 1784 1100 1881 expolia·
1148 1781 1806 1877 mer.n.Qiadeodenodes1deran.
1981 1785 2020 1877 ⁶5

291 1900 346 1956 tus
363 1883 411 1953 est
428 1883 638 1960 vellimentis
654 1913 664 1955 r
678 1887 713 1959 δι
732 1904 890 1959 mortuus
917 1881 1097 1960 involutus
1210 1883 1273 1954 Ad
1283 1884 1477 1955 orationem
1496 1884 1706 1956 Dominicanr
1718 1930 1729 1953 .
1743 1885 1891 1957 Oratio.

288 1981 337 2052 est
350 1975 465 2053 linteis
481 2007 491 2050 r
509 1983 545 2054 bt
561 2002 636 2057 tota
663 1981 721 2057 illa
735 1988 808 2068 ejus
828 1984 936 2078 passio
951 1985 1097 2058 creden·
1249 1978 1477 2078 Ogitationes
1490 1983 1526 2054 bt
1540 1980 1664 2055 delicta
1677 1978 1791 2056 nollra
1804 1983 1954 2054 cernen-¹

289 2075 377 2153 tium
403 2078 450 2152 et
479 2078 567 2153 sada
596 2080 759 2178 purgatio
774 2129 785 2150 .
802 2083 956 2155 Passurus
987 2082 1098 2178 igitur
1260 2099 1314 2150 tes
1328 2106 1337 2148 r
1351 2101 1418 2150 non
1434 2096 1593 2153 cruentas
1608 2078 1671 2152 tibi
1682 2078 1837 2152 Domine
1851 2078 1955 2155 visti·

216 2184 261 2266 15
292 2174 424 2248 exitia:
440 2176 589 2270 premisit
600 2178 761 2272 obsequia
778 2179 885 2253 0Non
911 2177 1020 2253 solum
1045 2181 1095 2254 eir
1147 2199 1216 2248 mas
1233 2174 1442 2251 immolamus
1455 2205 1465 2247 a
1479 2177 1537 2250 sed
1552 2172 1757 2273 supplicibus
1772 2173 1872 2252 votis
1885 2176 1948 2250 tibi
2004 2204 2010 2213 ·

211 2312 220 2345 ·.
241 2374 251 2385 .
291 2275 491 2371 proquibus
504 2273 673 2349 subiturus
689 2295 831 2349 venerat
845 2295 1017 2352 mortem:
1036 2278 1095 2353 sed
1146 2273 1349 2369 sempiterni
1364 2277 1561 2352 Sacerdotis
1591 2299 1719 2370 corpus
1746 2275 1951 2349 offerimus·
1979 2287 2018 2376 70'

290 2372 396 2445 etiam
406 2367 454 2441 illi
470 2371 526 2466 qui
538 2374 651 2446 suerat
664 2397 741 2447 eum
759 2374 943 2450 traditurus
956 2378 997 2448 ad
1008 2401 1097 2449 mor·
1145 2373 1342 2447 Memorare
1359 2371 1474 2467 itaque
1489 2373 1646 2450 Domine
1661 2400 1670 2443 r
1685 2374 1779 2469 quod
1798 2397 1866 2471 pro
1883 2399 1950 2450 no·

291 2484 365 2543 tem
381 2469 515 2543 .Tanta
529 2471 656 2568 quippe
670 2473 718 2544 est
734 2473 882 2546 humane
895 2471 1095 2550 humilitatis
1146 2470 1199 2542 bis
1213 2469 1396 2566 pertulerit
1412 2500 1421 2541 r
1438 2473 1515 2568 quia
1533 2493 1672 2567 peccata
1689 2473 1802 2546 nostra
1822 2492 1946 2569 porta·

290 2564 444 2639 utilitas:
460 2588 499 2641 ut
525 2590 600 2643 cam
616 2570 677 2646 suo
689 2573 947 2647 commendaret
976 2597 1096 2645 exem·
1145 2568 1448 2671 vit-Indueergo
1464 2572 1670 2661 uotiuslicie
1699 2569 1783 2644 stola
1809 2601 1819 2641 r
1845 2588 1884 2644 ut
1913 2569 1949 2642 iu

213 2675 265 2734 πο
294 2662 356 2758 ρΙο
369 2665 486 2741 divina
500 2664 686 2741 sublimitas
701 2715 712 2738 ·
730 2672 822 2760 Quia
842 2671 951 2745 homo
978 2671 1096 2767 super·
1143 2689 1227 2740 cena
1238 2689 1298 2744 tua
1312 2670 1381 2743 sinc
1398 2671 1492 2743 velle
1507 2667 1651 2767 nuptiali
1677 2667 1789 2745 nullus
1814 2689 1954 2745 accum-
2003 2704 2009 2719 ·

217 2802 221 2858 5
291 2764 355 2835 bus
369 2762 402 2834 in
416 2784 571 2839 eternum
588 2768 729 2862 periretr
743 2767 803 2840 nifi
818 2765 909 2841 illum
921 2769 1014 2840 Deus
1029 2771 1093 2844 hu·
1144 2766 1201 2840 bat
1216 2793 1226 2835 a
1245 2769 1445 2867 gaudiisque
1458 2766 1637 2842 celestibus
1650 2771 1736 2844 novi
1749 2767 1947 2844 testamenti
1980 2776 2021 2866 75

243 2882 246 2886 ·
290 2857 563 2937 mllisinveniret
592 2912 604 2936 .
630 2868 675 2938 Ut
697 2865 756 2958 qui
775 2866 905 2960 periret
934 2866 1093 2961 superbia
1141 2867 1342 2942 convivium
1373 2869 1496 2941 floreat
1522 2915 1533 2938 .
1560 2865 1689 2944 Procul
1712 2867 1795 2941 abst
1821 2863 1952 2941 doluss

282 2958 493 3055 deceptoris
510 2989 521 3030 a
538 2961 729 3037 salvaretur
752 2961 932 3040 humiliate
958 2965 1092 3061 piimni
1143 2984 1216 3057 quo
1229 2966 1392 3060 deceptus
1406 2968 1454 3038 est
1466 2963 1570 3040 malus
1598 2962 1658 3038 ille
1674 2964 1862 3062 discipulos
1876 2967 1951 3040 .sit

287 3057 525 3151 redemptoris
554 3106 566 3130 .
592 3062 661 3137 Cui
680 3061 808 3139 merito
833 3085 953 3135 omnes
978 3061 1094 3161 angeli
1145 3060 1182 3133 in
1198 3065 1356 3139 omnibus
1374 3065 1461 3138 fides
1478 3087 1560 3138 vcra
1578 3061 1623 3134 as
1661 3067 1855 3140 scer-tar&
1869 3065 1953 3139 cha·

213 3167 262 3249 Β)
291 3154 542 3268 &archangeli
568 3162 783 3237 noncessant
808 3158 953 3235 clamare
970 3163 1094 3256 quoti·
1141 3159 1225 3235 ritas
1258 3187 1342 3258 pura
1366 3209 1378 3233 .
1406 3166 1451 3237 Ut
1469 3089 1699 3257 spiritualibus
1731 3161 1949 3240 sacramentis
2002 3200 2006 3213 ·

290 3252 349 3325 dte
379 3281 389 3323 a
419 3278 484 3330 una
510 3277 601 3330 voce
626 3255 781 3337 dicentes
809 3307 821 3333 .
849 3273 899 3355 ac.
922 3261 1092 3338 Sanctus.
1141 3282 1214 3332 uon
1230 3263 1402 3334 dannetur
1427 3258 1734 3336 conscientiarsed
1761 3285 1825 3357 per
1859 3260 1951 3355 pacis
1980 3264 2024 3341 80

290 3352 433 3431 Sanetus
448 3401 461 3428 .
476 3352 645 3433 Sanctus.
1096 3433 1105 3451 ,
1150 3355 1393 3452 charitatisque
1410 3377 1468 3433 tue
1489 3358 1706 3432 dulcedinem
1721 3359 1762 3433 ab
1788 3358 1950 3434 omnibus

1150 3456 1325 3530 emundati
1353 3454 1951 3553 vitiirradteproclamemuseter·

575 3551 833 3651 Passanda}
1151 3555 1345 3632 ris-Pater
1359 3557 1472 3629 noller
1485 3556 1545 3651 qui
1560 3579 1597 3628 es
1611 3557 1645 3629 in
1660 3554 1773 3630 celis.

216 3662 268 3743 30
1200 3656 1304 3727 Dicat
1318 3649 1719 3728 Presbiter.Humiliate
1733 3678 1799 3731 vos
1812 3652 1959 3731 benedis

403 3747 468 3823 Ere
481 3750 738 3832 sandiusrvere
761 3748 965 3830 teneriora
977 3749 1102 3830 nomi-¹
1150 3747 1259 3827 siloni
1287 3796 1299 3819 .
1328 3751 1500 3825 Dominus
1527 3754 1570 3828 lit
1594 3751 1728 3851 semper
1749 3753 1955 3833 vobiscum.
1986 3754 2026 3853 85¹

414 3874 476 3921 nus
490 3852 707 3939 nollerJesus
723 3853 878 3931 Christus
894 3851 985 3928 tilius
1002 3873 1102 3928 tuus.
1152 3863 1203 3950 gt·
1215 3851 1258 3926 Et
1273 3870 1350 3925 cum
1362 3848 1488 3946 spiritu
1499 3870 1588 3927 tuo.

291 3946 364 4037 Qui
381 3948 529 4024 traditus
545 3975 584 4025 ac
601 3972 758 4032 mortuns
774 3951 822 4026 est
854 3974 922 4050 pro
949 3952 1100 4067 peccatis
1448 3951 1664 4025 Benedibiis.

292 4046 418 4118 nostris
433 4075 442 4115 a
460 4051 495 4121 δι
512 4050 698 4128 resurrexit
713 4070 859 4149 propter
882 4051 1101 4136 justificatio·
1144 4119 1147 4126 .
1249 4045 1383 4123 Hrilius
1397 4050 1564 4125 Dominus
1580 4049 1638 4146 qui
1664 4070 1728 4146 pm
1751 4048 1860 4128 salute
1876 4077 1954 4130 om·

216 4148 265 4230 35
296 4162 375 4214 uem
406 4147 555 4220 nostram
572 4198 584 4219 .
600 4151 756 4229 Christus
772 4145 946 4229 Dominus
971 4173 1011 4228 ac
1039 4173 1099 4229 re·
1263 4145 1353 4220 nium
1369 4147 1506 4225 setradi
1523 4148 1676 4244 permisit
1693 4179 1702 4220 r
1721 4149 1794 4245 ipse
1807 4175 1875 4227 vos
1890 4152 1951 4225 sue

167 4300 171 4305 .
240 4280 244 4285 -
293 4235 462 4340 demptos
479 4262 645 4323 eremus.
1151 4245 1266 4343 gratie
1282 4245 1380 4321 dono
1393 4246 1585 4343 locupletet
1599 4294 1610 4318 .
1626 4249 1879 4342 soAmenAEt
1894 4247 1953 4344 qui
1981 4256 2026 4345 90'

1150 4366 1214 4440 per
1226 4341 1393 4419 bucellam
1408 4345 1506 4442 panis
1523 4345 1618 4420 suum
1631 4346 1788 4442 prodidit
1802 4343 1954 4422 tradito·

503 4437 583 4528 Post
596 4441 711 4543 pridie
726 4490 737 4516 .
751 4443 897 4524 orario?
1150 4463 1225 4518 rem
1240 4463 1250 4508 a
1268 4439 1340 4539 ipse
1355 4466 1421 4518 vos
1441 4442 1490 4517 sui
1502 4445 1598 4541 panis
1627 4446 1852 4543 perceptione
1877 4445 1956 4518 fibi·

624 4571 626 4575 ’
1151 4557 1223 4616 met
1236 4538 1775 4639 saciatcomplacere.13s.Amen
1792 4545 1954 4638 comique

214 4645 268 4727 ‚¹00
295 4634 590 4824 PRedicamus
605 4638 774 4715 Domine:
790 4664 855 4716 nec
869 4641 1025 4718 tacemus
1036 4639 1104 4740 pro
1153 4633 1394 4736 discipulorum
1406 4642 1513 4737 pedes
1525 4636 1643 4715 eluere
1654 4640 1814 4740 dignatur
1828 4644 1876 4715 est
1891 4643 1954 4713 ho-

400 4739 512 4811 noslra
534 4740 779 4836 redemptione
805 4742 1103 4816 traditumamor·
1152 4735 1319 4834 dietipse
1334 4762 1400 4813 vos
1414 4738 1457 4814 ab
1481 4739 1637 4816 omnibus
1661 4738 1795 4815 deliolis
1819 4764 1953 4816 emacu·
1982 4751 2022 4829 95

297 4849 420 4911 tuum:
444 4838 478 4909 dt
507 4833 677 4931 sepultum
694 4865 704 4910 s
720 4841 763 4916 ad
795 4837 889 4913 celos
920 4836 1103 4911 ascendisse
1151 4833 1278 4911 leta&
1302 4838 1397 4911 cetui
1427 4835 1670 4934 discipulorum
1696 4838 1880 4916 associet.
1906 4853 1954 4936 ξι.

297 4935 375 5026 poll
391 4934 566 5011 transitum
580 4960 591 5003 a
604 4937 639 5009 bt
664 4938 707 5010 ad
737 4938 957 5024 iudicandum
981 4938 1016 5011 in
1032 4937 1102 5010 fine
1151 4938 1264 5009 Amen
1280 4981 1291 5003 ·
1305 4936 1373 5010 Per
1385 4936 1648 5014 misericordiam
1671 4935 1772 5030 ipstus
1789 4936 1859 5010 Dei
1894 4960 1956 5010 no-

297 5034 625 5106 venturum.Unde
648 5033 796 5128 petimus
822 5054 864 5109 ut
891 5035 957 5108 hec
980 5032 1101 5111 oblata
1153 5032 1576 5130 {triaquiestbenedittus
1592 5037 1629 5107 81
1654 5035 1746 5110 vivit
1773 5039 1810 5110 δι
1835 5035 1952 5115 omnia

215 5128 265 5215 ᾖς
300 5125 489 5205 sanctifices
507 5131 565 5201 r&
592 5131 795 5210 sumentium
811 5131 956 5232 pedore
980 5134 1105 5236 propi«,
1154 5133 1251 5236 regit
1264 5131 1302 5207 in
1319 5130 1434 5208 secula
1447 5131 1640 5210 seculorum
1655 5180 1665 5204 .
1679 5148 1728 5230 ξι.
1742 5136 1882 5212 Amen.

185 5266 200 5307 ‚-
297 5226 409 5302 ciatus
427 5224 619 5304 emacules.
1301 5234 1363 5303 uid
1377 5220 1809 5326 acordemenstntr‘pllona.
1988 5230 2039 5305 106

298 5332 509 5424 mmm·
1154 5326 1266 5510 M
1281 5328 1385 5406 Emor
1411 5333 1484 5406 ello
1510 5333 1616 5406 nollri
1629 5330 1765 5405 Christe
1795 5332 1831 5405 in
1847 5353 1956 5431 regno

1291 5447 1356 5504 tuo
1373 5454 1383 5496 a
1399 5430 1573 5526 &dignos
1589 5433 1642 5504 sac
1664 5437 1733 5504 ‘nos
1747 5430 1791 5502 de
1809 5430 1958 5505 resuere·

213 5622 218 5635 ,
364 5525 429 5600 'Ad
441 5523 696 5616 consensionem
712 5519 1042 5626 panici-Anlifnndi
1155 5523 1269 5597 ctione
1296 5546 1379 5602 tua·
1399 5525 1445 5622 p·
1463 5529 1646 5603 Defiderio
1670 5528 1858 5603 desideravi
1890 5530 1956 5602 hoc

215 5629 267 5709 50
1155 5618 1275 5722 pascha
1300 5627 1501 5700 manducare
1525 5627 1703 5704 vobiscum
1729 5654 1738 5696 ε
1765 5647 1951 5722 antequam

296 5717 393 5900 D
407 5720 545 5796 ominus
556 5723 650 5802 lesus
666 5723 752 5801 milit
769 5722 955 5824 discipulos
978 5723 1106 5800 suos&
1154 5722 1266 5818 patiar
1279 5769 1289 5793 .
1302 5724 1351 5813 d.
1362 5726 1489 5798 Euntes
1504 5745 1622 5821 parate
1639 5723 1739 5801 nobis
1772 5726 1897 5818 pascha
1913 5742 1953 5796 nt
1986 5725 2036 5809 105

420 5822 509 5895 dixit
535 5824 577 5895 ad
607 5849 671 5899 eos
687 5872 698 5895 .
712 5822 840 5900 Euntes
857 5844 979 5922 parate
1003 5821 1104 5897 nobis
1151 5821 1395 5899 manducemus
1412 5831 1678 5919 .P.Antequsm
1693 5823 1822 5921 patiar.
1835 5820 1885 5914 ἦ.
1898 5825 1955 5894 Ec·

293 5922 486 6015 patebatur
501 5925 850 6018 manducemus=quia
862 5920 1030 5998 desiderio
1042 5922 1104 5996 de·
1155 5941 1195 5991 ce
1222 5919 1478 5998 introeuntibus
1506 5926 1609 6002 vobis
1644 5925 1678 5996 in
1705 5920 1956 5999 civitatemoc·

289 6014 441 6102 meran
454 6019 526 6098 boc
549 6022 896 6123 paschamsnducare
922 6019 1108 6109 vobiscum
1154 6036 1272 6101 curret
1297 6023 1401 6102 vobis
1439 6023 1554 6107 horno
1592 6024 1790 6123 amphoram
1835 6044 1958 6117 aquea
