4450 7209
553 754 1365 839 runnrnuuuournu
1706 741 1802 862 ’ῃ

134 888 200 942 nos
217 863 343 961 ficiats
365 862 481 959 innuo
497 862 622 937 animas
633 860 779 936 floruisse
793 860 853 933 fibi
866 884 938 935 non
988 860 1052 934 dor
1076 863 1211 935 edidita
1237 862 1459 938 sanctificatio
1482 862 1627 963 geuuitr
1656 864 1798 963 iutegri-
1842 886 1886 957 ς,

134 964 253 1037 aruisse
280 962 492 1041 curaturae.
518 962 634 1053 Atque
651 962 684 1031 in
709 954 773 1031 illo
790 958 873 1032 liatu
899 954 941 1030 il·
987 976 1041 1033 tas
1071 958 1189 1034 fudit·
1212 961 1397 1055 Hostiaque
1424 961 1599 1038 immolata
1622 964 1712 1036 vivit
1729 992 1738 1034 a
1757 968 1794 1038 ta

133 1057 202 1135 lum
221 1062 295 1133 vita
307 1059 421 1133 notlra
444 1053 661 1141 deledetur,
682 1054 846 1150 nobisque
867 1056 941 1129 fru-
989 1053 1112 1131 viveus
1128 1064 1164 1143 iu
1191 1057 1257 1129 ‘ter
1281 1057 1503 1134 immolatur·
1522 1060 1725 1154 Hostiaque
1743 1057 1801 1135 so-

135 1156 287 1269 diticets
318 1156 353 1227 in
378 1178 457 1248 quo.
473 1156 506 1228 se
532 1154 671 1271 gesseris
694 1176 767 1265 opu
789 1151 940 1265 criminis
989 1147 1023 1225 la
1050 1153 1133 1226 Deo
1149 1080 1283 1265 plalcere
1311 1154 1495 1250 prevalets
1521 1159 1599 1253 quia
1626 1156 1801 1269 Dominus

85 1248 941 1443 ⁵llltt‘fffflstllxtllilltltllssglff
989 1247 1716 1445 tlsltlzlltsltl‘tltttilllz
1730 1276 1798 1420 tl!
1836 1354 1885 1423 aa

137 1452 235 1519 ruit.
252 1448 448 1537 mmm.
468 1450 698 1522 Concedente
714 1442 823 1541 gratia
838 1443 941 1516 mise·
989 1440 1056 1515 culi
1079 1440 1335 1536 delinquentias
1361 1470 1429 1542 pro
1452 1446 1693 1522 emundatione
1728 1444 1801 1515 ani-

134 1539 401 1618 rationisilliusa
432 1549 590 1631 cujusne
620 1542 803 1615 nuntrim
852 1540 940 1612 sium
990 1540 1347 1618 marumnostrarums
1374 1564 1441 1637 pso
1468 1542 1612 1617 sanitate
1644 1538 1800 1617 omnium
1906 1546 1909 1550 ’

135 1643 218 1735 iuge
249 1642 284 1711 ἃ
314 1636 502 1737 gloriosum
528 1644 565 1717 iu
593 1568 706 1715 iecula
724 1638 779 1712 icc
816 1658 941 1713 orum·
990 1634 1231 1711 infirmorumr
1255 1660 1294 1712 ac
1321 1640 1477 1732 requies
1504 1638 1560 1713 vel
1588 1636 1804 1736 indulgentia

69 1766 108 1819 ιο
139 1735 347 1831 acharius·
369 1738 506 1813 Amen·
989 1731 1145 1807 litlelium
1169 1732 1439 1810 defunciotum.
1468 1740 1515 1811 Ut
1544 1752 1676 1812 mututa
1707 1732 1800 1806 sorte
1879 1824 1883 1829 ι

995 1830 1140 1905 tristium
1151 1833 1358 1911 manfionum
1371 1861 1382 1905 s
1397 1830 1489 1907 felici
1510 1829 1797 1930 perfruanturso·
1833 1834 1883 1924 65

428 1930 655 2007 Alisontia.
994 1928 1323 2014 cietatejuflorum.

238 2118 436 2197 EDomine
461 2122 538 2209 Jesu
565 2126 701 2207 Christe
725 2155 735 2199 a
765 2142 802 2201 te
825 2121 943 2195 Deum
1045 2122 1256 2213 melotus.
1271 2126 1410 2203 Amen.

68 2247 106 2319 ¹5
233 2218 575 2316 pluraliterhontines
593 2222 804 2301 salvantema
827 2221 944 2295 &ho-
1204 2220 1208 2226 ’
1576 2312 1601 2325 .-

137 2318 263 2391 minem
293 2316 328 2387 in
346 2318 424 2391 Deo
452 2317 670 2419 singulariter
691 2337 875 2419 potentem
898 2316 950 2388 iu·
1208 2322 1423 2419 Asparem.
1448 2314 1591 2391 oratio.
1829 2339 1882 2415 70

135 2434 297 2487 vocamus
324 2409 496 2489 laudamus
536 2442 721 2519 rogamus.
759 2422 806 2494 Ut
841 2413 945 2491 adlisa
1781 2483 1785 2487 ,
1844 2453 1848 2460 -

137 2528 254 2603 parcas
270 2534 281 2576 a
296 2509 463 2586 miseraris
481 2540 490 2582 a
510 2514 693 2611 ignoscas.
718 2516 790 2591 Des
815 2514 852 2586 in
867 2534 947 2587 cor·
1084 2512 1240 2591 Xcellum
1251 2532 1289 2590 te
1301 2515 1413 2587 Deum
1429 2509 1558 2606 pariter
1569 2522 1672 2603 atque
1684 2506 1797 2584 humi·

135 2608 365 2701 devotaque
391 2606 566 2705 compleas
581 2616 665 2687 =des
681 2613 715 2685 in
744 2636 806 2689 ore
831 2609 938 2687 verba
1086 2610 1341 2689 lemhomincm
1357 2606 1795 2683 cursuumlesumsaccli·

66 2728 107 2781 ao
134 2723 198 2795 que
211 2703 403 2777 exaudiase
429 2707 489 2778 des
506 2707 664 2808 inopere
684 2710 771 2785 facta
796 2706 936 2801 quebe·
989 2732 1050 2786 ves
1065 2708 1189 2785 servuli
1210 2705 1378 2806 supplices
1391 2709 1644 2799 deprecamurs
1668 2722 1717 2777 ut·
1732 2730 1795 2803 pa·
1823 2738 1826 2744 ¹

133 2796 292 2871 wlleu-
307 2801 388 2871 Non
398 2802 547 2896 petimus
562 2807 721 2883 renovati
738 2806 864 2881 nobiss
893 2804 938 2877 st·
986 2832 1061 2885 cem
1077 2832 1177 2907 quam
1188 2808 1382 2883 ascensurus
1393 2806 1435 2880 ad
1453 2798 1546 2876 celos
1563 2826 1575 2870 a
1599 2800 1668 2873 tuis
1683 2801 1793 2875 charis
1827 2824 1878 2899 75¹
1909 2862 1913 2868 .

132 2916 189 2971 cut
203 2893 237 2965 in
252 2897 316 2970 hac
328 2896 385 2970 die
397 2897 481 2975 olim
497 2902 569 2984 atla
585 2906 632 2979 ell
647 2902 834 3003 corporalis
849 2902 939 2977 nati·
987 2906 1122 2979 noticia
1135 2903 1399 2983 commendastis
1425 2902 1535 2972 dones
1550 2924 1560 2966 s
1573 2916 1792 2993 augmentesa

132 2993 223 3065 vitas
251 3012 337 3067 tuas
360 2992 418 3065 fed
437 2999 585 3091 petimus
598 3001 813 3099 incorporari
837 2998 937 3075 nobis
986 3004 1143 3098 perficias
1162 3029 1173 3071 s
1199 2996 1499 3096 atquecustodias.
1524 2996 1642 3085 Atque
1663 2992 1710 3065 ita
1729 2995 1794 3066 fiat

132 3084 332 3165 invisibilem
358 3091 573 3174 divinitatem
596 3118 712 3173 tuam:
738 3096 833 3193 quoti
855 3120 938 3192 pre·
987 3118 1130 3193 pattua
1145 3097 1353 3172 invirtutes
1377 3087 1626 3167 &abundantia
1641 3086 1793 3161 iuturri·

38 3188 39 3199 ’
63 3210 101 3285 25
132 3182 247 3294 ilitum
261 3188 307 3258 ell
320 3186 524 3265 carnalitera
555 3193 612 3269 sed
627 3192 843 3294 lingulariter
855 3211 938 3267 tunc
984 3194 1046 3267 bus
1062 3197 1149 3273 tuis:
1171 3220 1214 3269 ne
1229 3192 1336 3269 officii
1351 3186 1466 3266 oscula
1485 3188 1550 3259 fine
1574 3184 1723 3279 tegmina
1739 3184 1795 3257 vi·

130 3282 260 3354 Marses
288 3306 379 3360 nunc
395 3286 617 3381 spiritualiter
641 3294 811 3389 prestetur
824 3288 940 3363 Eccle·
984 3314 1042 3369 sus
1057 3289 1207 3368 occulti.
1230 3292 1300 3364 Sed
1312 3286 1371 3384 qui
1383 3279 1642 3360 decantantibas
1655 3279 1788 3377 angelis
1825 3291 1876 3364 80

131 3376 205 3451 iie·
233 3378 279 3453 [lt
302 3400 341 3452 te
366 3382 451 3456 fides
476 3386 666 3464 indubitata
687 3384 882 3483 concipiat:
900 3403 938 3459 te
986 3410 1104 3485 pacem
1119 3388 1260 3462 tribuisti
1273 3383 1467 3459 hominibus
1480 3382 1570 3454 bone
1585 3373 1788 3489 voluntatiss

129 3494 224 3547 mens
240 3475 284 3546 de
292 3482 517 3581 corruptione
532 3482 673 3560 liberata
689 3484 877 3581 parturiata
899 3500 938 3557 te
986 3488 1021 3558 in
1035 3486 1102 3561 hoe
1116 3485 1172 3559 die
1186 3482 1308 3561 natalis
1321 3479 1518 3558 efficiasnos
1534 3494 1678 3550 nuncios
1698 3474 1791 3550 acii·

130 3572 267 3669 lemper
280 3576 391 3650 anima
409 3578 539 3655 virtute
562 3582 711 3658 altissimi
727 3579 931 3657 obumbrata
984 3578 1189 3681 lisapaeia.

64 3696 103 3773 ³0
129 3672 334 3745 contineat·
358 3674 414 3745 Ne
427 3676 611 3755 discedasa
629 3680 754 3757 uobiss
783 3677 838 3750 sed
853 3701 936 3775 pro·

129 3767 442 3877 cedaaernobis.
469 3777 522 3851 Sis
551 3800 673 3851 revera
698 3774 938 3850 Entanuelno·
1034 3775 1243 3873 pennen:
1823 3772 1872 3873 85

130 3862 394 3975 stertuobtscum
418 3870 539 3945 Deus.
562 3872 724 3969 Digneris
751 3897 886 3947 manere
901 3870 937 3943 in
1840 3904 1845 3911 ·

129 3961 941 4065 nobrss&pugnarepronobis.Teenimpu·
1004 4036 1007 4045 ,
1330 3964 1479 4045 inlatis}

132 4074 274 4152 girante:
289 4082 353 4131 nos
365 4062 545 4141 uincimus·
555 4065 664 4141 Solve
680 4088 743 4140 nos
758 4064 937 4159 quesumus
1711 4147 1720 4169 ⁸
1786 4096 1791 4101 ·

64 4176 101 4253 35
132 4153 279 4266 apannis
293 4158 449 4249 putribus
466 4183 709 4257 peccatorums
736 4163 796 4257 qui
816 4181 851 4236 te
867 4185 933 4256 pro
986 4162 1216 4341 Dignum
1238 4164 1277 4239 ἃ
1300 4162 1422 4250 iulium
1448 4162 1519 4237 ests
1546 4180 1610 4235 uos
1626 4174 1791 4249 omnipo·

129 4268 279 4345 peccatis
306 4256 426 4329 nostris
443 4259 603 4355 dignatus
627 4282 664 4332 es
686 4259 869 4356 putredine
895 4258 937 4332 lu·
1105 4264 1215 4337 tentie
1244 4268 1281 4336 δι
1313 4256 1439 4356 pietati
1463 4278 1523 4333 tue
1553 4259 1681 4332 referre
1705 4269 1787 4345 quw
1817 4280 1873 4349 9⁰

131 4345 205 4445 gari
235 4358 677 4512 pannorum.1,actuum
705 4354 846 4435 Ecclefie
874 4375 935 4431 tue
983 4355 1078 4453 poss'e
1091 4358 1280 4436 donaveris
1290 4353 1404 4431 laudes
1414 4351 1668 4464 clementissime
1676 4365 1787 4443 pater.

129 4466 291 4538 parvuos
317 4466 474 4525 nutriat·
498 4453 603 4529 Adeo
633 4453 790 4548 infirmos
810 4450 935 4527 delica·
983 4454 1072 4547 Qis
1096 4456 1175 4551 poll
1190 4453 1517 4547 multatemporain
1540 4451 1678 4527 hatrise
1704 4463 1788 4517 ante
1926 4470 1930 4477 ·

130 4558 184 4612 tus
197 4534 334 4617 olerum
345 4545 437 4619 cibus
454 4547 589 4641 pascats
618 4568 658 4621 ut
680 4550 721 4623 ad
740 4549 934 4646 percipien-
982 4575 1053 4625 uon
1067 4551 1173 4626 multa
1187 4570 1368 4648 temporat
1396 4572 1463 4643 que
1477 4548 1540 4621 tibi
1557 4542 1613 4619 vel
1627 4540 1688 4617 fibi
1700 4540 1787 4609 scm·

63 4656 101 4729 40
129 4636 208 4709 dum
221 4634 451 4719 fortioremac
473 4642 618 4721 solidum
632 4644 934 4724 cibumsvalidio·
982 4670 1048 4742 per
1073 4668 1171 4723 erata
1198 4649 1293 4721 nobis
1321 4663 1419 4716 natus
1443 4646 1492 4717 cll
1514 4641 1668 4721 christus
1691 4634 1786 4712 lelius
1824 4686 1830 4693 .

128 4757 182 4807 res
196 4738 355 4827 quotidie
372 4742 464 4813 uires
480 4744 659 4818 crescant.
685 4742 727 4815 Et
754 4744 802 4817 ita
820 4767 930 4819 nove·
981 4744 1181 4841 unigenitus
1207 4761 1312 4817 tuus.
1331 4743 1453 4815 Factus
1468 4740 1518 4811 est
1536 4732 1656 4814 ancille
1669 4730 1757 4805 filius
1773 4752 1787 4795 s
1815 4758 1866 4833 95

127 4831 236 4903 rimus
262 4836 454 4910 defecatam
480 4838 701 4915 voluntatem
730 4864 750 4908 a.
767 4840 803 4912 ἃ
832 4840 936 4917 fidem
981 4840 1150 4917 Dominus
1165 4840 1286 4913 Matris
1303 4839 1387 4911 suc.
1417 4836 1538 4910 Partus
1554 4834 1689 4908 Manes
1714 4828 1786 4899 ftu-

127 4930 293 5003 exhibere
307 4932 546 5011 firmiffrmams
565 4954 602 5010 ut
619 4936 748 5032 iugiter
766 4934 934 5012 enitamur
983 4936 1055 5011 tius
1070 4935 1236 5011 Ecclefie.
1262 4934 1332 5024 Qui
1349 4938 1396 5007 ab
1418 4929 1474 5005 illa
1497 4931 1639 5004 editura
1669 4924 1788 4999 absita

128 5021 259 5104 auxilio
275 5048 337 5101 tuo
349 5030 392 5103 acl
404 5031 510 5109 uitam
521 5034 705 5135 pervenire
718 5051 930 5131 perpetuam.
980 5033 1185 5130 suscipitur.
1208 5033 1280 5124 Qi
1297 5055 1360 5127 per
1387 5025 1477 5102 illam
1516 5026 1628 5103 uiill'us
1646 5018 1786 5121 eredi-
1820 5042 1827 5051 ·

63 5134 100 5211 45
989 5147 1074 5202 tura
1097 5152 1160 5223 per
1176 5127 1267 5202 illam
1282 5128 1444 5203 mirificus
1456 5055 1641 5201 ‹tillus-tur.
1662 5048 1724 5193 llta
1735 5114 1787 5188 sa-

177 5223 383 5311 sannen.
705 5304 713 5321 ,
988 5222 1420 5321 intempopuliscreavits
1450 5218 1703 5329 ltecpopulos3
1723 5211 1784 5327 Illa
1817 5240 1890 5292 too

987 5340 1089 5398 ntero
1104 5320 1210 5397 vitam
1226 5322 1410 5416 portavit:
1435 5322 1499 5393 hec
1511 5316 1674 5395 lavacro=
1691 5336 1724 5383 ¹11
1734 5307 1784 5419 'll-

419 5411 498 5502 Post
511 5416 665 5497 misai
986 5413 1050 5491 lius
1067 5418 1223 5491 membris
1238 5420 1393 5493 Christus
1411 5416 1538 5489 intirsus
1550 5417 1622 5487 ests
1644 5412 1678 5481 in
1693 5406 1785 5517 istim

986 5512 1078 5609 aquis
1099 5516 1256 5590 Christus
1280 5518 1416 5589 indutus
1440 5516 1488 5586 est
1512 5514 1593 5595 .Per
1617 5504 1787 5613 illamqua

69 5613 104 5685 l0
221 5604 329 5683 Amuli
347 5606 396 5681 tui
413 5606 668 5707 indigni&exi
717 5608 939 5688 isacerriotes
984 5630 1061 5684 erat
1086 5611 1270 5687 nascitura
1315 5638 1357 5685 er
1371 5611 1460 5685 iilam
1484 5608 1541 5699 qui
1556 5605 1784 5702 perierat'ffl·

167 5798 175 5813 ι
230 5705 407 5777 tremende
421 5709 583 5793 maiestati
600 5729 658 5782 tue
690 5705 933 5801 piritualesvi·
981 5706 1160 5782 venitur.
1200 5706 1240 5781 ln
1278 5640 1336 5782 illa
1363 5702 1561 5797 redemptor
1585 5699 1783 5799 'gentium
1817 5714 1887 5789 105

134 5802 252 5872 urnas
281 5796 520 5876 immolantes.
545 5804 731 5879 offerimus
761 5804 822 5878 tilii
838 5808 935 5879 Deus
982 5804 1210 5888 vivificatus
1242 5802 1277 5876 ln
1304 5804 1363 5876 ista
1387 5820 1507 5899 gent&
1533 5798 1784 5880 vivificantur·

133 5894 269 5969 hostiam
284 5898 528 5973 immaculatam
547 5925 668 5997 aquarn
676 5919 847 5977 maternus
858 5923 934 5976 ute-
983 5903 1050 5977 Per
1070 5899 1159 5976 illam
1174 5900 1269 5974 venit
1297 5921 1336 5971 ur
1364 5914 1504 5995 peccata
1530 5893 1693 5970 tollerets
1719 5910 1783 5983 pet·

134 6008 188 6063 rus
212 5992 396 6096 impolluta
421 5998 625 6099 uirginitate
646 5997 836 6097 produxits
865 6022 932 6100 pus
980 5994 1075 6101 iliam
1102 5994 1181 6098 tulit
1214 5994 1354 6094 peccate
1385 5992 1625 6095 propterque
1656 5986 1783 6163 veniit·

673 6110 677 6116 .
1743 6102 1815 6151 u.
