4450 7209
578 760 1327 858 PRAEFATI'Oi
1509 773 1759 858 ‘xxm'

134 882 387 972 mentarium
409 883 739 999 Gregorianum,
759 911 823 970 ut
851 887 931 1000 ipse
958 894 1002 972 P.
1018 895 1075 974 Le
1107 896 1215 977 Brun
1241 906 1379 1010 aperte
1405 878 1525 973 docet
1548 878 1632 1003 (a),
1658 885 1757 1001 quid

135 1004 190 1093 ess
220 1031 292 1088 eur
318 1002 496 1088 dicamus
524 1004 684 1090 Missale
713 1005 892 1111 Ximenii
920 1009 1284 1096 sacramentarium
1311 1008 1617 1094 Mozarabicum
1637 1011 1757 1095 habe·

134 1124 171 1208 ti
212 1150 292 1207 non
330 1114 481 1236 posse?
519 1146 743 1238 praterea„
778 1127 881 1210 unde
917 1127 1061 1212 habuit
1089 1127 1310 1214 Roblesrus'
1327 1127 1583 1216 Cardinalem
1619 1131 1755 1215 Xime-
1791 1147 1871 1238 123

131 1241 286 1363 nium,
320 1241 406 1326 hac
436 1243 571 1329 omnia
600 1243 752 1330 Missali
779 1249 1048 1332 Mozarabum
1085 1241 1309 1332 addidisse?
1345 1248 1511 1358 inquis,
1544 1275 1665 1332 nemo
1690 1278 1756 1334 ne·

132 1387 227 1475 gare
264 1358 391 1475 potest
416 1360 612 1465 orationes
643 1363 755 1473 illas,
787 1394 883 1475 quas
909 1363 1089 1452 dislindle
1117 1368 1297 1452 noninar
1324 1366 1564 1474 Roblelrus,
1591 1366 1631 1451 in
1661 1365 1758 1453 Mis·

133 1479 204 1567 sali
234 1481 502 1566 Mozarabum
529 1483 724 1568 inveniri.
755 1485 883 1596 Ello,
916 1509 957 1569 at
984 1487 1074 1571 inde
1101 1515 1180 1569 non
1207 1486 1386 1597 sequitur
1416 1513 1480 1571 eas
1506 1484 1760 1572 cardinalem

133 1600 375 1686 Ximenium
402 1598 607 1713 adjecisse.
632 1601 750 1724 ¹Quid
779 1604 806 1687 sr
832 1633 855 1689 a
883 1604 1157 1690 Sacerdotibus
1177 1603 1461 1691 Mozarabibus
1486 1622 1580 1687 ante
1600 1604 1760 1719 Episco·
1869 1612 1871 1615 ’

132 1743 275 1836 patum
299 1715 485 1809 Ximenii
512 1721 655 1807 addita
682 1717 860 1808 fuerint?
893 1726 1097 1812 Roblesrus
1123 1726 1258 1809 asserit
1286 1723 1450 1837 quidem
1477 1724 1666 1838 pleraque
1694 1721 1761 1807 a'd·

134 1836 364 1924 ditamenta
391 1835 494 1925 sacia
525 1844 639 1928 fuisse
665 1843 819 1928 Missali
853 1839 899 1931 in
928 1839 1205 1931 translatione
1232 1864 1370 1930 textus
1398 1837 1566 1929 Gothici
1590 1840 1635 1929 in
1662 1837 1760 1928 lati·

134 1985 252 2046 num.
279 1965 340 2045 At
359 1987 436 2044 non
468 1960 639 2071 indicat,
661 1961 763 2048 unde
791 1961 869 2047 illa
889 1962 1084 2048 anecdota
1112 1963 1318 2048 habuerit.
1349 1960 1438 2076 Ipse
1465 1989 1544 2047 non
1573 1959 1757 2045 interfuit

133 2073 307 2177 editioni
336 2077 539 2187 Missalis,
566 2081 630 2167 sed
657 2105 855 2188 centum,
881 2086 921 2168 8(
947 2084 1119 2197 amplius
1145 2111 1291 2191 annos,
1329 2081 1412 2195 poll
1438 2079 1590 2164 editum
1621 2078 1763 2164 Missa·

132 2196 203 2303 le,
235 2197 327 2282 hac·
360 2195 409 2285 de
437 2197 722 2286 additamentis
753 2229 778 2287 a
814 2205 1004 2287 Xirnenio
1035 2199 1184 2309 fassis,
1221 2203 1259 2285 in
1290 2200 1469 2288 Historia
1505 2198 1553 2283 de
1582 2198 1692 2306 vita,
1720 2201 1761 2287 8(
1875 2256 1884 2266 -

134 2317 254 2421 rebus
285 2314 403 2430 gestis
441 2316 616 2428 ejusdem
645 2318 894 2429 cardinalis,
934 2324 1075 2408 Toleti
1117 2349 1221 2406 anno
1254 2330 1400 2429 1604,
1431 2317 1649 2434 Hispanico
1680 2313 1792 2401 edi·-

134 2432 230 2545 dit,
274 2463 348 2522 nec
399 2438 526 2522 ullum
566 2439 604 2525 se
653 2443 924 2551 antiquiorem
964 2439 1098 2527 laudat
1126 2439 1370 2555 Scriptorem
1392 2480 1413 2547 ,·
1447 2439 1517 2549 qui
1555 2436 1758 2523 asseruerit

134 2555 295 2640 Missale
323 2558 591 2643 Mozarabum
622 2590 646 2647 a
673 2560 871 2647 cardinali
891 2560 1077 2646 Ximenio
1108 2560 1216 2669 fuisse
1248 2559 1565 2673 Interpolatum.
1599 2561 1755 2642 Rerum
1793 2571 1880 2655 124³

132 2701 301 2785 quoque
334 2674 592 2786 ignorantia,
634 2708 715 2792 qua
747 2681 979 2766 Roblefium
1011 2679 1226 2786 laborasse,
1267 2707 1318 2763 ex
1350 2680 1426 2762 hoc
1459 2675 1540 2790 ipso
1572 2677 1660 2761 loco
1692 2703 1759 2790 ap·

133 2784 277 2908 paret,
307 2792 393 2902 ejus
424 2793 710 2885 aucloritatem
738 2796 853 2885 valde
885 2802 1061 2884 minuit.
1094 2799 1188 2885 Non
1219 2799 1326 2882 enim
1359 2797 1559 2881 intellexit
1594 2795 1761 2880 titulum

136 2905 328 3025 Mtffalir
355 2909 513 3022 mixti,
545 2946 616 3002 nec
649 2942 815 3003 noverat
845 2919 944 3003 ritus
975 2918 1145 3003 faciendi
1170 2909 1446 3032 confeffionem
1477 2915 1518 2996 in
1539 2914 1656 2998 Missa
1678 2903 1761 3026 (b),

137 3034 177 3117 ἃ
222 3028 418 3115 salutandi
458 3063 651 3144 crucem,
695 3037 735 3120 in
777 3065 845 3121 ara
888 3037 1058 3152 postam
1094 3032 1184 3149 (c),
1227 3036 1416 3145 antiquos
1456 3032 1559 3115 else.
1590 3030 1763 3116 Videtur
1905 3071 1918 3079 -

136 3150 270 3234 etiam
308 3150 495 3263 opinatus
522 3156 710 3259 Mislale,
751 3159 790 3241 8<
824 3156 1072 3244 Breviarium
1104 3154 1369 3239 Mozarabum
1411 3150 1544 3264 lingua
1584 3150 1760 3236 Gothico

136 3267 252 3354 suisl'e
285 3271 537 3383 composita,
581 3298 625 3359 ut
652 3281 881 3387 Interprete
920 3302 1018 3389 opus
1057 3273 1211 3381 fuerit,
1251 3271 1323 3383 qui
1358 3290 1515 3356 textum
1547 3263 1772 3356 Gothicum·

138 3381 186 3474 ire
216 3381 398 3499 latinum
432 3391 695 3477 transferret.
737 3390 963 3504 Liturgiam
994 3397 1257 3503 Romanam,
1288 3418 1412 3501 quam
1441 3387 1614 3477 Ecclesia
1641 3388 1762 3474 Tole-

137 3527 236 3590 tana
270 3504 407 3623 laculo
438 3536 496 3593 xi.
534 3509 584 3593 ad
618 3511 739 3595 finem
772 3534 961 3624 vergente
991 3508 1244 3624 susceperat,
1285 3507 1461 3593 officium
1493 3530 1609 3592 vetus
1635 3506 1777 3592 sole-2

139 3645 283 3711 unum
314 3628 519 3739 appellat.
550 3630 778 3741 Asseritque
807 3630 1039 3715 Ximeniunr
1058 3628 1210 3715 Missali
1237 3626 1306 3711 suo
1336 3626 1514 3739 adjecisse
1540 3619 1756 3741 plerosque

138 3775 160 3834 e
195 3739 358 3830 Sondsis
387 3738 518 3856 officii
547 3744 744 3843 Toletani
772 3743 964 3856 veteris,
995 3741 1050 3837 (9⁴
1077 3742 1238 3834 Sanslis
1263 3737 1544 3860 Mozarabicis
1579 3738 1769 3856 miscuis·

132 3857 219 3977 se,
246 3890 334 3974 qua
369 3865 486 3949 verba
519 3866 634 3977 plane
664 3866 757 3952 salsa
788 3866 901 3973 sunt,
933 3866 1004 3952 nist
1034 3866 1212 3954 alludant
1243 3864 1292 3949 ad
1310 3863 1589 3953 calendarium
1617 3862 1792 3948 Missali
1861 3930 1865 3937 .
1941 3948 1956 3956 ,

139 3974 328 4070 Ximenii
360 3984 630 4096 praemissum,
663 3984 768 4096 quod
801 3983 849 4070 ad
877 3986 1031 4083 Mislale
1063 3987 1164 4071 nihil
1195 3985 1394 4100 pertinet,
1427 3988 1466 4069 8<
1499 3980 1568 4065 nisr
1603 3982 1765 4065 nornine

142 4101 267 4202 officii
294 4102 487 4187 Toletani
530 4104 676 4188 veteris
716 4104 965 4218 intelligatur
996 4106 1179 4219 Liturgia
1217 4109 1435 4210 Romana,
1478 4125 1661 4213 tempore
1693 4101 1763 4186 Al·

143 4220 287 4337 phonsi
314 4225 412 4326 Vl,
450 4222 590 4308 Toleti
629 4222 832 4339 suscepta.
864 4230 974 4310 Nam
1014 4223 1268 4309 manifestum
1302 4221 1389 4331 est,
1430 4242 1475 4305 ut
1514 4217 1765 4305 examinanti

142 4339 340 4456 patebit,
362 4339 517 4426 Mislale
542 4337 727 4429 Ximenii
758 4370 808 4426 ne
840 4371 961 4429 unam
993 4341 1156 4454 quidem
1190 4340 1350 4429 Missam
1381 4337 1610 4426 recentioris
1630 4334 1767 4427 Samii

141 4458 327 4568 habete,
361 4482 432 4543 aut
459 4488 581 4571 quern
603 4461 776 4548 Ecclesia
805 4461 1143 4576 Gotho-Hispana
1172 4461 1297 4578 prisco
1328 4489 1442 4546 more
1483 4486 1562 4545 non
1601 4459 1727 4544 coluit
1751 4513 1783 4542 .-

142 4580 328 4664 Demum
355 4577 582 4693 Alphonsus
608 4583 764 4690 Ortiz,
795 4609 920 4691 quern
950 4582 1166 4668 cardinalis
1194 4581 1404 4667 Ximenius
1432 4575 1600 4664 editioni
1628 4575 1762 4662 Misla-
1796 4590 1876 4683 125

143 4697 268 4804 lis,&
287 4698 482 4785 Breviorii
503 4700 785 4814 praeposuerat,
812 4728 976 4785 omnem
998 4698 1132 4788 fidem'
1145 4701 1361 4786 narrationi
1380 4698 1555 4786 Roblesri
1571 4694 1764 4807 detrahit,
1859 4708 1861 4713 ’

144 4816 177 4901 is
208 4815 348 4925 enim,
379 4817 420 4901 in
452 4816 621 4932 epistolis
648 4818 922 4928 dedicatoriis,
953 4820 1122 4928 Mislali,
1154 4820 1416 4906 &Breviario
1435 4813 1666 4933 praemiffis,
1698 4816 1767 4902 Xi-

143 4935 331 5023 menium
362 4937 596 5048 alloquens,
626 4937 723 5051 quid
757 4938 825 5024 srbi
859 4935 1094 5024 mandatum
1126 4938 1289 5045 suerat,
1327 4943 1365 5024 8<
1398 4936 1493 5051 quid
1520 4936 1562 5019 in
1591 4933 1779 5021 editione¹

145 5054 355 5163 Missalis,
385 5060 426 5144 dc
454 5059 648 5146 Breviarii
674 5057 930 5173 praesliterat,
963 5055 1129 5144 candide
1161 5086 1394 5173 exponens,
1427 5057 1497 5141 stbi
1528 5052 1767 5141 mandatum

145 5173 265 5263 fuisse
295 5172 454 5282 scribit,
488 5198 532 5261 ut
563 5178 850 5290 antiquitatem
870 5174 1061 5264 intabiarn
1090 5177 1342 5293 praeservaret
1361 5170 1448 5292 (d),
1479 5202 1558 5260 non
1577 5173 1698 5260 modo
1726 5175 1770 5260 in

143 5293 386 5401 sententiis,
424 5293 488 5382 sed
523 5295 564 5381 in
597 5297 760 5383 vocibus
798 5298 956 5408 etiam,
995 5318 1120 5410 atque
1151 5297 1329 5407 litteris,
1369 5292 1546 5407 nequid
1585 5322 1766 5404 eorum,

145 5442 238 5527 quae
267 5413 314 5502 in
344 5413 622 5532 manuscriptis
648 5416 859 5505 codicibus
884 5416 1154 5533 legebantur,
1178 5416 1401 5525 demeret,
1428 5441 1541 5500 neve
1563 5433 1768 5523 mutaret,
2046 5537 2050 5551 .

144 5531 247 5648 sed,
277 5565 368 5652 qua
400 5536 441 5624 in
468 5537 631 5625 vetustis
663 5537 961 5653 monumentis,
990 5539 1138 5629 litteris
1166 5537 1373 5651 Gothicis,
1402 5557 1564 5623 exarata
1594 5530 1771 5642 fuerant,

970 5715 975 5722 .
1721 5679 1770 5740 ea

167 5870 926 6031 &OPAEeBtumExpllc-Mlll‘·'1'0m·⁸0
1031 5822 1479 5965 (c)1bsll.pag.535.colir.
1548 5867 1561 5915 -’
1622 5842 1627 5855 ,

149 5961 185 6028 di
215 5986 261 6028 a.
275 5978 379 6026 arta.
395 5967 551 6049 pag-160.
564 5965 616 6029 ed.
629 5961 793 6032 Gallice.
977 6009 981 6015 .
1033 5970 1091 6054 (a)
1116 5965 1225 6055 Epist,
1235 5957 1451 6033 Dedicatoff,
1466 5955 1588 6026 Missa,
1599 5950 1771 6048 pumma..

192 6050 255 6152 ζῦ)
279 6052 752 6148 Vidffssmflpflgqncco'sag
806 6092 820 6121 -,
933 6111 939 6121 ,
