4450 7209
283 702 355 816 aas
589 764 595 778 -
710 703 964 790 DOMlNlCA
989 703 1140 783 SEXTA
1168 695 1291 778 POST
1317 695 1573 815 essens..
1879 797 1883 808 ¹
1948 804 1951 809 Ι

284 823 335 896 tia
363 805 499 906 iaculis
527 810 562 891 in
577 809 641 889 liae
662 812 718 884 die
748 809 858 884 saltim
883 807 924 881 ab
953 808 1028 882 assu
1055 812 1093 883 ἃ
1143 802 1343 876 criminibus
1364 798 1575 914 'resurgenda
1590 798 1686 876 nobis
1707 818 1881 899 preparet
1899 806 2032 901 coi'55

285 917 637 995 bumilitateterrena
652 910 834 982 Dominum
856 907 950 981 suum
980 904 1093 982 imita·
1143 900 1393 973 meatum-Sit
1418 899 1523 986 lausus
1550 898 1708 974 litatione
1767 901 1910 980 audium
1935 905 1970 977 in

288 1009 639 1112 turusexurgat.Hic
653 1009 700 1080 eil
714 1009 788 1082 dies
802 1028 906 1099 quem
923 1002 1093 1079 secitDo·
1140 994 1225 1074 celis
1238 1025 1249 1066 a
1263 997 1500 1081 securitas-in.
1514 997 1640 1073 rerrlsr
1656 926 1881 1098 induigentia
1907 1002 1987 1075 vi··

286 1116 397 1189 minus
413 1140 424 1180 a
442 1134 555 1185 rerum
580 1106 694 1219 glorie
730 1134 741 1175 a
766 1103 1090 1196 elementorumque
1141 1099 1195 1170 vis
1219 1122 1231 1165 a
1254 1096 1389 1191 requies
1413 1095 1614 1170 defundis.
1633 1099 1683 1171 Ut
1708 1097 1779 1172 hoc
1804 1097 1862 1171 die
1893 1124 1966 1196 quo

229 1247 254 1322 5
284 1211 493 1309 principium
521 1236 531 1277 a
563 1225 639 1278 vire
667 1227 707 1278 ac
735 1201 851 1276 salutis
880 1202 1092 1277 exordium.
1140 1193 1487 1293 ipsevisiorrediisli
1503 1193 1680 1271 abioferis
1698 1194 1958 1293 spleniiliurum·

284 1310 493 1383 Creatorem
522 1303 615 1378 suum
640 1305 781 1377 mundus
807 1303 869 1376 hac
897 1299 954 1373 die
980 1301 1087 1375 fassus
1138 1316 1293 1369 amorem
1313 1293 1425 1370 crucis
1439 1295 1621 1393 impertias
1635 1292 1776 1393 populis
1787 1294 1958 1373 Christia-
1997 1300 2039 1376 so

286 1403 453 1503 agnoscat
478 1427 491 1469 a
517 1403 552 1473 δι
582 1402 801 1496 redemptum
831 1396 866 1468 se
898 1400 1004 1473 homo
1030 1421 1090 1471 ea·
1140 1391 1193 1477 nis
1209 1439 1220 1465 ·
1238 1405 1287 1491 ξι.
1302 1397 1439 1472 Amen.

190 1555 198 1571 .
284 1494 610 1575 demdieliberatus
626 1493 1091 1595 intelligat.terentnree1i
1404 1554 1409 1561 .
1734 1541 1736 1547 .

286 1601 322 1670 &
349 1593 486 1671 exultet
512 1614 606 1671 terra
620 1625 629 1668 a
645 1597 776 1671 discant
805 1594 908 1669 inseri
936 1613 1096 1669 mortuos
1372 1592 1437 1666 vid
1447 1609 1592 1692 pacem
1616 1593 1765 1670 orasioi

207 1733 255 1792 10
287 1719 360 1770 non
373 1716 493 1769 tenere
506 1722 516 1765 r
530 1691 661 1768 discant
677 1694 752 1768 vivi
769 1691 860 1768 viam
875 1697 996 1768 mortis
1012 1717 1096 1766 eva·
1146 1745 1152 1755 .

287 1795 373 1868 dere
390 1795 489 1870 .Lu1
516 1790 729 1887 splendidior
760 1790 904 1882 incipiat
926 1792 992 1863 elie
1009 1788 1096 1867 2801
1248 1789 1408 1866 Onserva
1421 1790 1574 1867 Domine
1586 1790 1621 1865 in
1631 1814 1717 1888 paee
1729 1808 1890 1889 tuaquos
1905 1817 1962 1869 re·
1997 1797 2042 1889 65

287 1890 458 1966 clarior·
502 1889 545 1963 lit
576 1889 648 1988 ipse
689 1890 795 1967 etiam
822 1886 1096 1962 Resurreuionis
1260 1889 1690 1988 demillieffusssanguinis
1707 1893 1819 1967 uoda-
1836 1893 1960 1970 Libera

286 2008 423 2086 tempus
438 1981 617 2062 inlustrctr
659 2012 701 2062 ua
713 1987 798 2062 liora
822 1988 1000 2083 refugerat
1019 1984 1097 2083 pas·
1146 1987 1188 2060 ab
1203 1984 1390 2061 scandalor
1412 1988 1618 2087 pro-quibus
1633 1991 1826 2086 pependisti
1851 1990 1891 2064 in
1921 1991 1963 2070 li.

286 2085 481 2164 sionis.Sit
496 2111 562 2183 pro
574 2011 729 2163 Ecclesia
753 2083 886 2160 cunslis
901 2104 945 2195 ac
968 2084 1096 2180 mylie-
1147 2107 1217 2182 gno
1245 2118 1257 2156 .-
1284 2086 1418 2159 efficito
1447 2086 1626 2160 chariratis
1652 2111 1764 2185 opere
1793 2090 1958 2190 dignust

204 2221 253 2300 μ’
289 2186 348 2264 riis
366 2215 376 2256 r
391 2184 616 2285 omnibusque
631 2180 779 2256 Ecclesie
802 2183 965 2256 membris
982 2180 1094 2256 fidelis
1144 2203 1230 2276 quos
1247 2182 1310 2257 tibi
1340 2204 1509 2281 preeunte
1533 2185 1647 2282 gratia
1662 2187 1851 2284 radoptasli
1866 2189 1904 2263 iu
1920 2191 1960 2264 si·

288 2284 408 2360 oratio
422 2283 544 2379 absque
558 2279 773 2358 dubitatione
785 2281 964 2355 conlidens
989 2283 1095 2354 inter·
1145 2277 1211 2354 lios
1230 2328 1241 2350 .
1259 2284 1306 2356 Ut
1343 2302 1498 2378 uotquot
1515 2284 1786 2361 Resurredliouis
1813 2306 1874 2360 tue
1907 2288 1960 2362 vi·
1993 2310 2036 2385 7⁰

290 2378 456 2481 pellarios
470 2404 541 2474 quo
557 2380 593 2452 in
607 2381 678 2456 hoc
695 2376 845 2477 presenti
859 2377 1024 2473 mysterio
1045 2379 1095 2450 in·
1145 2375 1273 2453 siorias
1285 2307 1497 2456 celebramus
1509 2408 1518 2450 a
1532 2377 1657 2459 ultimo
1682 2383 1800 2471 iudicii
1814 2403 1956 2481 tempo·

288 2497 417 2554 vocata
429 2477 570 2576 pietatis
584 2474 843 2558 miseratiosfit
869 2477 986 2554 sutura
1013 2499 1094 2576 pre·
1143 2476 1435 2576 reresurgcntes
1463 2481 1650 2554 coronandi
1678 2507 1699 2555 a
1727 2482 1862 2558 dextris
1890 2486 1958 2559 tuis

290 2576 667 2674 sentior-mmm·
1144 2595 1223 2673 cum
1236 2578 1362 2654 ovibus
1376 2572 1683 2678 collocemur-132·
1695 2582 1836 2676 Amen.

207 2710 263 2778 π
571 2770 816 2860 Aaronem.
1476 2776 1628 2857 inlatio·
1991 2791 2034 2888 75·

293 2970 530 3162 CUMtibi
541 2979 761 3078 omnipotens
772 2933 877 3055 Pater
889 2940 1095 3073 omneq'uod
1254 2932 1386 3076 lgnum
1404 2975 1440 3049 δι
1467 2977 1592 3060 iussum
1618 2981 1667 3054 eil
1687 3000 1750 3055 nos
1766 2978 1954 3055 Dominice
1994 3000 1996 3004 ’

405 3074 439 3148 in
456 3077 556 3151 uobis
570 3077 628 3150 vel
641 3079 810 3153 creatoris
828 3099 896 3171 ope
908 3073 965 3153 vel
980 3096 1098 3149 mune·
1269 3074 1450 3175 potestatis
1475 3077 1634 3170 preferre
1652 3079 1840 3153 virtutema
1856 3081 1893 3151 ἃ
1918 3079 1953 3151 in

209 3204 231 3262 ι
236 3207 257 3287 5
290 3196 331 3246 re
345 3173 775 3273 redemptionisrationale
792 3177 903 3270 potell
914 3175 1029 3248 elles&
1044 3174 1099 3248 vi·
1149 3174 1224 3250 filio
1237 3192 1383 3271 paterne
1397 3171 1624 3270 plenitudinis
1638 3179 1826 3274 agnoscere
1850 3180 1956 3261 maie·

290 3271 412 3346 vidum
427 3274 504 3372 jugi
530 3273 699 3348 inservire
712 3271 878 3347 famulatu
905 3295 1017 3346 rerum
1032 3297 1101 3348 ma·
1152 3277 1272 3350 statem
1287 3320 1297 3343 ·
1312 3274 1381 3346 Per
1393 3293 1497 3366 quem
1513 3271 1634 3349 cunda
1647 3276 1796 3350 restituis
1811 3303 1822 3346 s
1835 3275 1870 3347 de
1886 3271 1958 3344 uni·
1989 3280 2031 3353 so

295 3365 475 3468 gnitudine
501 3390 750 3469 provocetur:
774 3371 947 3445 hodierno
974 3370 1105 3464 preser-
1152 3371 1252 3444 versa
1267 3372 1455 3445 restauras.
1472 3375 1586 3461 Qum
1613 3372 1649 3446 in
1676 3373 1829 3450 hominis
1843 3371 1957 3469 effigie

298 3467 360 3540 tim
375 3469 431 3544 vel
445 3468 503 3540 die
530 3466 588 3543 vel
615 3489 804 3564 tempores
834 3486 874 3540 ut
888 3469 1101 3543 affectuosius
1152 3469 1262 3544 mifiili
1279 3471 1312 3540 in
1325 3466 1441 3543 seculo
1456 3492 1467 3535 a
1484 3487 1524 3541 ut
1538 3492 1670 3543 amares
1687 3471 1838 3545 innubis
1864 3470 1957 3563 quod

293 3563 420 3660 aliquid
435 3589 510 3642 curn
525 3565 607 3640 nilril
621 3590 725 3665 egeas
741 3585 800 3640 tue
814 3567 961 3640 bonitati
980 3595 989 3637 a
1005 3568 1100 3642 votis
1150 3565 1318 3663 diligebas
1335 3566 1368 3637 in
1389 3563 1466 3638 filio
1480 3615 1491 3637 .
1506 3564 1654 3662 Implera
1678 3568 1754 3646 sunt
1784 3594 1851 3665 que
1877 3591 1957 3662 pro·

211 3694 261 3773 30
297 3682 336 3734 ac
368 3664 484 3736 studiis
507 3665 635 3739 offerre
662 3665 825 3759 possimus
839 3694 849 3732 a
865 3667 1020 3739 fenerare
1046 3665 1100 3737 di·
1150 3665 1296 3761 phericis
1310 3665 1456 3739 vocibus
1479 3683 1581 3739 antea
1609 3671 1833 3744 mandaveras
1848 3717 1861 3738 .
1875 3669 1956 3741 Per-

294 3783 401 3858 gnare
419 3789 429 3832 r
445 3764 539 3856 quod
573 3763 760 3838 conveniat
789 3765 967 3838 reddidisse
983 3808 993 3829 ·
1008 3764 1099 3854 Quia
1148 3762 1237 3838 feda
1251 3761 1329 3836 sunt
1344 3757 1465 3837 cunda
1480 3787 1548 3856 que
1562 3766 1606 3836 de
1622 3766 1777 3842 adventu
1790 3773 1866 3855 ejus
1883 3765 1956 3860 ipse
1988 3769 2034 3862 85²

293 3861 435 3945 maioris
450 3861 558 3936 multo
571 3862 618 3934 ell
632 3860 744 3959 gratie
773 3864 964 3937 reformasse
983 3863 1098 3959 perdi·
1148 3860 1347 3960 predixeras
1363 3859 1457 3932 .Hic
1480 3885 1627 3957 namque
1643 3866 1692 3939 cil
1719 3863 1778 3940 leo
1802 3864 1959 3938 detribu

293 3972 363 4032 tum
381 3987 389 4027 a
404 3981 502 4053 quam
519 3959 629 4033 fecisse
645 3963 822 4033 futurum.
838 3965 884 4033 Ut
899 3963 988 4032 enim
1005 3983 1099 4033 crea·
1145 3964 1231 4040 luda
1247 3959 1348 4035 sortis
1365 3959 1401 4028 in
1429 3959 1566 4056 prelio.
1581 3962 1650 4034 Hic
1676 3962 1810 4038 catulus
1842 3962 1955 4037 leonis

295 4076 413 4130 remur
427 4055 484 4130 vel
500 4082 570 4132 non
584 4080 776 4132 crearemur
786 4087 794 4124 r
805 4082 874 4130 non
890 4061 1097 4154 precesserat
1149 4060 1262 4135 vidor
1275 4057 1456 4154 resurgens
1471 4085 1490 4132 a
1504 4060 1675 4134 mortuis.
1689 4062 1755 4138 llic
1767 4086 1880 4161 agnus
1894 4061 1956 4133 im·

213 4181 235 4259 3
244 4181 261 4256 5
294 4149 395 4249 eulpa
421 4154 571 4238 judicem
590 4182 599 4223 a
618 4180 688 4229 non
715 4175 924 4249 prevenerat
953 4157 1097 4230 materia
1147 4154 1337 4232 maculatus
1362 4158 1422 4229 diu
1450 4159 1583 4252 questus
1607 4161 1649 4234 ad
1672 4157 1953 4234 vislimam.llic

294 4267 517 4327 creatorem.
536 4258 583 4325 At
598 4277 688 4325 vero
717 4270 755 4322 ut
782 4253 933 4325 offensus
951 4256 1098 4349 postmo·
1147 4253 1234 4349 lapis
1248 4256 1288 4326 ab
1304 4253 1544 4329 edificantibus
1566 4257 1726 4352 spretusa
1745 4260 1956 4353 postmodum
1987 4263 2035 4350 9d

293 4347 375 4421 dum
405 4349 448 4420 ad
476 4347 742 4422 misericordiam
773 4349 1008 4422 veritatisr&
1036 4375 1096 4424 vas
1146 4349 1367 4425 ammirabilis
1397 4352 1580 4431 fassust&
1613 4355 1812 4430 inEccleiie
1842 4358 1957 4451 capite

290 4446 517 4541 peccatorum
545 4445 813 4543 precipitatione
842 4446 1053 4521 confractum
1087 4478 1096 4519 a
1152 4449 1353 4522 constitutus
1381 4453 1479 4529 .Hic
1508 4455 1580 4525 dux
1608 4453 1730 4527 militie
1761 4453 1894 4528 celestis
1921 4457 1958 4528 dt

293 4543 360 4616 tuis
376 4545 493 4620 denuo
506 4544 655 4618 manibus
672 4545 874 4619 redderetur
890 4544 1072 4627 solidatum
1090 4596 1102 4619 .
1152 4549 1312 4643 princeps
1326 4595 1338 4616 .
1352 4549 1417 4620 Hic
1430 4549 1575 4625 Ecclefie
1590 4554 1740 4650 Sponsus
1770 4555 1806 4627 dr
1834 4553 1960 4629 Domi·

214 4670 265 4749 40
295 4642 391 4738 Qid
409 4644 468 4716 nist
481 4644 635 4717 infinitus
653 4644 784 4738 pietate
802 4671 811 4710 a
826 4644 1006 4722 immensus
1036 4645 1100 4717 mi·
1153 4671 1213 4719 nus
1236 4645 1329 4719 .Hic
1357 4649 1393 4720 in
1409 4648 1488 4720 Noe
1515 4675 1585 4725 non
1614 4650 1725 4727 solum
1753 4651 1884 4724 arche:
1902 4652 1958 4724 sed

295 4739 504 4816 sericordiaa
522 4739 753 4815 inenarrabilis
784 4742 943 4816 bonitate
959 4744 993 4815 in
1008 4743 1100 4819 omni
1151 4742 1298 4818 Eccleste
1313 4749 1530 4842 gubernator
1542 4797 1552 4820 .
1566 4749 1604 4821 ln
1622 4750 1769 4824 Abraam
1799 4747 1956 4825 fidelissi·
1986 4761 2033 4838 95,

296 4842 513 4938 progenie&
528 4840 762 4938 generatione
773 4842 996 4934 predicandus
1011 4867 1047 4915 es
1062 4847 1099 4918 dc
1152 4868 1242 4918 mum
1258 4844 1493 4939 patriarchalis
1511 4846 1690 4946 privilegii
1709 4847 1878 4944 fastigium
1895 4877 1906 4918 a
1924 4852 1958 4925 in

295 4932 462 5012 colendus
477 4941 493 5008 ἓ
507 4941 603 5011 Unde
618 4961 798 5034 precamur
811 4957 849 5011 ut
877 4941 998 5032 quibus
1013 4966 1100 5015 con·
1150 4941 1167 5012 1
1172 4943 1242 5017 saac
1258 4940 1413 5040 gloriose
1429 4945 1539 5018 hostie
1564 4948 1808 5022 sacramentum
1823 4993 1833 5016 .
1850 4946 1958 5027 ana·

296 5033 438 5108 ditionis
456 5054 556 5131 atque
573 5037 817 5130 redemptionis
834 5038 1020 5137 prerogasti
1039 5045 1099 5114 be·
1151 5042 1217 5114 cob
1244 5042 1404 5116 summum
1433 5046 1600 5138 patientie
1630 5047 1901 5121 documentum.
1919 5047 1958 5120 ln

212 5160 262 5238 45
297 5132 421 5208 neficia
446 5160 455 5202 a
483 5133 612 5208 tribuas
636 5131 886 5232 indulgentiam
917 5138 1095 5215 criminum
1148 5138 1280 5211 Sandis
1295 5139 1454 5213 omnibus
1474 5142 1583 5218 totius
1596 5142 1727 5231 justicie
1743 5138 1956 5238 plenitudo.

297 5229 501 5309 manifestam
515 5274 526 5303 a
543 5247 592 5324 aa.
604 5236 741 5307 Amen.
1147 5261 1248 5331 quem
1261 5234 1466 5316 conlaudant
1480 5240 1742 5340 omuesAngeli
1759 5244 1956 5318 &Arcbam
1988 5253 2045 5310 100

1149 5334 1219 5431 geli
1254 5337 1301 5409 ita
1327 5338 1511 5415 dicentes.
1531 5355 1582 5437 ijs·
1606 5340 1749 5419 Sanctus
1763 5387 1774 5411 ·
1787 5342 1955 5419 Saucius.

491 5424 571 5513 Post
588 5433 743 5507 aomina·
760 5432 876 5505 Oratio
892 5478 902 5503 .
1148 5432 1311 5509 sanstus.

218 5647 266 5725 50
389 5625 498 5700 Hrille
513 5626 728 5723 quimoriens
737 5624 909 5723 peremisti
920 5627 1098 5727 imperium
1417 5631 1496 5721 Poll
1521 5641 1684 5713 sarisas.

407 5727 528 5801 mortis
544 5755 554 5796 r
568 5733 604 5802 δι
618 5725 798 5823 resurgens
827 5729 918 5824 spem
931 5729 1098 5804 Resurte·
1257 5733 1322 5806 lire
1350 5732 1482 5812 sansius
1500 5764 1585 5812 vere
1612 5738 1813 5815 benedistus
1829 5734 1955 5818 Domi·
1988 5745 2040 5820 ¹05

297 5822 421 5897 silonis
439 5823 595 5919 prebuisti
609 5825 759 5922 indiguis
773 5875 783 5896 .
798 5827 911 5902 erem
933 5828 1029 5903 nobis
1059 5849 1098 5903 ut
1268 5857 1328 5910 nus
1346 5839 1562 5915 nosterlesus
1579 5839 1732 5913 Chriilus
1750 5837 1840 5912 lilius
1854 5837 1955 5914 tirusa

296 5920 363 5990 hec
378 5920 514 5996 oblatio
530 5926 750 5999 offerentium
764 5953 773 5996 r
787 5928 822 5996 &
851 5927 1097 6003 mortificatio·
1145 5927 1185 6016 In
1197 5952 1269 6026 quo
1284 5935 1466 6010 crucifixio
1483 5961 1565 6010 vera
1589 5939 1659 6011 suit
1675 5937 1855 6013 infirmitas
1885 5962 1957 6012 car·

294 6035 373 6095 nem
387 6021 580 6101 nostrorum
595 6041 762 6122 operetur
791 6023 984 6110 facinorum
1003 6057 1011 6101 r
1027 6028 1061 6103 dr
1078 6055 1098 6107 a
1147 6025 1199 6105 uis
1216 6057 1226 6103 r
1241 6034 1277 6108 &
1291 6032 1327 6107 iu
1342 6022 1411 6136 quo
1439 6032 1586 6134 vivente
1616 6033 1728 6114 virtus
1745 6061 1831 6114 vera
1854 6035 1956 6109 latuit

1870 6134 1961 6208 Dei·
