4450 7209
548 810 1301 901 PRAEFA'TIO.
1675 834 1739 894 vrt

116 941 260 1046 aperte
291 926 430 1037 dicit,
461 928 532 1039 qui
571 953 665 1015 oves
696 928 780 1014 suas
808 930 1053 1047 cognoscit,
1082 934 1123 1016 8<
1153 931 1204 1014 ab
1234 931 1282 1015 iis
1312 926 1558 1044 cognoscitur
1583 937 1595 1012 ξ
1636 935 1740 1016 Ora·

119 1050 291 1157 tiones,
324 1074 436 1132 more
466 1045 536 1132 suo
561 1110 575 1158 ,
605 1074 630 1132 e
660 1049 813 1136 Missali
839 1113 854 1159 ,
884 1053 923 1138 8<
956 1049 1162 1139 Breviario
1189 1051 1476 1163 collegerunt,
1516 1076 1603 1160 qua
1635 1044 1740 1133 nihil

118 1166 274 1252 habent
312 1194 529 1252 commune
566 1194 662 1252 cum
695 1168 958 1282 Evangelio,
988 1167 1170 1281 quadam
1208 1167 1258 1252 de
1300 1167 1448 1280 jejunio
1489 1167 1740 1257 mentionem

120 1285 311 1395 faciunt,
343 1283 407 1370 sed
436 1286 522 1372 atiae
552 1284 784 1400 nequidem
816 1286 1011 1396 jejunium
1032 1310 1386 1373 commemorant.
1410 1287 1635 1394 ,Dominica
1655 1286 1737 1374 sex·
1773 1308 1827 1395 37
1937 1310 1939 1317 ·

121 1426 165 1490 ta
197 1403 521 1520 Quadragesrmae
547 1467 562 1511 ,
592 1434 680 1518 quae
713 1411 751 1492 δι
783 1408 1009 1491 Palmarum
1026 1469 1042 1520 ,
1073 1411 1114 1491 8<
1145 1405 1185 1490 in
1218 1403 1645 1518 traditioneSymboli
1675 1403 1740 1493 de·

119 1525 399 1631 nominatur,
428 1524 606 1637 primum
638 1524 762 1610 habet
791 1521 1107 1609 benediOionem
1138 1525 1395 1634 Palmarum,
1427 1527 1466 1608 8<
1497 1513 1740 1633 Olivarurn,

119 1662 214 1725 tum
253 1640 507 1753 consequitur
538 1642 701 1751 Missa,
731 1672 827 1754 *quae
867 1643 999 1728 locum
1040 1641 1155 1728 suum
1195 1643 1368 1728 immota
1408 1641 1615 1752 retinuit,
1655 1641 1741 1757 post

122 1758 221 1844 duas
261 1756 450 1845 lesliones
488 1763 635 1846 veteris
675 1760 878 1871 foederis,
920 1762 1156 1876 Symbolum
1187 1767 1226 1848 A
1257 1760 1469 1846 ostolorum
1509 1759 1741 1847 solemniter

121 1876 327 1988 traditur;
357 1876 497 1963 deinde
527 1880 677 1994 legitur
707 1880 949 1994 Apostolus,
982 1884 1020 1965 &
1052 1880 1184 1995 postea
1214 1790 1263 1963 de
1294 1906 1406 1963 more
1438 1880 1740 1993 Evangelium,

120 1993 231 2108 quod
262 2024 315 2080 ex
345 1993 480 2110 capite
506 2025 568 2081 xt.
599 2004 637 2086 S.
656 1999 847 2117 Johannis
877 1997 1127 2108 desumitur,
1157 1997 1420 2109 describitque
1451 1997 1742 2112 triumphalem

123 2111 272 2202 Christi
302 2115 471 2199 Domini
503 2115 721 2229 ingressum
750 2117 793 2202 in
824 2119 980 2206 Urbem
1012 2114 1424 2229 Hierosolymitanam
1452 2176 1465 2201 .
1495 2117 1741 2225 Orationes,

124 2235 174 2317 ob
208 2232 392 2344 Sy'mboli
423 2232 724 2346 traditionem,
753 2237 883 2322 multa
912 2237 1063 2321 habent
1101 2234 1149 2320 de
1179 2233 1395 2321 Trinitatis
1436 2234 1626 2348 mysterio
1653 2239 1741 2345 ,dc

121 2349 307 2467 quaedam
340 2348 391 2434 de
422 2353 730 2439 Incarnatione.
762 2357 906 2442 Oratio
934 2347 1024 2472 post
1043 2349 1186 2470 pridie
1217 2352 1405 2439 meminit
1436 2352 1486 2438 de
1516 2351 1742 2439 solemnita-

126 2493 165 2555 te
195 2470 427 2556 Palmarum
454 2530 467 2553 .
495 2478 636 2591 Atque
673 2474 758 2558 haec
794 2474 849 2559 est
880 2472 1093 2560 Missarum
1125 2471 1438 2558 Dominicalium
1478 2470 1739 2589 Quadragesr·
1773 2472 1827 2581 38

127 2617 201 2675 mae
234 2588 384 2694 series,
414 2617 540 2699 quam
569 2593 805 2676 recentiores
839 2593 1072 2678 Mozarabes
1104 2591 1381 2677 induxerunt.
1412 2590 1456 2679 si
1485 2593 1575 2702 quis
1603 2612 1742 2678 autem
1870 2622 1873 2633 ·

126 2707 300 2792 voluerit
331 2705 510 2794 ordinem
543 2709 741 2795 vetustum
776 2705 1010 2820 restituere,
1042 2713 1072 2795 is
1103 2713 1280 2826 primum
1311 2709 1628 2823 debetMissam
1648 2715 1740 2795 Mo·

130 2825 356 2913 zambicam
387 2828 610 2911 Dominica
655 2831 805 2939 quintae
842 2832 1037 2940 auferre,
1077 2835 1116 2915 8c
1157 2827 1298 2915 deinde
1329 2828 1497 2914 Missam
1538 2828 1741 2945 propriam
1811 2925 1816 2932 ⁴

85 3032 87 3037 ,
130 2944 236 3030 striae
274 2967 425 3056 quartae
464 2947 656 3031 Cineru'm
696 2973 975 3063 componere,
1007 2977 1053 3034 ac
1093 2947 1258 3045 demum
1289 2947 1430 3033 Missas
1466 2970 1625 3031 caeteras
1665 2944 1740 3029 suae

206 3091 332 3175 mque
364 3064 586 3149 Dominica
617 3064 849 3176 restituere,
880 3069 938 3152 ita
971 3091 1015 3152 ut
1043 3069 1257 3151 Dominica
1288 3068 1418 3180 prima
1449 3065 1519 3149 fiat
1549 3056 1742 3150 decbri-
1829 3078 1835 3105 ³

123 3090 272 3299 fiio
298 3177 489 3294 deserto,
519 3184 734 3269 Dominica
764 3185 929 3271 secunda
961 3183 1011 3272 de
1035 3181 1297 3272 Samaritana
1324 3247 1337 3294 ,
1369 3183 1585 3268 Dominica
1615 3181 1739 3267 tertia

136 3297 336 3443 luperco,
366 3299 581 3386 Dominica
611 3305 755 3412 quarta
786 3302 837 3390 de
862 3296 1055 3418 diefejlo
1080 3299 1317 3412 mediante,
1348 3302 1564 3389 Dominica
1595 3299 1739 3415 quinta
1808 3349 1812 3354 ·

85 3492 87 3507 .
137 3412 667 3531 murosqrdcsdemum
695 3422 915 3511 Dominica
946 3422 1057 3507 sexta
1085 3417 1137 3507 de
1161 3415 1320 3507 Primis
1346 3484 1361 3530 ,
1387 3416 1442 3510 O*
1468 3417 1518 3507 de
1547 3412 1741 3507 traditio·

139 3510 912 3669 fflfflssssssilffssssiilldstflilsllsas
944 3540 1212 3625 Dominieales
1240 3603 1253 3649 ,
1284 3539 1452 3653 singulis
1473 3537 1737 3655 Quadragess·
1772 3562 1824 3648 39

117 3628 810 3775 ·u=i=r0'pttn·ranir}5rssrerisspiarti,
842 3663 880 3744 δι
913 3659 1009 3743 feria
1040 3658 1173 3768 sexta,
1206 3657 1381 3772 proprias
1401 3659 1550 3742 habent
1572 3655 1741 3765 Missas,

142 3766 741 3889 lt.·septimana,‘sansia'seria‘·
767 3777 908 3888 quinta
947 3779 988 3861 in
1028 3783 1157 3863 Coena
1188 3778 1399 3886 Domini,
1439 3781 1478 3862 8<
1519 3777 1738 3864 Sabbatum
1826 3869 1833 3877 ,

143 3887 322 3979 undum·
342 3888 701 4008 ‘Missuszpropr'ias
722 3888 907 4005 habent,
938 3897 1037 3982 seria
1065 3920 1203 3981 autem
1234 3895 1345 3979 sexta
1377 3895 1418 3979 in
1450 3895 1661 3980 Parasceve
1694 3893 1741 3979 fit
1823 3905 1825 3908 ’

142 4010 250 4096 Missa
286 4007 742 4099 Praesansiific'atorum.
789 4016 924 4101 Missas
962 4013 1316 4127 quadragesimales
1365 4012 1571 4127 excipiunt
1613 4012 1738 4099 Missae
1768 4038 1830 4124 40
1979 4093 1981 4096 ,

145 4128 335 4215 Paschales
365 4126 498 4239 otto,
539 4160 708 4242 quarum
748 4133 878 4247 prima
916 4131 979 4217 die
1011 4133 1225 4219 Dominica
1256 4129 1566 4218 Resurreslionis
1598 4130 1767 4216 Domi·⁴

148 4245 218 4356 ni,
238 4248 305 4333 sex
336 4247 445 4353 aliae,
476 4249 632 4363 fingulis
669 4251 1173 4362 consequentibusdiebus,
1212 4250 1625 4364 fingulaerecitantur3
1656 4247 1742 4367 post
1770 4275 1825 4360 41

148 4388 253 4491 quas,
282 4368 324 4452 in
356 4365 503 4452 Missali
532 4363 716 4455 Ximenii
746 4394 955 4454 occurrunt
977 4365 1227 4484 preparatio
1253 4362 1387 4481 Miffae
1406 4360 1490 4478 ‚'&
1521 4362 1627 4455 liber
1661 4396 1742 4457 om·

148 4507 245 4569 nrum
278 4478 535 4600 offerentium
562 4548 577 4595 ,
607 4488 782 4599 quibus,
814 4513 957 4603 praeter
988 4488 1241 4595 Orationes,
1282 4514 1380 4599 quas
1418 4485 1516 4571 dicit
1556 4486 1742 4576 Sacerdos
1885 4582 1888 4589 ,

150 4602 427 4709 celebraturus,
460 4603 602 4716 easque
633 4634 730 4718 quas
746 4606 842 4691 dicit
874 4606 1032 4719 quando
1064 4607 1186 4692 vestes
1215 4605 1339 4690 sacras
1370 4604 1531 4712 induit,
1563 4633 1744 4720 compre·

151 4716 366 4806 lenduntur
397 4727 588 4830 Hymnus
620 4731 875 4833 Puerorum,
907 4727 1082 4812 Psalmus
1113 4715 1410 4841 Confitemini,
1442 4731 1635 4837 Hymnus
1656 4718 1728 4810 Sal

152 4862 195 4925 vr
217 4835 381 4955 Regina
397 4886 414 4950 ς
443 4838 561 4926 Missa
579 4849 616 4929 S.
634 4846 768 4960 Jacobi
785 4842 955 4931 Zebedei
974 4846 1255 4960 Hispaniarum
1276 4841 1485 4957 Apostoli,
1517 4871 1589 4958 pro
1610 4871 1745 4930 exem·

149 4955 232 5067 plari
261 4958 435 5072 quodam
469 4961 593 5046 Missae
625 4965 888 5048 Mozarabicae
917 4965 996 5053 hoc
1026 4968 1111 5050 loco
1143 4963 1339 5078 proposrta
1368 5026 1381 5072 ,
1414 4963 1609 5077 pleraque
1641 4971 1744 5051 Ora·

150 5072 292 5187 tiones,
322 5082 362 5193 dc
393 5079 501 5186 alia,
533 5108 621 5190 qua
651 5082 692 5166 in
724 5083 848 5168 misus
878 5084 1061 5168 omnibus
1092 5085 1344 5167 recitantur.
1374 5079 1462 5167 Posl
1492 5083 1578 5169 haec
1617 5081 1744 5168 subse·

149 5195 274 5302 quitur
302 5196 412 5283 Mssa
441 5193 585 5282 oslava
615 5200 837 5312 Paschaiis,
870 5230 959 5312 qua
990 5201 1054 5285 die
1086 5203 1301 5287 Dominica
1332 5202 1375 5285 in
1405 5197 1549 5287 ostana
1581 5201 1740 5289 Pascha

146 5306 279 5401 dicitur
305 5374 317 5399 .
344 5316 617 5407 Sunt=deinde
648 5314 738 5402 osio
770 5320 916 5430 Missae,
950 5350 1038 5436 quae
1069 5350 1094 5406 a
1125 5320 1283 5407 Pascate
1314 5319 1365 5405 a'd
1395 5321 1649 5408 Pentecosten
1681 5347 1742 5404 re·
1769 5347 1826 5430 42

146 5429 346 5544 citantur3
384 5463 555 5547 quarum
587 5437 724 5551 primm
764 5463 938 5550 quatuor
976 5438 1144 5526 totidem
1187 5439 1432 5552 Dominicis,
1461 5467 1555 5526 anre
1594 5437 1740 5524 festum

146 5550 409 5661 Ascensmnis,
437 5556 739 5644 attribuuntur.
769 5563 1012 5673 Rogationes
1041 5555 1389 5677 GothoHispani,
1420 5557 1744 5668 &Mozarabes,

115 5693 227 5779 ,eme
257 5671 521 5759 festivitatem
537 5675 806 5790 Ascensronis,
835 5708 916 5766 non
944 5679 1228 5788 celebrabant,
1261 5706 1333 5764 nec
1365 5682 1405 5765 in
1427 5678 1542 5764 Missa
1565 5677 1745 5763 Ximenii
1901 5740 1916 5773 ,

147 5787 210 5877 tila
234 5790 299 5879 est
330 5793 448 5880 Missa
478 5793 781 5910 Rogationem
812 5798 874 5885 sed
906 5800 1048 5913 quinta
1076 5797 1126 5883 ad
1156 5798 1433 5888 Ascensionern
1459 5797 1630 5882 Domini
1662 5800 1747 5909 spe·
1848 5856 1871 5897 a

146 5901 249 6029 slat,
279 5911 395 6002 sexta
431 5913 484 6018 ad
514 5917 775 6009 Dominicam
811 5919 898 6039 post
925 5920 1237 6036 Ascensronem,
1267 5918 1436 6034 septima
1473 5916 1524 6002 ad
1560 5915 1744 6030 vigiliam

1607 6044 1748 6128 Pente·
