4450 7209
287 740 353 814 ¹42
492 706 633 786 FERIA
659 697 862 799 Qtnutn
885 690 1130 773 DOMINICE
1154 695 1333 788 QJINTE
1359 690 1766 791 Qtnuuncuslmu.
1865 794 1879 802 -

1149 796 1220 894 guli
1244 794 1348 872 mulas
1375 799 1448 870 suas
1470 825 1480 867 a
1502 800 1538 871 δι
1568 801 1736 900 sugerunt
1765 845 1777 871 .
1802 796 1965 895 Cumque
1991 812 2025 893 55

496 903 637 985 FERIA
662 891 889 997 QlARTA·
1148 897 1259 974 adhuc
1273 915 1459 993 pergerent
1474 896 1508 970 in
1526 896 1656 973 itinere
1675 926 1684 969 =
1700 900 1786 976 fama
1800 902 1966 994 pervenit

1146 996 1187 1068 ad
1205 996 1321 1070 David
1334 996 1450 1068 ditent
1464 1040 1474 1064 ·
1488 996 1655 1072 Percussit
1668 995 1823 1072 Absalon
1838 1021 1962 1075 omnen

576 1103 639 1175 vid
663 1092 816 1190 Mfftm.
1145 1089 1235 1167 filios
1251 1092 1355 1194 Regis
1372 1122 1381 1165 t
1398 1097 1434 1169 dt
1449 1114 1520 1167 non
1534 1096 1692 1172 remanstt
1708 1118 1754 1169 ex
1768 1097 1818 1169 ein
1834 1094 1960 1175 saltem

235 1227 257 1299 5
1142 1215 1253 1266 unus·
1274 1193 1431 1267 Surrexit
1444 1192 1561 1289 itaque
1571 1195 1649 1268 Rex
1665 1194 1870 1271 auexcidit
1898 1220 1962 1269 vo·
1989 1226 1999 1261 ι

213 1374 217 1381 .
335 1299 603 1379 Ῥνσνινόἰονιιηι
619 1295 829 1371 salomonen
1141 1292 1298 1365 slimenta
1321 1290 1378 1366 sua
1406 1316 1416 1359 ε
1444 1294 1481 1365 dt
1508 1292 1636 1367 cecidit
1653 1291 1756 1389 super
1776 1311 1908 1371 terram
1924 1296 1960 1369 dt
1983 1292 2025 1365 so

286 1419 336 1491 132.
352 1407 432 1477 Deo
449 1399 572 1501 gratias
588 1444 599 1466 ·
883 1382 1094 1463 caxxxttt.
1139 1413 1264 1465 omnet
1279 1389 1369 1463 servi
1386 1389 1485 1485 ipfiut
1512 1417 1522 1459 ε
1547 1391 1605 1484 qul
1622 1392 1819 1467 adsistebant
1845 1393 1879 1464 ei
1896 1413 1962 1465 ex·

371 1499 436 1572 lli:
454 1497 592 1594 quando
619 1491 746 1566 sederis
773 1505 813 1565 ut
829 1488 988 1563 comedas
1015 1504 1095 1555 cum
1140 1488 1300 1563 ciderunt
1322 1488 1522 1561 vestimenta
1539 1486 1621 1563 sua·
1649 1488 1880 1585 Respondent
1897 1514 1959 1563 au·

212 1714 257 1767 ,ο
286 1581 1092 1771 ruelutillutturitunii
1142 1581 1957 1761 turuileuirtutebus

281 1793 318 1866 in
332 1811 476 1893 gutture
489 1791 747 1866 tuoesttamen
760 1784 865 1857 habes
877 1782 1088 1889 potestatem
1137 1783 1235 1877 quod
1259 1804 1380 1858 omnes
1397 1781 1497 1879 pueri
1516 1781 1580 1857 filii
1592 1782 1699 1883 Regis
1724 1784 1826 1857 occist
1855 1783 1958 1857 suntr
1986 1780 2024 1874 65

209 1902 213 1909 '
281 1892 318 1964 in
346 1891 494 1965 animam
514 1907 631 1963 tuam.
655 1882 898 1957 Nedefidetea
929 1881 974 2017 de
1004 1875 1087 1991 olbis
1140 1885 1271 1956 Annon
1301 1877 1393 1955 solus
1422 1899 1580 1956 mortuus
1606 1882 1656 1955 est
1682 1907 1697 1953 a
1725 1880 1894 1995 quoniam
1914 1880 1953 1955 in

280 1988 697 2162 {ullusulius
711 1970 1091 2176 tillt‘ltlssllz
1139 1976 1960 2177 {sutilius‘nullutintutu

211 2200 253 2273 15
283 2184 448 2260 modum·
474 2175 794 2277 Neerigatoeulos
821 2195 901 2252 tuos
918 2176 959 2247 ad
978 2194 1088 2269 opere
1139 2199 1185 2248 ne
1214 2194 1321 2271 ponat
1348 2173 1521 2251 Dominus
1549 2199 1645 2252 meus
1659 2180 1738 2251 Rex
1762 2174 1866 2273 super
1894 2200 1959 2252 cot
1985 2197 1988 2207 ·

204 2342 212 2363 ,.
281 2305 365 2377 quas
382 2302 451 2352 non
466 2295 570 2373 potes
582 2277 707 2350 habere
733 2303 743 2345 a
766 2275 849 2369 quia
873 2272 1000 2347 sacient
1028 2267 1089 2342 fibi
1138 2274 1239 2349 suum
1253 2274 1398 2349 verbum
1413 2275 1498 2347 illud
1513 2272 1792 2352 dicemromnet
1806 2273 1870 2349 filii
1885 2276 1957 2351 Re.
1982 2286 2024 2373 7⁰¹

206 2372 211 2381 ¹
282 2369 644 2551 telluribus
659 2364 1088 2544 nitidulis-‘lu
1139 2368 1674 2565 tz„t„tut¹²utgt⁰3ttt
1691 2371 1956 2546 illilusll‘

282 2572 454 2648 defideret
472 2570 573 2644 eibos
587 2574 683 2655 ejus.
712 2565 886 2661 Quoniam
910 2569 948 2639 in
973 2560 1089 2637 simili·
1138 2566 1275 2640 levavit
1303 2590 1391 2661 puer
1429 2565 1629 2662 speculator
1656 2566 1778 2645 oeulos
1806 2569 1891 2644 suot
1918 2570 1954 2643 ἃ

206 2687 256 2741 20
282 2670 439 2746 tudinem
455 2666 558 2745 arioli
570 2670 606 2740 δι
620 2662 834 2753 toniedlorie
849 2662 978 2740 estimat
992 2658 1088 2756 quod
1138 2663 1272 2759 aspexit
1286 2691 1295 2730 =
1309 2664 1344 2736 &
1369 2688 1450 2740 eece
1465 2665 1614 2761 populus
1645 2664 1772 2743 multus
1788 2668 1953 2743 veniebat

281 2770 448 2868 ignorat·
470 2767 691 2842 Comede-dt
722 2763 802 2837 bibe
830 2762 924 2839 ditet
952 2758 1089 2835 tibia&
1140 2786 1202 2859 per
1218 2762 1284 2834 iter
1310 2761 1451 2837 devium
1465 2786 1510 2835 ex
1527 2762 1635 2841 latere
1666 2764 1822 2843 montis.
1850 2764 1952 2841 Dixit
1982 2784 2020 2865 75

280 2891 378 2943 mens
392 2871 464 2953 ejus
482 2889 550 2939 non
566 2864 742 2936 esttecum
758 2908 770 2932 ·
796 2860 906 2935 Cibos
919 2880 1009 2953 quos
1022 2876 1090 2929 eo·
1141 2857 1419 2941 autemlonadab
1451 2863 1493 2934 ad
1508 2862 1643 2962 Regem
1658 2910 1671 2937 .
1698 2866 1786 2939 Ecce
1800 2859 1864 2939 filii
1878 2866 1953 2939 Re·

280 2967 457 3040 mederas=
470 2983 632 3037 evoment
645 2961 681 3033 dt
697 2958 823 3055 perdet
833 2954 1000 3055 pulchros
1018 2949 1092 3027 set·
1142 2956 1197 3055 gis
1212 2956 1335 3031 adsunt
1349 2964 1450 3046 iuxta
1476 2966 1620 3037 verbum
1646 2959 1735 3039 servi
1755 2962 1805 3037 tui
1818 2990 1830 3033 a
1842 2962 1889 3037 lic
1905 2964 1955 3037 sa·

282 3084 405 3139 mones
432 3080 513 3135 tuos
529 3109 546 3131 a
570 3058 796 3157 ingrediatur
825 3056 868 3129 ad
898 3050 1091 3127 dodltinam
1141 3056 1234 3129 dlum
1262 3058 1336 3129 esi·
1360 3060 1523 3152 Cumque
1549 3058 1696 3135 cessasset
1722 3056 1824 3154 loqui
1850 3084 1954 3157 appr·

206 3181 253 3254 25
285 3184 348 3235 cor
366 3179 461 3237 tuum
473 3186 484 3229 ε
497 3159 532 3232 u
547 3179 644 3232 aures
658 3177 719 3231 tue
735 3159 778 3231 ad
794 3153 902 3231 verba
923 3147 1066 3224 scientie
1081 3192 1093 3217 .
1142 3172 1286 3227 ruerunt
1319 3152 1381 3229 filii
1399 3157 1533 3253 Regis:
1551 3158 1586 3231 δι
1603 3157 1776 3234 intrantet
1806 3155 1955 3234 levave-
2000 3206 2008 3225 .

284 3257 372 3334 Noli
398 3257 599 3331 subtrahere
625 3280 644 3327 a
674 3276 784 3350 puero
813 3246 1025 3345 disciplinam
1040 3244 1092 3318 =fi
1143 3270 1225 3327 runt
1255 3276 1364 3328 uocet
1389 3254 1645 3330 defleverunt.
1670 3257 1738 3330 Sed
1757 3258 1889 3331 &Rex
1918 3256 1953 3331 dt
1980 3260 2020 3335 io

282 3357 374 3434 enim
393 3352 601 3452 'percusseris
617 3376 695 3425 eum
721 3351 934 3448 virgarnon
960 3343 1091 3456 morie·
1141 3373 1264 3426 omnes
1292 3348 1386 3430 servi
1406 3356 1480 3437 ejus
1513 3352 1688 3430 fleverunt
1718 3350 1860 3450 ploratu
1888 3376 1957 3429 mg.

282 3472 365 3527 tur.
391 3457 444 3528 Tu
465 3454 566 3549 uirga
588 3446 760 3544 percutiet
777 3472 853 3525 eum
871 3447 1089 3547 adtanrmam
1141 3472 1213 3547 gno
1242 3448 1366 3521 nimis·
1396 3452 1512 3529 Porro
1527 3450 1677 3529 Abselon
1703 3452 1839 3552 fugiens
1867 3452 1953 3527 abiit

280 3558 355 3640 ejus
369 3555 412 3626 de
425 3552 562 3625 inferno
576 3545 734 3622 liberabis
752 3594 763 3617 .
788 3559 838 3636 132.
850 3546 991 3619 Amen.
1139 3550 1184 3621 ad
1197 3544 1383 3622 Tholomai
1397 3546 1506 3623 filium
1521 3551 1641 3627 Amiur
1655 3551 1790 3649 Regem
1802 3550 1952 3625 Gessura

209 3672 256 3747 30
1142 3642 1232 3717 luxit
1245 3667 1332 3743 ergo
1344 3645 1461 3719 David
1490 3646 1600 3725 filium
1625 3648 1718 3723 suum
1735 3646 1853 3724 multis
1881 3649 1954 3723 die-

331 3746 444 3820 teuit
462 3742 547 3819 libri
559 3742 741 3821 Malacbr‘nt
770 3740 849 3835 idell
861 3744 1017 3841 Regum}
1143 3744 1232 3817 bus.
1259 3742 1411 3819 Absalon
1427 3764 1540 3821 autem
1564 3772 1640 3824 eum
1656 3743 1801 3845 fugisset
1829 3748 1865 3822 ἃ
1891 3772 1952 3824 ve·
1985 3754 2029 3845 85'

283 3858 335 3945 pt.
347 3847 427 3919 Deo
443 3842 596 3946 gratias·
867 3851 918 3916 ΙΙ.
933 3841 1088 3917 culills.
1139 3843 1241 3915 nisset
1255 3840 1424 3919 inGessur
1438 3876 1447 3913 ε
1462 3845 1528 3917 fuit
1542 3846 1589 3919 ibi
1605 3846 1713 3920 tribus
1728 3845 1825 3920 annis
1840 3846 1952 3919 0Ces·

591 3942 593 3946 ’
1139 3940 1297 4035 savitque
1322 3945 1405 4018 Rex
1432 3941 1552 4017 David
1579 3942 1738 4041 persequi
1765 3940 1950 4020 Absalon:

342 4045 375 4116 N
397 4038 463 4117 illis
491 4043 640 4119 diebus.
661 4042 769 4118 Venit
784 4040 937 4119 Absalon
964 4045 1006 4118 ad
1031 4062 1089 4112 re·
1139 4063 1183 4111 eo
1212 4041 1305 4134 quod
1324 4039 1520 4116 consolatur
1551 4046 1634 4117 esset
1663 4040 1764 4137 super
1792 4044 1952 4119 Aneonis

204 4162 253 4238 35
281 4045 331 4226 I
355 4166 434 4238 gem
449 4140 705 4217 Davld=&ait
721 4144 763 4216 ad
779 4165 885 4215 eum.
906 4142 993 4213 Ecce
1007 4157 1089 4211 ton·
1140 4138 1320 4211 interitu.
1360 4136 1561 4238 intelligent
1602 4160 1717 4216 autem
1737 4140 1822 4226 Joab
1855 4137 1947 4217 silius
1982 4142 2034 4203 Μ

278 4242 405 4312 dentur
419 4262 505 4315 oves
516 4237 608 4312 servi
623 4238 673 4311 tui
686 4268 696 4310 t
711 4237 830 4313 veniat
844 4265 911 4316 oro
920 4241 998 4313 Rex
1015 4258 1091 4313 cum
1140 4237 1286 4310 Sarviet
1303 4240 1397 4333 quod
1427 4261 1491 4313 cor
1507 4236 1616 4335 Regis
1642 4236 1778 4316 versum
1793 4242 1877 4313 esset
1906 4244 1951 4317 ad
1982 4261 2027 4331 90

283 4336 393 4409 servis
406 4334 473 4408 suis
490 4340 532 4411 ad
541 4335 680 4408 servum
696 4337 814 4411 suum.
826 4337 995 4429 Dixitque
1010 4336 1089 4408 Rex
1141 4329 1317 4407 Absalona
1336 4338 1423 4411 milit
1439 4338 1614 4415 'shecuam
1630 4339 1665 4411 dt
1683 4339 1765 4414 tulit
1780 4334 1861 4412 inde
1876 4364 1951 4417 mu·

279 4432 323 4508 ad
339 4432 491 4508 Absalon
502 4483 519 4505 ..
543 4428 632 4507 Noli
652 4432 764 4508 filimi
779 4462 789 4503 ε
806 4434 877 4510 noli
894 4457 1022 4531 rogare
1048 4448 1088 4504 ut
1139 4431 1261 4506 lierem
1279 4433 1479 4530 sapientem:
1496 4436 1651 4534 dixitque
1665 4438 1707 4515 ad
1721 4462 1817 4515 eam·
1831 4439 1949 4536 tuge-

283 4533 459 4615 veniamus
483 4534 520 4607 δι
550 4554 732 4628 gravemus
762 4551 822 4605 te.
849 4535 940 4606 Cum
970 4550 1088 4605 autem
1138 4557 1177 4608 re
1200 4549 1236 4604 te
1260 4532 1376 4609 simula
1397 4539 1433 4609 ἃ
1449 4534 1593 4610 induere
1613 4538 1707 4613 velle
1734 4534 1872 4634 lugubri
1889 4542 1950 4611 t&

205 4657 256 4733 40
284 4651 432 4729 cogeret
458 4655 535 4706 eum
555 4657 571 4698 ,t
596 4629 804 4707 &noluisset
828 4632 881 4707 ire
907 4629 1087 4705 benedixit
1135 4655 1181 4704 ne
1210 4634 1348 4730 ungarie
1373 4632 1477 4709 oleo:
1494 4655 1532 4709 ut
1559 4633 1845 4731 lisquassmulier
1872 4632 1951 4732 plu-

211 4814 214 4821 ·
285 4731 346 4802 el·
375 4730 417 4802 Et
433 4726 676 4805 altAbsalon·
700 4732 735 4805 Sl
758 4753 834 4805 noll
858 4730 913 4805 vls
937 4728 1086 4803 venlret
1136 4731 1950 4831 rlmojamtemporelugensmoftuumg&in·
1981 4744 2023 4819 95

284 4827 405 4907 veniat
434 4825 580 4904 obsecro
619 4828 794 4904 nobiscum
825 4828 937 4904 saltim
959 4833 1088 4903 Annon
1139 4827 1307 4926 gredieris
1329 4833 1370 4904 ad
1389 4834 1546 4929 Regem:
1571 4833 1607 4905 dt
1635 4832 1790 4928 loqueris
1809 4831 1852 4909 ad
1872 4852 1950 4909 eum

286 4928 534 5003 fratermeus..
560 4927 730 5025 Dixitque
744 4931 786 5002 ad
800 4954 877 5004 eum
890 4927 1088 5002 Rex.Non
1139 4929 1315 5004 sermones
1347 4929 1623 5015 hujuscemodi.
1667 4931 1790 5008 Posuit
1832 4948 1949 5005 autem

242 5036 246 5043 '
285 5025 336 5097 est
351 5026 481 5098 necesse
508 5028 824 5102 utvadattecum.
849 5028 1090 5126 cogitantem
1132 5026 1223 5106 loab
1253 5028 1429 5102 sermones
1456 5029 1492 5103 in
1521 5053 1584 5104 ore
1606 5035 1709 5117 ejus·
1731 5031 1852 5126 ltaque
1867 5050 1948 5107 eum

206 5136 257 5219 '45
286 5120 464 5197 Absalon:
481 5125 656 5199 &dimisit
669 5149 744 5200 eum
761 5150 806 5198 eo
818 5128 996 5201 Annon&
1013 5123 1091 5197 uni·
1137 5126 1286 5224 ingressa
1315 5126 1427 5201 suisset
1451 5125 1575 5203 mulier
1590 5129 1777 5203 Thecuitet
1808 5131 1854 5205 ad
1879 5130 1950 5202 Re-

288 5222 408 5297 versus
448 5219 539 5298 filios
562 5223 701 5321 Regis.
728 5227 937 5320 Preceperat
971 5244 1091 5296 autem
1143 5225 1595 5321 gemececiditeorameo
1623 5226 1883 5324 superterram
1913 5226 1950 5299 δι
1982 5232 2034 5297 1⁶⁰

287 5316 439 5395 Absalon
503 5325 589 5395 ueris
618 5322 683 5393 suis
720 5321 866 5394 dicens·
887 5322 1090 5394 Observate
1139 5323 1483 5400 adoravirudixit.
1508 5329 1620 5401 Serva
1634 5349 1689 5399 me
1707 5329 1811 5401 Rex.
1843 5326 1887 5399 Et
1901 5323 1949 5398 ait

287 5443 364 5494 eum
380 5347 587 5494 temulentus
604 5419 711 5495 fuerit
725 5423 848 5492 Annon
866 5419 950 5493 vino
967 5447 977 5488 a
992 5420 1027 5489 &
1039 5419 1091 5490 di·
1136 5422 1181 5495 ad
1197 5443 1296 5494 eam·
1321 5425 1415 5517 Qid
1441 5423 1538 5500 cause
1555 5426 1659 5497 babet
1674 5429 1691 5495 ἓ
1717 5428 1795 5518 Qe
1809 5424 1951 5519 respon·

286 5542 377 5593 xero
393 5525 493 5595 vobrs
510 5520 683 5618 percutite
708 5540 786 5593 eum
802 5547 811 5590 t
826 5519 862 5592 dt
879 5515 1088 5591 interficitet
1139 5518 1192 5595 dit
1209 5570 1220 5593 .
1242 5522 1321 5597 Heu
1336 5520 1460 5607 mulier
1482 5522 1621 5599 viduae
1648 5525 1753 5600 osum
1768 5552 1778 5596 e
1792 5544 1947 5599 mortum

212 5640 259 5713 50
289 5616 398 5693 nolite
423 5622 571 5693 timere.
598 5622 676 5718 Ego
691 5618 782 5691 enim
809 5619 879 5693 sum
892 5617 950 5712 qui
978 5617 1090 5710 preci·
1140 5620 1188 5693 est
1206 5619 1296 5696 enirn
1310 5622 1490 5699 virmeust
1504 5549 1675 5697 &ancille
1695 5644 1755 5698 tue
1766 5643 1867 5697 erant
1878 5622 1950 5695 duo

288 5722 350 5814 pio
365 5718 463 5789 vobit
477 5768 487 5787 .
500 5718 748 5794 Roboraminit
759 5724 797 5794 dt
809 5719 920 5793 estote
938 5716 1004 5789 viti
1018 5715 1090 5787 sor·
1139 5717 1229 5795 filii.
1250 5719 1320 5812 Qi
1331 5720 1437 5797 rixati
1451 5718 1529 5794 sunt
1540 5722 1721 5797 adversum
1734 5724 1768 5793 se
1784 5721 1818 5791 in
1835 5743 1943 5817 agrot
1983 5726 2032 5798 105

290 5834 369 5887 tes.
397 5816 566 5889 Fecerunt
582 5842 670 5916 ergo
684 5821 779 5913 pueri
795 5815 944 5894 Absalon
968 5817 1091 5888 adver·
1140 5814 1316 5912 nullusque
1339 5840 1414 5895 erat
1453 5818 1511 5914 qui
1545 5843 1606 5892 eos
1642 5819 1834 5916 prohibere
1866 5815 1944 5913 pos·

280 5915 334 5985 sus
354 5918 474 5987 Annon
502 5917 586 5991 ficut
609 5939 812 6014 preceperat
837 5917 886 5989 eis
903 5912 1081 5990 Absalon.
1129 5916 1181 5991 set
1195 5944 1204 5987 t
1218 5918 1253 5990 δι
1266 5920 1429 6016 percuffit
1449 5915 1540 5992 alter
1557 5916 1702 5994 alterum
1718 5920 1753 5989 δι
1766 5914 1946 5989 interfecit

277 6014 533 6115 surgentesque
548 6012 615 6091 filii
637 6020 744 6125 Regis
763 6018 988 6103 aleenderuut
1010 6012 1082 6092 fin·
1130 6038 1242 6111 eumq
1276 6018 1320 6095 Et
1343 6038 1424 6095 ecce
1452 6014 1665 6117 ¹consurgent
1691 6014 1854 6093 uniuersa
1887 6035 1951 6123 co·

1007 6148 1010 6153 ·
1825 6130 1953 6210 gnatro
