4450 7209
586 739 618 821 P
678 740 718 824 R
766 744 823 829 AE
883 745 919 827 F
978 750 1020 832 A
1078 749 1123 832 T
1182 750 1205 831 1
1265 750 1338 836 O.
1705 748 1758 845 rr

128 872 217 958 quo
244 866 319 934 aut
347 876 583 969 numerus,
616 878 689 941 aut
721 857 820 942 ordo
852 858 1104 950 constituitur
1133 866 1292 952 illarum
1325 867 1477 983 septem
1516 867 1757 965 solemnium

128 969 405 1080 orationum,
444 973 589 1084 quibus
615 977 802 1094 Liturgia
835 982 1175 1104 GothoHispana
1207 988 1386 1079 maxime
1415 986 1598 1105 conllat,
1640 1001 1679 1083 8<
1711 997 1763 1083 ab

130 1087 219 1176 asiis
254 1088 507 1206 secernitur,
551 1094 662 1211 cujus
694 1099 753 1187 rei
785 1129 865 1188 non
899 1104 977 1189 alia
1017 1109 1123 1192 ratio
1153 1133 1353 1225 apparet,
1395 1141 1519 1223 quani
1549 1116 1645 1224 quia
1676 1116 1761 1202 hac
1857 1172 1862 1182 ·

132 1210 364 1328 praecipua,
396 1218 435 1302 &
471 1219 652 1309 maxima
680 1250 770 1335 pars
798 1224 1024 1340 Liturgia,
1055 1228 1247 1315 constanti
1281 1230 1372 1336 usu,
1405 1231 1447 1316 in
1479 1228 1663 1318 omnibus
1685 1237 1761 1322 Hi-

134 1328 280 1444 spania
313 1334 527 1446 Ecclesiis,
557 1338 701 1426 eodem
734 1341 908 1452 ordine,
941 1346 1097 1460 semper
1128 1349 1324 1434 celebrata
1355 1349 1461 1434 suit.
1502 1351 1543 1438 Si
1574 1338 1761 1439 enimin

132 1450 241 1535 hanc
279 1477 438 1567 partein
478 1459 650 1544 varietas
690 1461 858 1573 aliqua,
902 1488 974 1549 aut
1005 1466 1145 1551 abusus
1180 1467 1418 1582 irrepsisset,
1459 1470 1595 1582 procul
1635 1470 1757 1555 dubio

133 1569 349 1686 Episcopi,
381 1572 423 1658 in
449 1576 641 1688 Synodis,
669 1581 893 1668 remedium
924 1582 1058 1673 statim
1086 1585 1381 1696 adhibuissent,
1415 1587 1760 1697 quemadmodum

133 1717 161 1774 a
185 1692 359 1778 Concilii
395 1698 530 1805 quarti
557 1701 750 1786 Toletani
781 1704 963 1790 Patribus
992 1702 1145 1795 fanum
1178 1704 1264 1815 est,
1296 1706 1372 1818 qui
1395 1734 1545 1792 canone
1577 1706 1760 1818 decimo,

131 1808 331 1922 insignem
360 1841 579 1928 paucorum
606 1820 771 1907 abusum
800 1822 1062 1939 castigarum,
1093 1855 1119 1914 a
1148 1826 1323 1939 quibus,
1353 1827 1482 1911 oratio
1513 1826 1760 1936 Dominica,

131 1925 274 2014 diebus
305 1928 523 2021 dumtaxat
553 1941 780 2025 Dominicis
811 1943 1084 2054 recitabatur,
1124 1968 1265 2032 contra
1293 1972 1393 2058 quos
1424 1943 1604 2031 decrevit
1632 1951 1757 2057 Syno·
1860 1979 1862 1984 ·

133 2043 209 2132 dus
226 2110 251 2179 ,ο
275 2070 322 2134 ut
350 2047 538 2170 quisquis
564 2055 859 2173 sacerdotum,
900 2058 977 2151 ves
999 2057 1307 2178 subiacentium
1334 2058 1622 2172 clericorum,
1653 2059 1784 2151 banc·

135 2189 365 2296 orationem
392 2170 651 2264 Dominicam
681 2175 897 2295 quotidie,
928 2203 1003 2270 aut
1033 2180 1080 2271 iri
1104 2177 1301 2299 publico,
1331 2202 1408 2271 aut
1432 2178 1477 2269 in
1497 2177 1678 2298 privato
1704 2175 1763 2296 of·

128 2275 234 2404 ficio
259 2284 547 2401 preterierit,
582 2316 756 2413 propter
771 2291 1012 2416 superbiam
1029 2298 1289 2415 judicatus,
1331 2296 1490 2389 ordinis
1507 2296 1582 2412 sui
1610 2296 1761 2390 bonore
1794 2305 1877 2411 198

135 2403 385 2496 mussletur.
416 2417 609 2502 Praeterea
636 2418 827 2532 Liturgiae
857 2421 1202 2536 Gotho-Hispana
1234 2420 1397 2530 multa,
1429 2424 1468 2506 &
1500 2420 1665 2533 insignia
1695 2449 1760 2505 oc·

136 2548 305 2611 currunt
334 2527 500 2644 vestigia
532 2557 620 2619 tam
651 2538 693 2622 in
721 2534 906 2623 conciliis
928 2539 1147 2655 Hispanis,
1179 2568 1305 2652 quam
1336 2539 1378 2625 in
1406 2540 1692 2654 scriptoribus,
1719 2543 1760 2626 8(

137 2647 321 2730 maxime
350 2648 393 2732 in
412 2652 648 2761 Breviario,
681 2660 721 2743 8<
753 2657 793 2741 in
822 2658 971 2747 Missali
1000 2659 1164 2770 nostro,
1196 2663 1235 2745 &
1267 2659 1309 2744 in
1335 2658 1563 2747 Orationali
1583 2658 1762 2746 Gothico

137 2758 386 2854 Blancbi'nii
404 2831 426 2877 ,‚
449 2795 495 2855 ut
525 2775 698 2859 mininie
728 2773 993 2862 dubitandum
1026 2779 1109 2888 sit,
1142 2777 1242 2888 quin
1273 2779 1356 2862 hac
1389 2805 1435 2861 ea
1466 2777 1515 2863 sit
1543 2778 1761 2891 Licurgia,

135 2885 201 2969 cui
232 2911 259 2970 a
289 2884 465 3003 suscepta
493 2889 569 2976 fide
597 2891 844 3004 Christiana,
876 2896 1045 3013 Hispani
1074 2896 1300 2983 constanter
1328 2894 1594 2981 adhaeserint.
1626 2904 1684 2984 Et
1711 2919 1759 2981 ut

138 3031 163 3088 a
193 3006 382 3090 Concilio
413 3034 561 3118 quarto
588 3015 791 3099 Toletano
821 3013 1045 3128 incipiam,
1076 3018 1120 3102 in
1151 3043 1200 3098 eo
1219 3009 1281 3129 (a)
1307 3015 1463 3099 mentio
1494 3012 1540 3099 sit
1572 3013 1760 3099 solemnis

137 3121 321 3208 sormusar
359 3120 511 3244 erigite
543 3162 622 3218 vor
641 3120 664 3240 ,‘
703 3161 782 3243 qua
816 3134 1018 3220 Diaconos
1053 3133 1249 3250 populum
1284 3131 1510 3241 monebat,
1554 3158 1600 3216 ut
1640 3128 1762 3216 crebli

137 3266 334 3351 orarent,
373 3247 622 3362 eandemque
661 3253 817 3337 Missale
846 3247 1031 3341 Ximenii
1060 3252 1259 3337 retinuit.
1298 3258 1460 3338 canone
1492 3278 1538 3335 ix
1569 3249 1615 3336 sit
1650 3279 1761 3336 men·
1797 3279 1878 3360 199

137 3362 198 3445 tio
238 3360 287 3444 de
327 3363 517 3476 lucerna,
560 3374 600 3456 8<
631 3399 745 3454 cereo
786 3370 990 3484 paschali,
1021 3372 1125 3483 qui,
1156 3368 1273 3482 juxta
1314 3368 1513 3454 vetustam
1557 3369 1759 3484 Hispania

136 3479 468 3570 consuetudinem
502 3479 599 3601 (b),
631 3490 672 3574 in
708 3491 746 3573 vi
778 3490 852 3573 iliis
890 3488 1135 3605 paschalibus
1174 3487 1406 3575 solemniter
1432 3486 1759 3574 benedicuntur.

138 3606 307 3686 Conone
338 3630 383 3687 xi
415 3629 541 3720 agunt
572 3608 621 3691 dc
647 3518 836 3720 Allesuja
865 3607 1075 3719 canendo,
1114 3635 1239 3721 quem
1270 3607 1398 3692 ritum
1429 3606 1534 3722 apud
1561 3606 1761 3723 Hispanos

139 3719 345 3805 vetuslum
377 3724 450 3808 esse
483 3725 648 3812 testatur
677 3735 715 3816 S.
740 3727 909 3814 Isidorus
936 3721 1025 3842 (c).
1056 3735 1219 3814 Conone
1252 3753 1332 3811 1111
1365 3727 1500 3841 agitur
1528 3724 1578 3811 de
1608 3726 1761 3837 Misfis,
1794 3755 1879 3813 aoo

141 3839 188 3925 dc
219 3841 436 3957 precibus,
467 3842 516 3929 de
549 3847 760 3958 Hymnis,
792 3844 840 3930 de
867 3847 1158 3954 Orationibus,
1190 3846 1257 3931 seu
1287 3842 1337 3928 dc
1367 3873 1562 3931 manuum
1591 3847 1762 3976 Imposi-

139 3962 348 4070 tionibus,
380 3990 468 4076 quae
498 3966 724 4080 inquiunt,
756 3989 803 4050 ut
835 3964 976 4051 fierent
1007 3962 1221 4075 admonet,
1251 3986 1375 4080 atque
1405 3959 1600 4053 hortatur
1617 3972 1761 4053 Timo·

141 4075 281 4169 thetim
303 4069 554 4199 Apostolus,
594 4086 739 4196 quibus
769 4085 932 4194 verbis,
971 4080 1178 4170 audiorem
1210 4081 1283 4166 sua
1312 4082 1505 4197 Liturgiae
1543 4083 1762 4198 agnoscunt

141 4200 310 4287 Paulum
339 4201 596 4315 Apostolum.
628 4202 854 4290 Concilium
883 4202 1131 4289 Toletanuni
1152 4208 1248 4311 111,
1276 4229 1383 4287 anno
1405 4208 1511 4314 589,
1544 4201 1588 4286 in
1613 4201 1762 4288 minori
1795 4226 1872 4290 201

147 4315 572 4434 doxologiaoloria,
604 4317 659 4412 (ft
686 4318 845 4432 honor,
889 4319 1046 4407 vetusto
1076 4320 1349 4436 Hispanorum
1391 4323 1509 4431 ritu,
1549 4319 1765 4408 dicendum

141 4438 217 4526 csse
245 4437 439 4525 indicavit
467 4434 555 4555 (c).
588 4449 751 4527 canone
782 4437 952 4525 secundo
981 4439 1192 4550 decrevit,
1225 4461 1271 4524 ut
1300 4464 1396 4526 ante
1424 4440 1651 4525 orationem
1680 4445 1764 4527 Do·

142 4557 372 4669 minicam,
403 4560 640 4670 Symbolum
661 4558 1146 4673 constantinopolitanum
1173 4559 1384 4663 recitetur.
1412 4567 1576 4644 Canone
1603 4585 1647 4643 xr
1681 4586 1766 4644 me·

143 4678 268 4764 minit
299 4676 348 4763 de
366 4678 630 4791 impositione
662 4706 856 4762 manuum
888 4676 1004 4791 super
1029 4679 1306 4794 poenitentes,
1337 4681 1409 4784 δι,
1439 4704 1588 4762 canone
1614 4705 1763 4788 xxiii,

141 4795 188 4884 de
221 4794 505 4884 festivitatibus
535 4793 803 4906 Sanslorum,
834 4797 948 4910 egit.
983 4798 1210 4884 Concilium
1236 4795 1448 4881 secundum
1479 4795 1766 4909 Braccarense,
1798 4823 1878 4883 202

140 4946 248 5004 anno
276 4943 383 5030 572.
414 4924 578 5004 Canonc
605 4917 751 5031 primo,
781 4912 992 5002 mandavit
1010 4940 1065 5006 ,ut
1095 4915 1376 5002 catechumeni
1393 4915 1632 5028 Symbolum
1660 4913 1767 5028 fidei,

126 5028 217 5155 ¹per
246 5033 331 5123 dies
360 5035 508 5152 viginti
538 5060 633 5120 ante
658 5035 809 5123 Pascha
840 5031 1088 5146 doccantur,
1119 5063 1201 5145 quo
1229 5035 1352 5119 etiani
1387 5057 1570 5150 tempore
1596 5030 1652 5122 od
1671 5055 1769 5152 pur·

137 5151 354 5282 gerionem
386 5149 601 5270 exorcismi
632 5183 698 5242 eos
728 5181 959 5243 concurrere
990 5154 1129 5270 jussit,
1159 5181 1330 5268 eamque
1347 5152 1770 5359 consuetudinemstve·

1622 5299 1772 5361 tuam

186 5501 248 5588 (e)
274 5502 356 5569 Can·
373 5518 404 5574 4·
426 5496 664 5586 Rursurdscot
678 5496 929 5567 neotericam
987 5499 1018 5562 di
1030 5494 1167 5583 Spiritui
1179 5494 1545 5580 Sansloonotbemofit‚
1569 5493 1707 5556 formam
1720 5490 1771 5554 in·

144 5588 246 5676 erigit
264 5612 352 5667 vor,
378 5591 423 5675 (ς’
436 5590 587 5675 confestim
599 5586 869 5676 oninersurgont.
989 5598 1116 5670 tagram·
1129 5583 1441 5671 Gotho-Hispanam
1456 5581 1594 5647 minoris
1623 5577 1772 5644 doxolo-

188 5680 251 5770 (b)
275 5677 652 5746 Dehacconsuetudine
674 5676 766 5741 tellis
789 5676 929 5740 eslPru·
991 5675 1050 5761 giae
1066 5673 1253 5740 Concilium
1267 5667 1773 5752 Toletanuiiichan.i3tradi·
1900 5737 1916 5769 ·

149 5767 286 5835 dontius
297 5769 330 5835 in
339 5764 603 5852 Hymnoquinto
616 5763 887 5831 cathcmeiinon.
992 5765 1067 5828 dit.
1095 5767 1232 5836 Gloria,
1255 5767 1304 5851 &a
1328 5765 1426 5831 bonor
1452 5761 1576 5833 Patri,
1605 5762 1649 5844 ῤ’
1668 5753 1773 5831 strio,

192 5861 253 5950 (c)
276 5860 329 5924 De
341 5854 466 5922 Eccles.
479 5857 573 5922 offic.
586 5855 820 5942 lib.1.cap.i3.
995 5858 1042 5943 φ’
1057 5857 1197 5940 spiritui·
1217 5857 1351 5931 Suasio,
1379 5855 1414 5920 in
1424 5852 1545 5940 saecola
1560 5851 1773 5939 seculorum.

199 5955 262 6042 (a)
287 5944 576 6014 Anatheiiiatismo
604 5963 655 6018 14.
680 5947 778 6010 habet
806 5947 839 6014 Si
864 5945 937 6033 quis
1001 5948 1126 6017 Amen.

152 6054 215 6133 got
230 6043 360 6115 dixerit
372 6034 483 6127 gloria
496 6040 527 6108 di
539 6037 644 6104 honor
659 6035 752 6104 Patri
768 6079 782 6136 3
804 6032 945 6110 scissio,
