4450 7209
330 772 334 788 ‚
660 695 803 773 FERIA
826 693 1015 785 QllN'sA
1040 692 1161 772 POST
1185 688 1647 773 RESURRECTIONEM·
1906 704 1991 802 20⁶2

323 794 421 872 Nihil
448 801 552 884 maius
584 794 701 893 potuit
736 798 845 870 dare:
874 790 958 866 nihil
984 792 1134 867 melius.

199 920 219 934 ··
325 896 373 969 Ut
401 896 518 990 utique
540 894 832 990 sstprobanduma
859 892 954 988 quod
982 889 1135 989 diligen-

326 992 394 1064 tius
415 1017 479 1067 nos
496 994 556 1067 fibi
571 992 699 1067 servire
713 989 852 1068 voluita
876 991 933 1084 qui
948 989 1135 1085 preciosius

271 1112 291 1187 ς
324 1114 389 1162 nos
404 1091 549 1165 redemit
564 1140 575 1162 .
592 1093 689 1187 Ergo
701 1109 740 1165 ut
754 1089 788 1163 in
807 1088 907 1165 nobis
922 1091 1137 1184 redemptio·

321 1184 444 1260 nis-sue
462 1189 631 1263 beneficia
646 1190 813 1288 dignetur
831 1188 1023 1285 perficeret
1051 1209 1137 1261 con·
1184 1180 1280 1364 D
1293 1183 1359 1260 Eus
1373 1185 1478 1259 Pater
1491 1184 1715 1284 omnipotens
1725 1188 1786 1282 qui
1802 1202 1896 1263 tanta
1905 1181 1987 1264 esai
2014 1194 2067 1270 60·

322 1287 451 1359 llanter
483 1311 547 1361 nos
572 1285 753 1379 (convenit
791 1308 831 1363 ac
872 1286 1135 1387 perseveranter
1305 1283 1414 1356 ritate
1428 1285 1589 1357 mundum
1607 1283 1755 1359 dilexisti
1770 1315 1781 1357 z
1810 1307 1850 1360 ut
1865 1299 1992 1383 proco

320 1406 450 1461 orare.
499 1399 549 1482 lja.
566 1389 680 1464 Amen
698 1434 710 1458 .
1182 1381 1397 1549 unipenitum
1413 1396 1510 1455 tuum
1536 1379 1689 1457 volueris
1703 1384 1859 1482 cruciligi
1881 1414 1891 1463 a
1911 1412 1996 1482 pre·

1181 1486 1238 1554 cio
1255 1502 1355 1554 onos
1372 1474 1434 1551 lilii
1447 1477 1497 1551 tui
1512 1477 1677 1578 sanguine
1691 1486 1916 1578 redemptor:
1941 1485 1993 1560 ita

245 1606 294 1664 to
604 1586 696 1662 ulia
709 1586 845 1662 oratio.
1181 1577 1370 1675 opulentos
1398 1574 1580 1648 charitatis
1610 1579 1775 1655 frustibus
1801 1583 1923 1656 efficer
1951 1599 1991 1656 ut

432 1683 532 1757 Mnes
559 1688 618 1780 qui
638 1679 887 1780 redemptionis
908 1684 1023 1761 nostre
1048 1702 1130 1757 oau-
1180 1702 1244 1773 per
1259 1678 1328 1750 hoc
1358 1675 1392 1744 bt
1414 1670 1449 1744 in
1475 1673 1730 1753 resurreuione
1747 1677 1993 1773 primababea·
2011 1685 2064 1782 65

444 1783 511 1861 sam
524 1783 690 1859 colimusa
716 1778 922 1880 perditionis
949 1806 1057 1882 opera
1076 1805 1134 1855 re·
1181 1799 1255 1848 mus
1270 1793 1401 1870 partem
1418 1797 1428 1839 ε
1454 1772 1710 1869 &potestatem
1731 1801 1801 1852 uon
1814 1777 1990 1873 timeamus

319 1879 505 1973 spuamus.
533 1884 671 1980 Quique
688 1884 780 1956 diem
797 1904 1003 1957 veneramur
1015 1904 1132 1955 mune·
1182 1875 1308 1946 mortis
1322 1871 1493 1944 secunde·

319 1999 420 2049 ruma
459 1979 598 2053 nouem
627 1980 803 2056 criminum
830 2003 902 2053 uon
932 1979 1132 2074 sequamur.
1183 1975 1381 2069 &arimen-

243 2098 290 2174 15
320 2075 390 2164 Ql
408 2077 631 2170 probavimus
647 2079 780 2153 traduci
795 2079 1026 2174 imputandum
1039 2075 1130 2147 essee

321 2177 416 2265 quod
436 2174 820 2267 perimus=n0verinus
834 2174 1051 2276 redemptori
1066 2199 1135 2250 no·
1516 2164 1666 2246 inlatio.
2004 2197 2060 2277 po

320 2270 391 2344 stro
406 2273 674 2367 impendendum
690 2273 861 2370 essequod
877 2276 1053 2352 vivimus.
1075 2272 1133 2347 Ad
1723 2362 1726 2368 ¹

318 2388 477 2445 eternam
510 2373 609 2445 nobis
622 2374 727 2449 vitam
742 2376 1013 2469 quasquoddam
1027 2369 1125 2468 pela·
1172 2367 1267 2548 D
1280 2364 1402 2467 ignum
1422 2366 1460 2441 ἃ
1481 2365 1606 2453 iustum
1621 2367 1693 2440 est2
1722 2386 1808 2444 vere
1829 2367 1992 2448 salutare

319 2491 413 2564 guse
442 2469 523 2542 data
552 2473 600 2544 ell
625 2470 822 2566 temporalis
849 2470 1058 2570 navigatioe
1083 2490 1122 2545 ut
1294 2467 1395 2541 nobis
1410 2467 1482 2538 esta
1504 2484 1608 2559 atque
1625 2467 1833 2542 conveniens
1856 2470 1988 2568 gratiae

238 2589 289 2643 ao
316 2566 409 2639 inter
426 2565 599 2642 bonorum
633 2572 668 2642 δι
697 2569 883 2664 iniquitatis
910 2569 1096 2644 excursum
1115 2598 1125 2640 c
1175 2590 1306 2664 ageret
1330 2563 1448 2639 laudes
1465 2563 1686 2661 impenderes
1703 2562 1901 2665 intelligere
1914 2592 1989 2644 mu·

315 2682 373 2735 aut
388 2686 565 2758 peccatum
580 2686 715 2764 pereata
732 2689 792 2743 aut
807 2691 986 2765 peccator.
1004 2673 1048 2743 Ut
1065 2687 1125 2743 aut
1174 2687 1280 2741 uerae
1307 2681 1391 2740 vota
1416 2664 1556 2737 deferre
1586 2662 1650 2736 tibi
1674 2662 1903 2758 omnipotens
1921 2669 1987 2741 Pa-
2005 2674 2059 2767 π

314 2780 474 2861 excurrat
489 2765 574 2837 fides
589 2765 832 2861 circumspeda
845 2769 1043 2866 navigiumt
1062 2783 1122 2842 aut
1171 2781 1253 2838 ter:
1282 2764 1318 2835 &
1330 2760 1408 2842 Jesu
1421 2760 1560 2836 Cbristo
1583 2758 1660 2836 filio
1672 2781 1737 2837 tuo
1749 2762 1907 2841 Domino
1920 2788 1986 2838 uo·

313 2857 463 2934 incurrat
479 2860 640 2938 securitas
658 2865 791 2938 incauta
804 2868 1040 2964 naufragium.
1058 2868 1120 2941 Sa·
1169 2865 1259 2938 stro.
1293 2860 1366 2953 Qi
1382 2859 1507 2954 pietati
1521 2880 1580 2934 tue
1602 2881 1666 2953 per
1682 2858 1851 2955 adsumpti
1867 2863 1985 2942 homi·

311 2953 357 3028 tis
384 2958 541 3052 estquod
568 2988 632 3058 per
646 2981 703 3037 tot
720 2964 908 3042 seculorum
937 2966 1043 3059 spatia
1056 2988 1118 3062 ge·
1167 2963 1220 3034 nis
1235 2962 1447 3056 paffionema
1475 2957 1567 3052 quafi
1581 2956 1739 3049 quasdam
1761 2958 1797 3029 iu
1811 2962 1982 3054 presentis
2048 2966 2052 2975 '

235 3083 258 3136 2
264 3081 285 3156 5
311 3053 465 3129 nitalium
481 3061 578 3131 funes
593 3061 757 3137 traximus
775 3083 1011 3156 peccatorum
1025 3063 1117 3157 quod
1167 3058 1288 3155 populi
1301 3054 1529 3150 adquisitione
1543 3054 1715 3127 manubias
1726 3080 1802 3130 cunr
1815 3082 1887 3133 non
1897 3083 1981 3132 exe·

311 3151 347 3224 in
363 3151 442 3249 gule
464 3155 623 3249 scopulos
649 3161 887 3252 prejudiciarie
903 3164 1034 3234 arboris
1052 3161 1117 3236 lla·
1168 3157 1297 3255 gerite
1318 3153 1397 3227 celo
1415 3179 1425 3220 r
1449 3150 1645 3224 exhibuerit
1661 3176 1682 3224 e
1701 3154 1901 3250 triumpho.
1938 3157 1981 3230 Et
2002 3163 2058 3242 80·

311 3267 421 3325 teram
439 3271 549 3327 vento
567 3258 795 3348 precipitante
811 3258 991 3333 mendatiia
1009 3257 1116 3330 liber·
1165 3278 1242 3328 cum
1279 3277 1350 3326 non
1375 3249 1533 3325 habuerit
1560 3248 1726 3323 divinitas
1754 3253 1981 3330 immutabilis

188 3368 192 3377 ·
312 3347 397 3419 tatis
432 3348 551 3422 statum
579 3351 707 3424 inutilis
738 3356 953 3453 gubernator
979 3356 1118 3429 inlust.
1167 3372 1341 3450 pugname
1372 3347 1529 3423 habuerit
1546 3344 1718 3445 fragilitas
1742 3351 2015 3449 all'umptati·.·

312 3445 457 3541 Lignum
486 3471 549 3522 noa
579 3450 717 3543 decepit
747 3454 782 3526 in
798 3455 960 3533 diabolor
989 3452 1116 3552 lignum
1165 3454 1332 3526 storiam.
1357 3447 1472 3543 Magis
1490 3446 1640 3520 inridens
1653 3446 1825 3523 diabolum
1840 3475 1981 3528 carnem

233 3566 286 3648 30
312 3545 489 3638 reparavit
514 3545 547 3618 in
576 3550 747 3621 Chrillo.
784 3556 907 3648 Abylli
934 3555 1022 3625 unda
1053 3577 1118 3628 nos
1167 3574 1268 3627 carne
1291 3548 1465 3622 vincendo
1492 3574 1501 3614 ι
1528 3563 1566 3618 ut
1593 3543 1665 3640 ipse
1694 3545 1839 3621 Zabulus
1878 3552 1915 3622 ἃ
1940 3549 1976 3622 in

313 3643 451 3714 mersit:
474 3644 627 3738 baptismi
657 3650 745 3721 unda
762 3675 826 3725 nos
854 3652 1025 3725 redemit.
1054 3652 1118 3724 Pio
1167 3650 1289 3723 eodem
1315 3646 1456 3719 homine
1490 3644 1526 3714 se
1549 3645 1719 3738 probaret
1735 3647 1910 3742 postquam
1923 3649 1981 3723 of·
2002 3655 2050 3749 85

313 3737 426 3835 igitur
442 3740 581 3816 Domini
595 3745 816 3829 subjiciantur
834 3748 999 3843 imperio:
1015 3749 1123 3823 humi·
1172 3748 1331 3820 senderat
1347 3745 1412 3815 else
1428 3745 1641 3839 degenerem
1658 3771 1669 3810 a
1697 3742 1732 3814 in
1748 3766 1819 3837 quo
1834 3748 1980 3840 putabat

311 3832 358 3908 lia
387 3840 471 3910 mire
487 3847 606 3936 iugum
636 3842 723 3917 colla
741 3845 947 3938 suscipiant.
975 3850 1119 3921 Norunt
1170 3847 1345 3941 postquam
1358 3843 1544 3937 deceperat
1559 3840 1776 3915 fortiorem.
1798 3844 1855 3914 Ne
1868 3841 1926 3916 vel
1943 3845 1980 3918 id

311 3935 439 4028 quippe
469 3941 638 4033 proficere
674 3966 785 4016 onera
822 3944 880 4016 illa
910 3963 1116 4041 portantesa
1170 3945 1231 4018 fibi
1249 3939 1374 4014 licuisse
1387 3942 1547 4014 crederet
1573 3935 1751 4032 improbus
1772 3944 1979 4037 appetitore

233 4059 282 4136 35
312 4032 432 4129 quibus
462 4041 544 4108 data
566 4038 614 4111 est
637 4061 682 4107 ex
697 4036 904 4116 liberalitate
918 4043 1116 4117 absolutior
1170 4042 1279 4113 finon
1293 4057 1471 4134 peccatum
1488 4035 1582 4129 quod
1597 4038 1726 4112 fidebat
1743 4039 1876 4134 peccati
1890 4037 1979 4114 simi·

312 4132 480 4204 reddatur
509 4157 554 4203 ex
568 4131 763 4209 humilitate
778 4141 960 4214 conditio.
987 4137 1117 4216 lnclina
1167 4136 1283 4213 litudo
1303 4131 1514 4212 damnasset.
1545 4137 1624 4225 Qe
1654 4137 1791 4230 quidem
1819 4135 1974 4213 Domine
1996 4154 2050 4235 90'

312 4251 404 4324 ergo
435 4252 613 4323 precamur
637 4233 770 4307 Christe
795 4236 872 4313 lesu
902 4239 965 4311 tibi
990 4239 1115 4312 animas
1164 4235 1347 4331 adquistio
1373 4258 1444 4307 non
1471 4233 1681 4326 adquirentis
1712 4235 1807 4307 auxit
1821 4237 1973 4329 potesta·

310 4328 442 4400 uoliras
459 4358 467 4398 a
495 4347 532 4400 ut
546 4347 642 4401 tuum
658 4334 775 4423 potius
789 4356 889 4425 quam
901 4338 1052 4412 nollrum
1065 4336 1117 4406 se·
1165 4353 1257 4408 terna
1286 4332 1345 4406 sed
1370 4330 1542 4427 adquifitis
1571 4326 1722 4407 contulit
1739 4333 1972 4431 dignitatem.

310 4446 453 4519 quamur
468 4426 645 4503 arbitrium
660 4456 669 4494 τ
697 4431 775 4521 quia
799 4430 918 4506 melius
944 4435 990 4504 esl
1010 4430 1116 4507 liber·
1165 4431 1256 4526 Opia
1270 4454 1333 4503 nec
1348 4430 1506 4504 damnum
1520 4428 1624 4501 sentit
1639 4430 1909 4505 immutatioanec
1921 4433 1974 4505 lu·

231 4553 282 4630 40
315 4541 423 4596 tatem
464 4548 525 4618 per
553 4522 769 4619 diligentiam
797 4549 970 4620 querere:
1011 4553 1112 4624 quam
1166 4555 1259 4604 crum
1273 4528 1394 4621 recipit
1413 4526 1728 4621 plenitudoNeque
1743 4530 1831 4602 enirn
1847 4531 1972 4604 Deoin

312 4645 378 4717 per
393 4619 640 4695 confidentiam
655 4645 726 4698 nou
743 4625 896 4698 babere.
1164 4628 1200 4698 se
1213 4644 1276 4702 aut
1292 4624 1399 4697 debiti
1415 4646 1496 4694 cura
1512 4623 1669 4697 manebat
1681 4645 1739 4697 aut
1753 4625 1873 4719 premij
1890 4627 1971 4701 :sed
1992 4632 2046 4724 95

361 4730 409 4813 Be·
424 4725 564 4795 Amen.
1168 4743 1206 4798 ut
1234 4726 1328 4818 quod
1346 4720 1533 4795 virtutibus
1548 4723 1701 4814 prodesse
1724 4746 1791 4795 non
1808 4742 1945 4818 poterat
1964 4755 1974 4799 a

1168 4819 1323 4896 laudibus
1348 4843 1418 4892 non
1446 4817 1601 4911 periret.
1628 4820 1749 4912 Neque
1764 4823 1853 4896 enim
1865 4847 1975 4920 egere

506 4914 584 5002 Posi
598 4921 752 4994 nomina.
778 4922 921 4997 orario.
1164 4936 1308 5015 poterat
1325 4915 1477 4990 celorum
1492 4914 1662 4992 Dominus
1679 4919 1882 5012 possessione
1896 4941 1969 4997 ter·

229 5037 278 5112 45
402 5017 516 5089 Terne
530 5017 597 5088 Dei
612 5018 700 5090 filius
728 5019 784 5113 qui
811 5044 874 5115 pro
902 5017 998 5094 nobis
1022 5041 1115 5095 mor·
1163 5039 1300 5090 rarumr
1331 5013 1389 5085 sed
1405 5031 1444 5085 ut
1467 5038 1532 5108 que
1550 5015 1600 5087 tui
1614 5017 1695 5088 esset
1717 5017 1834 5110 operis
1849 5020 1971 5113 portio

414 5134 486 5187 tem
515 5114 691 5209 excipiens
715 5115 846 5188 crucis:
877 5118 980 5197 uiuus
1003 5119 1111 5190 tertia
1162 5113 1363 5210 preconium
1380 5112 1523 5188 adderet
1540 5139 1610 5187 non
1626 5113 1834 5208 profedum.
1850 5116 1888 5186 ld
1902 5119 1971 5191 uti.
1995 5131 2066 5198 ιω,

310 5212 366 5281 die
382 5212 592 5285 resurrexisti
610 5213 784 5286 amortuis
801 5239 811 5281 a
840 5214 991 5308 placatus
1011 5214 1111 5287 susti·
1161 5236 1229 5308 que
1246 5210 1399 5304 recipire
1433 5212 1525 5302 quod
1542 5212 1645 5287 secilli
1663 5239 1673 5281 a
1696 5215 1789 5307 quod
1804 5218 1970 5308 perdide·

308 5331 354 5402 pe
377 5311 439 5379 hec
453 5312 610 5405 apposita
629 5310 691 5382 tibi
708 5309 909 5404 paschalium
928 5312 1113 5390 sacrificio·
1160 5329 1217 5385 rat
1242 5310 1354 5404 pietas
1371 5331 1461 5382 anon
1473 5313 1648 5406 poteslas.
1675 5311 1765 5403 Quia
1781 5314 1972 5390 misericor·

309 5429 387 5478 rum
403 5403 563 5480 libamina
579 5455 589 5476 .
604 5411 677 5482 Hec
693 5407 753 5482 tibi
772 5411 806 5483 δι
822 5411 1039 5486 offerentium
1052 5414 1113 5484 de·
1160 5408 1214 5482 dis
1244 5409 1292 5481 est
1319 5406 1461 5483 Domini
1490 5409 1525 5480 id
1549 5406 1656 5484 solum
1684 5410 1769 5498 iuris
1798 5414 1972 5488 extimare

227 5531 277 5607 50
313 5505 521 5578 votionem=
550 5505 810 5602 &sepultorum
825 5509 963 5600 spiritus
981 5510 1110 5582 obnixe
1164 5504 1298 5601 proprii
1315 5537 1324 5574 z
1347 5507 1441 5597 quod
1471 5506 1597 5581 meruit
1622 5531 1691 5580 non
1709 5507 1818 5601 puniri
1837 5558 1848 5580 .
1880 5513 1971 5585 Vide

307 5608 584 5677 commendent.
612 5607 717 5693 Quod
749 5631 809 5701 per
831 5607 1108 5682 Resurreslionis
1163 5606 1269 5773 igitur
1296 5603 1466 5699 unigeniti
1497 5605 1547 5678 tui
1577 5605 1609 5676 in
1635 5604 1735 5679 nobis
1759 5606 1862 5680 Pater
1885 5612 1971 5684 alfe·
1992 5624 2063 5709 105

308 5720 370 5775 tue
388 5700 593 5775 victoriam:
621 5702 708 5775 &in
728 5703 924 5779 viventibus
946 5729 1038 5780 mors
1058 5705 1116 5779 vi·
1205 5725 1258 5773 um
1305 5732 1314 5772 a
1354 5702 1509 5794 quamvis
1543 5702 1690 5776 idoneus
1737 5701 1771 5773 in
1810 5727 1968 5783 creatura

309 5801 439 5874 tiorum
456 5799 626 5873 intereata
658 5803 695 5873 &
720 5800 758 5878 iu
785 5802 956 5881 defundis
982 5804 1112 5904 penalis
1166 5803 1312 5874 estimari
1343 5824 1414 5873 non
1447 5801 1602 5894 potuerit
1627 5800 1802 5877 creatori.
1835 5804 1899 5875 Etsi
1927 5805 1971 5878 li·

294 5895 723 5975 combustioevanescat.
1161 5917 1218 5975 cer
1246 5898 1372 5973 merito
1403 5919 1564 5991 quantum
1604 5899 1644 5972 ad
1672 5899 1763 5973 usum
1792 5901 1971 5995 pertinere

353 6011 402 6095 pr.
417 6004 555 6070 Amen.
1160 6016 1361 6087 extraneum
1383 5996 1453 6076 dici
1486 5998 1634 6091 poffetr
1673 5999 1834 6101 quicquid
1876 6000 1972 6077 indi-

402 6098 645 6190 ruissuuau.
812 6135 819 6199 ‚-
992 6097 997 6111 ’
1478 6096 1551 6187 Du
1864 6124 1968 6204 guum

1394 941 1458 1012 ..id
1469 957 1612 1036 pacem.
1635 943 1781 1018 oratio.
