4450 7209
588 825 1083 906 SANCTORUM
1133 824 1699 913 lNNOCEN'l'lIM.

292 933 377 1008 dete
391 932 440 1004 ni
449 931 678 1006 contemnatis
703 951 806 1003 uuum
828 929 938 1001 ethis
964 925 1111 1023 pufillis.
1159 928 1289 1021 perbaa
1317 928 1361 997 stc
1375 929 1416 1001 srt
1432 926 1552 1004 blanda
1566 961 1575 999 a
1591 955 1633 1003 ne
1650 929 1757 1008 facilis
1779 961 1789 1004 a
1809 932 1855 1006 stc
1869 932 1969 1010 inno·
2005 951 2048 1022 55

295 1033 391 1108 Dico
407 1029 501 1103 enim
518 1027 644 1102 vobis=
669 1029 749 1124 quia
763 1023 876 1126 angeli
891 1050 1012 1100 eorum
1026 1026 1111 1098 sem·
1157 1047 1261 1096 cens:
1277 1048 1319 1094 ne
1344 1025 1561 1119 imprudensa
1592 1029 1636 1101 fic
1649 1030 1785 1105 humilis
1803 1059 1812 1101 a
1837 1057 1880 1104 ne
1908 1033 1971 1106 im·

294 1128 497 1228 pervident
512 1126 632 1200 faciem
647 1123 756 1199 Patris
781 1126 848 1196 mei
865 1152 875 1192 t
904 1124 1007 1216 quiin
1026 1121 1108 1198 celis
1159 1120 1290 1193 bacillis
1305 1169 1315 1190 .
1330 1126 1510 1214 Qatenus
1527 1144 1665 1202 maturo
1683 1127 1901 1204 discretionis
1916 1134 1970 1216 iu·

296 1227 365 1299 esl-
376 1224 483 1298 Venit
497 1225 590 1296 enim
602 1220 695 1294 filius
711 1223 857 1298 bominis
874 1220 1003 1295 salvare
1017 1221 1108 1314 quod
1159 1219 1251 1291 dicio
1267 1220 1311 1290 fic
1325 1219 1467 1294 sufficiat
1488 1225 1633 1315 probare
1649 1230 1742 1319 quod
1756 1227 1914 1321 placeata
1931 1245 1971 1300 ut

243 1350 266 1430 5
298 1321 472 1420 perierat.
503 1336 552 1418 ξι.
566 1326 703 1393 Amen.
1089 1399 1092 1407 Ι
1159 1315 1319 1389 affectare
1348 1317 1474 1390 nesciat
1502 1321 1595 1412 quod
1624 1322 1824 1420 delinquat·
1852 1329 1970 1419 Atque

344 1423 447 1491 Dicat
461 1415 584 1492 amb.
599 1416 767 1492 Dominus
782 1415 824 1488 fit
839 1416 975 1512 semper
990 1415 1108 1490 vobis-
1159 1414 1207 1484 ita
1235 1411 1401 1485 salubrem
1434 1415 1541 1490 sumat
1576 1423 1834 1516 temperantiam
1850 1425 1971 1496 mode·
2002 1422 2064 1490 60-

294 1539 398 1592 cum.
431 1529 480 1601 132.
494 1517 536 1590 Et
549 1536 653 1586 cum.
1158 1530 1256 1583 rante
1269 1510 1408 1582 consilio
1427 1541 1436 1582 a
1465 1532 1504 1585 ut
1524 1519 1558 1586 δι
1584 1515 1833 1611 sumplicitatem
1856 1521 1971 1593 imite-

344 1616 461 1685 ωας
485 1661 496 1682 .
518 1609 691 1695 alleluja.
721 1609 1107 1700 p.Ambulabuntsan.
1159 1625 1216 1679 tur
1244 1606 1447 1683 infantium:
1483 1613 1518 1680 δι
1549 1612 1787 1692 fortitudinem
1814 1618 1969 1713 vindicet

297 1706 345 1780 ἂί
372 1712 563 1806 gaudentes
593 1707 689 1782 velut
728 1708 809 1806 agni
838 1707 931 1805 pleni
962 1709 1110 1804 pascue.
1160 1723 1417 1808 pugnatorum·
1448 1720 1496 1804 132·
1510 1712 1643 1784 Amen.

230 1839 269 1898 ω
295 1803 528 1891 Ῥ.ΑΙΙε1ιηί.

227 1902 233 1913 “
347 1901 672 1989 Sacrificium-Vidi
689 1902 748 1974 sub
764 1905 889 1978 ataDei
907 1904 1033 1978 animas
1052 1930 1116 1981 oc·
1179 1917 1181 1919 ’
1456 1902 1704 1989 Pnstnomr‘nai
2001 1907 2048 1998 65

296 1997 448 2074 ciforum
472 2020 622 2093 propter
654 2001 797 2073 verbum
815 2003 945 2075 Dei&
974 2023 1109 2097 marty·
1278 2000 1342 2074 Eua
1369 2001 1622 2098 omnipotentie
1654 2028 1693 2078 ac
1722 2003 1969 2102 benignitatisa

293 2097 386 2171 rium
412 2097 524 2169 suumr
554 2100 589 2169 δι
620 2119 748 2191 magno
773 2097 922 2172 clamore
950 2098 1107 2174 dicebant
1293 2099 1390 2170 Deua
1414 2100 1646 2175 misericordie
1661 2125 1699 2176 ac
1727 2103 1887 2198 pietatis:
1912 2105 1971 2200 qui

295 2191 385 2268 salus
400 2193 480 2266 Deo
496 2195 608 2268 nolito
625 2193 762 2280 alleluja
785 2195 947 2282 alleluja.
1159 2194 1419 2268 bethleemitice
1459 2221 1497 2270 ac
1538 2199 1714 2272 dominice
1741 2203 1875 2273 civitati
1902 2224 1970 2296 pro

221 2333 265 2407 ,5
653 2289 773 2383 Missa.
1164 2293 1409 2389 temporalibus
1435 2299 1584 2369 erumnis
1611 2298 1734 2393 gaudia
1767 2316 1886 2370 eterna
1908 2299 1970 2371 tri·

222 2401 241 2431 ²
390 2387 585 2463 Atholicam
600 2387 799 2464 dile-&issimi
819 2393 945 2464 fratres
972 2388 1110 2489 religio·
1164 2389 1259 2461 builli
1289 2416 1298 2458 a
1324 2410 1363 2461 ut
1399 2391 1526 2464 Rachel
1551 2395 1680 2468 sanctos
1707 2393 1845 2486 plorans
1877 2392 1968 2469 filios
1999 2409 2049 2485 70

411 2488 444 2560 sa
476 2489 562 2560 fides
589 2506 762 2561 ammonet
794 2489 983 2583 pietatema
1014 2491 1105 2561 inte·
1156 2487 1263 2559 suos:
1284 2509 1349 2580 que
1376 2490 1574 2582 proferebat
1600 2515 1644 2562 ex
1669 2489 1793 2564 dolore
1819 2487 1966 2568 luctum

293 2585 442 2678 remptis
483 2588 714 2679 pro‘Chrilio
754 2586 938 2657 infantibus
979 2584 1106 2658 cultum
1156 2583 1268 2656 nollet
1286 2608 1330 2654 eu
1346 2585 1587 2661 consolatione
1606 2587 1866 2682 solatiumtque
1883 2587 1966 2665 licet

296 2682 466 2766 exhibere
484 2706 552 2754 non
572 2681 699 2755 ludium
714 2710 722 2750 a
740 2682 886 2756 honoris
902 2682 1101 2777 impendere
1155 2684 1336 2754 videretur
1353 2687 1396 2755 de
1412 2685 1562 2776 presenti
1591 2683 1769 2759 infantium
1787 2686 1965 2761 amissione

219 2819 267 2873 ,ο
295 2779 500 2855 cerimonias
516 2807 525 2848 a
545 2790 613 2852 non
628 2780 784 2852 doloris.
806 2782 1031 2853 sacramentis
1044 2783 1106 2854 da·
1155 2779 1349 2853 conterrita
1366 2804 1376 2847 a
1408 2802 1483 2855 etat
1498 2804 1612 2855 tamen
1627 2785 1727 2856 beata
1744 2805 1805 2854 :ac
1819 2786 1862 2854 de
1876 2808 1964 2857 mar·

220 2884 227 2893 '
295 2896 549 2952 revotaanon
567 2875 760 2953 lachrimis.
784 2878 874 2968 Qia
888 2879 995 2971 ipsum
1011 2902 1105 2953 mor·
1157 2894 1275 2968 tyrum
1303 2879 1537 2973 perpetuitate
1564 2879 1679 2950 secura
1701 2917 1721 2947 .⁴
1753 2880 1962 2961 Dacunctis
1996 2893 2047 2972 75

296 2972 344 3048 tis
358 2973 489 3048 causam
517 2976 667 3048 habeant
696 2997 797 3069 quem
811 2999 964 3048 corone.
996 2977 1104 3071 ipsum
1154 2972 1303 3043 Domine
1323 2972 1355 3042 in
1371 2979 1437 3049 hoc
1465 2973 1546 3050 loco
1572 2974 1824 3046 contistentibut
1839 2979 1873 3047 &
1887 2979 1965 3051 uni·

295 3073 385 3146 odio'
399 3068 533 3147 conslet
551 3069 708 3144 interesse
721 3100 730 3140 a
745 3095 845 3163 quem
862 3066 995 3167 premio
1009 3120 1020 3142 .
1035 3075 1104 3145 Rc·
1153 3068 1252 3140 vetse
1279 3066 1370 3164 plebi
1385 3071 1474 3144 istius
1491 3071 1556 3143 loci
1575 3099 1584 3139 a
1614 3089 1653 3142 ut
1677 3071 1721 3144 sic
1751 3071 1897 3145 habeant
1915 3098 1963 3145 ex

296 3167 352 3241 ete
365 3170 457 3244 enim
473 3167 509 3239 in
533 3164 598 3240 illis
614 3168 866 3242 acredentibus
883 3170 1100 3243 laudabatur:
1153 3164 1267 3238 sancte
1281 3166 1355 3238 vite
1380 3166 1648 3243 conversatione
1672 3164 1844 3261 palmam:
1873 3171 1960 3243 sicut

218 3300 264 3376 25
294 3264 390 3339 iuter
419 3289 538 3361 quota
564 3264 842 3359 persequentibus
872 3268 1105 3362 querebatur.
1156 3261 1347 3335 babuerunt
1373 3264 1507 3360 parvuli
1523 3291 1568 3340 ex
1591 3264 1961 3358 partonevittoriam.

216 3369 241 3404 ''
293 3362 409 3437 Etiam
446 3381 614 3436 nocentes
638 3364 808 3439 Christum
834 3388 902 3440 non
938 3365 1106 3459 putabant
1156 3384 1228 3454 quo
1241 3383 1361 3435 eorum
1389 3365 1542 3435 meritisa
1571 3367 1606 3436 ἃ
1635 3359 1719 3433 salus
1743 3361 1959 3441 viventiuma
1995 3355 2044 3430 80

291 3459 393 3533 esset
427 3460 487 3533 niti
519 3457 611 3533 inter
640 3459 860 3537 innocentes:
885 3484 960 3536 cum
991 3481 1106 3536 tamen
1156 3457 1839 3560 &defunctorumrequiesimpettetut.

293 3558 364 3632 hoe
392 3581 459 3630 non
476 3557 618 3632 haberet
636 3558 816 3633 veneratio
843 3582 906 3654 pro
922 3560 990 3629 fide
1007 3590 1016 3628 ε
1046 3561 1103 3633 sed
1202 3560 1403 3653 13t·Atueu.

295 3654 467 3729 estimatio
489 3677 556 3749 pro
573 3673 691 3729 etate.
715 3660 814 3744 Qos
830 3660 965 3730 incerto
979 3653 1103 3731 salfitas
1433 3659 1437 3667 ’
1456 3663 1668 3754 stuporem.

218 3787 266 3875 3⁰
299 3753 468 3846 perdebat
485 3752 584 3839 ahos
604 3777 669 3845 pro
683 3774 781 3828 cetto
803 3755 932 3826 veritas
952 3754 1105 3851 acquire·
1263 3754 1329 3827 Eus
1359 3751 1417 3845 qui
1435 3756 1610 3848 martyrio
1637 3751 1867 3849 innocentium
1883 3758 1961 3850 pat·¹
2034 3760 2042 3771 ’

297 3851 359 3922 bat
375 3894 386 3916 ·
402 3849 467 3922 Ubi
481 3846 669 3923 crudelitas
684 3851 873 3946 impietatis
889 3850 1041 3925 errabat:
1058 3852 1103 3927 ibi
1279 3847 1439 3925 vulorum
1470 3853 1571 3924 trium
1597 3850 1712 3925 halem'
1725 3851 1814 3923 hunc
1838 3852 1960 3925 dietus
1994 3841 2040 3934 85

295 3942 440 4019 hostiam
455 3946 545 4019 suam
559 3944 747 4022 salvatoris
763 3948 870 4042 pietas
885 3947 1102 4044 agnoscebat.
1149 3946 1216 4017 effe
1239 3946 1343 4020 fecisti
1357 3973 1367 4014 a
1395 3950 1431 4019 δι
1445 3878 1600 4041 exempli
1625 3950 1667 4022 ad
1682 3949 1871 4044 augendam
1900 3971 1957 4018 ec-

294 4042 456 4116 Scientes*
471 4043 580 4138 igitur
596 4041 674 4118 illos
692 4073 701 4114 a
724 4044 770 4114 stc
786 4042 903 4117 melius
920 4045 1104 4123 moriendo
1152 4042 1252 4114 clefie
1272 4063 1331 4116 tue
1346 4044 1448 4117 fidem
1466 4042 1887 4139 proficientibustribuere
1904 4045 1958 4116 di·

294 4138 465 4212 treviae:
494 4140 631 4231 &quod
647 4160 728 4214 tunc
742 4142 834 4214 annis
863 4140 1000 4212 defuitt
1026 4160 1103 4220 non
1154 4161 1275 4236 gnatus
1299 4165 1336 4212 es
1367 4167 1377 4210 a
1411 4144 1491 4213 dum
1521 4140 1700 4215 beatimmi
1727 4140 1876 4214 infantes
1906 4139 1957 4214 illi

218 4270 263 4345 35
295 4236 428 4312 meritis
448 4235 586 4309 deesse·
616 4240 792 4338 Rogemus
808 4241 917 4331 utqui
940 4238 999 4311 sub
1023 4267 1103 4336 per·
1153 4239 1257 4312 etiam
1272 4239 1457 4332 pa'ssionem
1471 4240 1575 4312 hodie
1592 4253 1753 4335 prompte
1775 4241 1960 4312 vicerunt.

228 4369 232 4375 ·
297 4334 495 4407 secutorum
523 4333 676 4408 manibus
712 4337 825 4435 perire
852 4359 918 4406 non
944 4336 1103 4414 dubitant
1152 4338 1209 4409 Da
1226 4337 1303 4408 huic
1317 4334 1447 4432 populo
1463 4334 1880 4411 tuonominiconsecrato
1895 4359 1958 4430 per
1990 4352 2041 4421 90

293 4426 502 4527 parvuliain
515 4428 773 4526 supplicantium
792 4434 948 4532 precibus
961 4435 1107 4537 dignen·
1154 4430 1335 4508 consimilis
1372 4435 1481 4530 gratie
1507 4434 1764 4529 admirationem
1813 4436 1958 4505 merito·

292 4545 356 4601 tur
368 4525 579 4601 intervenire
593 4531 739 4626 persedi
757 4579 769 4607 .
1155 4555 1229 4605 rum
1243 4527 1397 4602 similium
1421 4531 1629 4626 dignitatem
1648 4558 1658 4598 a
1678 4550 1717 4600 ut
1727 4530 1768 4600 ad
1783 4530 1867 4602 hanc
1884 4527 1956 4600 san·

347 4636 398 4723 ξι.
412 4629 551 4699 Arnen.
1155 4627 1287 4703 erorum
1313 4627 1490 4701 infantium
1515 4625 1764 4701 beatitudinem
1788 4625 1823 4694 &
1841 4623 1958 4719 prose·

212 4756 267 4837 4⁰
597 4726 687 4802 Atia
699 4727 831 4801 orario.
1155 4726 1247 4801 dum
1262 4725 1341 4798 fidei
1356 4725 1391 4795 δι
1415 4724 1506 4819 pacis
1526 4723 1657 4820 semper
1675 4720 1861 4795 ascendat.

211 4825 236 4879 '·
398 4824 572 4912 Euscuius
588 4824 818 4901 misericordia
848 4853 910 4923 per
924 4843 1116 4922 utrumque·
1202 4827 1401 4913 raa-Amen.
1988 4835 2037 4908 95

421 4924 537 5000 sexum
559 4926 594 4997 ἃ
620 4947 832 5018 peromnem
849 4926 997 4999 cucurrit
1028 4946 1104 4998 eta·
1491 4918 1636 4994 tutatio.

299 5033 397 5090 terna
437 5021 486 5093 ita
516 5016 705 5116 plurimum
738 5022 922 5095 infantibus
953 5023 1107 5096 assedam
1268 5018 1437 5114 lgnutu&
1452 5021 1573 5101 iulium
1599 5013 1960 5111 estomnipotens‘Pa.

296 5134 442 5208 paterne
466 5117 611 5212 pietatis
638 5117 845 5214 indulgens:
866 5138 906 5191 ut
940 5117 1106 5215 parrulos
1281 5140 1359 5192 teta
1383 5139 1446 5190 nos
1465 5119 1525 5188 tibi
1543 5119 1671 5214 gratias
1687 5138 1792 5214 agere
1807 5114 1958 5208 sempera

211 5235 263 5323 ἢ,
299 5233 364 5282 nec
378 5215 422 5286 ab
436 5214 565 5310 Egipto
577 5215 690 5287 teneri
704 5216 848 5289 sineres:
867 5239 929 5288 nee
945 5219 986 5291 ab
999 5240 1104 5290 evan·
1154 5217 1188 5287 δι
1210 5215 1286 5294 lesu
1299 5213 1440 5286 Chrislo
1467 5212 1541 5289 filio
1557 5234 1620 5291 tuo
1634 5213 1792 5287 Domino
1816 5215 1931 5286 nolito
1949 5239 1959 5282 a

211 5312 214 5322 ’
297 5306 613 5476 galioprohiberia
637 5313 717 5385 dum
747 5311 965 5410 inlegecum
996 5315 1104 5409 patri·
1152 5318 1246 5399 cuius
1272 5312 1425 5406 suscepte
1446 5311 1481 5383 in
1512 5335 1614 5384 carne
1630 5307 1820 5400 nativitatis
1849 5309 1958 5381 infau-
1995 5326 2065 5378 100

322 5428 360 5476 us
386 5411 576 5482 evaderent
592 5412 752 5484 muudum
769 5438 778 5479 a
793 5411 829 5480 dc
843 5413 875 5482 in
892 5411 1001 5508 gratia
1028 5434 1103 5489 cum
1154 5409 1236 5486 tiam
1261 5412 1305 5483 lic
1336 5433 1397 5480 rex
1423 5409 1546 5504 impius
1560 5436 1597 5485 ac
1614 5410 1776 5503 profanus
1789 5403 1934 5498 expavit
1949 5431 1973 5476 a·

294 5503 463 5597 perfetta
493 5528 703 5581 vocarentur
730 5511 772 5580 ad
799 5529 969 5603 regnuma
998 5527 1102 5600 atque
1154 5527 1191 5580 ut
1205 5530 1393 5606 cogeretur
1408 5527 1586 5592 metuere,
1605 5531 1706 5599 quem
1719 5528 1788 5576 non
1804 5505 1959 5603 mereba-

295 5598 516 5680 institutione
541 5602 723 5678 dodlrine:
754 5604 954 5678 innocentia
979 5629 1102 5698 expers
1157 5623 1213 5678 tur
1228 5602 1411 5703 agnoscere
1428 5650 1439 5671 .
1463 5603 1504 5674 Et
1521 5605 1622 5675 habet
1638 5600 1845 5674 conscientia
1858 5604 1958 5680 deie-

211 5724 264 5804 ὀ
298 5695 378 5770 mali
413 5701 524 5775 forma
551 5702 774 5778 induceretur
797 5701 972 5796 exempli.
1000 5704 1103 5776 Dona
1153 5697 1957 5794 datrt’mendum:quemnonhabebatsnpem

295 5794 400 5869 nobis
416 5795 549 5871 famulis
564 5801 654 5872 tulta
683 5821 722 5871 ut
742 5796 873 5871 malicie
887 5802 1017 5872 viribus
1043 5801 1103 5872 de·
1152 5797 1204 5869 bia
1219 5802 1372 5895 peritura
1388 5797 1659 5881 «retemptare
1679 5795 1783 5891 ipsum
1802 5793 1957 5887 speciali·
1991 5811 2060 5886 105

295 5892 432 5969 fecati:
466 5895 500 5968 in
532 5895 625 5970 usum
653 5896 930 5991 concupiscentie
955 5898 1100 5970 carnalis
1151 5914 1205 5966 ter
1225 5899 1338 5991 petire
1365 5892 1489 5967 volens
1513 5921 1522 5962 a
1546 5917 1612 5988 quo
1632 5891 1790 5967 invenire
1819 5893 1926 5985 posset
1944 5894 1963 5979 t

294 5986 442 6066 invalidi
469 6019 481 6062 t
511 5990 692 6068 docibilem
722 5993 893 6067 servemus
921 5993 1103 6088 disciplinis
1154 5991 1288 6089 ignarus
1318 6016 1437 6066 omnes
1457 5995 1548 6077 juffit
1581 5990 1726 6065 infantes
1741 5991 1888 6065 interfici
1898 6018 1906 6055 a
1927 5992 1967 6067 fi.

291 6084 541 6286 voluntappm·
565 6094 650 6185 Qu
664 6115 832 6172 mensure
848 6091 959 6193 rigida
973 6094 1103 6197 neela?
1150 6091 1301 6189 fortuitu
1325 6090 1428 6194 usque
1460 6090 1502 6165 ad
1532 6089 1759 6261 ipistuseaput
1798 6088 1955 6166 membris

403 6190 459 6289 ἰῶ
483 6197 628 6294 ·Μθ“ΐε
745 6281 749 6287 ,
1543 6271 1547 6280 .
1894 6210 1956 6286 tt·
