4450 7209
426 757 480 850 '45
790 756 793 763 ’
912 733 1291 811 IN'FE'STO
1351 732 1644 813 S'ANCTI
1770 740 1778 755 ·

386 918 391 931 ,
523 844 765 921 Onliderantes
779 833 979 911 dilellillrmi
1001 832 1123 905 iratres
1147 833 1226 906 bea·
1274 832 1412 907 vitam:
1435 831 1482 903 ita
1494 853 1581 905 nunc
1597 830 1762 930 suffragio
1784 831 1870 907 suo:
1895 832 1932 905 dc
1949 833 2073 910 visen·
2102 868 2139 937 55

541 948 699 1019 tiffimurn
711 938 895 1015 iohannem
915 927 1105 1025 apostolum
1132 928 1223 1001 inter
1275 930 1360 1005 tium
1375 949 1552 1024 torpentes
1582 933 1707 1002 animas
1733 928 1890 1025 suscipiar
1906 933 1949 1003 ad
1964 933 2075 1008 virtu·

429 1066 564 1117 eeteros
590 1034 779 1111 sDomino
794 1026 867 1127 plus
887 1026 1070 1101 dilectum:
1099 1024 1224 1100 offera-
1273 1045 1363 1101 tem:
1391 1025 1824 1121 &debrndorumspitiru's
1839 1026 1999 1103 liberet:
2014 1054 2075 1124 pe.

426 1165 499 1215 mus
526 1140 585 1235 ipsi
610 1128 749 1204 Chrillo
762 1126 844 1199 Deo
858 1122 1082 1201 &Salvatori
1107 1122 1225 1197 nolito
1273 1122 1341 1199 nali
1352 1122 1578 1201 conditione.
1599 1124 1683 1213 Qo
1702 1148 1765 1219 per
1779 1123 1873 1198 illum
1889 1150 1910 1197 a
1927 1144 1962 1199 te
1978 1128 2072 1199 Deus

376 1268 395 1335 5
426 1224 926 1333 ungularisvifiinehostiam
942 1221 1104 1315 Oblpfilis
1121 1216 1223 1291 sanffl
1274 1242 1340 1298 tam
1369 1222 1443 1298 :ivi
1468 1242 1571 1311 quant
1594 1219 1746 1293 defundi
1772 1218 1915 1313 speciale
1940 1222 2073 1321 segan-

426 1328 568 1429 apostoli
583 1327 713 1399 sacrate
737 1320 966 1414 allumptionis
993 1317 1223 1391 memoriam.
1271 1321 1374 1391 deant
1400 1318 1563 1392 inveniffe
1579 1318 1793 1390 remedium:
1816 1340 1918 1411 quem
1935 1340 2070 1396 manere
2099 1334 2140 1401 60

424 1435 592 1506 Petentes
617 1422 658 1497 ab
671 1442 740 1493 eo:
762 1438 801 1491 ut
815 1420 905 1493 bunc
931 1416 1027 1487 nobis
1055 1414 1225 1487 concedat
1271 1415 1446 1511 predixisti
1461 1415 1570 1491 donec
1584 1413 1702 1490 venias
1716 1413 1977 1513 incorruptum.

424 1529 488 1598 else
520 1540 729 1625 patronum:
758 1538 860 1683 :finem
891 1510 984 1587 suum
1009 1506 1225 1623 voluitdile·
1324 1520 1523 1606 lthmen.
1969 1510 1974 1515 ’
2066 1524 2071 1530 ’

424 1622 518 1695 dium
548 1620 614 1691 effe
637 1612 773 1707 'discipu
791 1638 846 1687 um
873 1656 884 1679 ·
909 1609 1110 1703 Efficiatque
1147 1628 1227 1679 eum
1362 1642 1367 1651 ·

350 1744 395 1798 ιο
429 1717 562 1797 ruentis
589 1714 647 1785 evi
662 1708 947 1785 ssrstentatorem:
969 1728 1068 1799 quem
1080 1699 1146 1814 ⁰sni
1163 1727 1227 1799 pe·
1566 1706 1629 1781 'Au
1637 1724 1778 1805 pacem.

356 1866 359 1875 ·
424 1815 530 1889 uoti:
556 1810 638 1883 fecit
658 1808 814 1883 recubam
838 1804 904 1877 eu:
925 1853 936 1876 .
959 1804 1151 1876 Exaudtens
1177 1796 1222 1872 il·
1732 1830 1763 1841 ·-

357 1898 368 1917 '
424 1911 493 1987 lum
522 1932 588 2003 pro
606 1906 761 1980 membris
787 1903 893 1976 totius
919 1898 1090 1973 Ecclefie:
1119 1918 1221 1993 quem
1331 1901 1335 1915 ‘
1376 1901 1522 1976 Ovimus
1535 1901 1686 1977 Domine
1704 1904 1795 1995 quod
1822 1923 1892 1997 pas
1915 1897 2077 1981 multalie

423 2008 541 2081 matris
559 1996 1035 2096 suevoluitcuramlaabereg
1398 1998 1619 2097 diligentibus
1650 2020 1780 2071 nomer:
1811 2018 1935 2071 tuum:
1963 2021 2075 2090 neque

438 2142 444 2153 ·
475 2118 524 2196 52.
537 2106 645 2177 Amen
662 2144 674 2171 ·
1276 2098 1319 2168 lit
1334 2098 1369 2169 in
1382 2093 1446 2168 illis
1460 2096 1671 2171 scandalum:
1697 2097 1795 2171 licuti
1819 2096 1966 2207 latemur
1980 2092 2076 2168 firilie

349 2232 392 2303 η
437 2324 442 2333 ·
508 2320 516 2335 ·
713 2251 804 2367 ¹:Alit
819 2290 934 2369 Oratio
948 2336 961 2363 ·
1209 2321 1214 2330 ¹
1268 2191 1952 2400 ilonhatirieaiicinitiiioiiiiidgnilieiiledcli
1968 2191 2078 2364 :eiii
2103 2320 2145 2396 70

604 2458 608 2465 .
1045 2417 1047 2423 ’
1271 2408 1329 2458 ms
1350 2384 1487 2462 rivulos
1521 2386 1682 2460 hauriens
1718 2388 2011 2482 predicatorum:
2042 2386 2078 2457 in

518 2487 621 2566 Enitc
635 2488 779 2590 ingeniti
804 2485 892 2561 filius
901 2484 970 2561 Dei
998 2478 1139 2559 summi:
1166 2473 1226 2574 qui
1269 2505 1479 2558 motmunt:
1507 2508 1575 2557 non
1590 2482 1698 2559 lolam
1721 2485 1875 2560 sermone
1898 2481 2074 2581 diligere:

527 2590 672 2663 -saetum
689 2586 772 2662 illud
789 2588 979 2663 archanum
995 2578 1147 2679 pedon:
1174 2575 1227 2685 tui
1275 2579 1334 2652 sed
1346 2604 1452 2679 opere
1464 2582 1501 2653 dc
1515 2578 1690 2657 veritate.
1709 2582 1819 2669 Cujus
1832 2579 1981 2653 veridica
1994 2603 2077 2676 pre·

347 2717 395 2771 20
428 2687 554 2761 diledlo
589 2708 652 2762 tuo
674 2684 820 2764 iohanni
850 2676 1008 2775 apostolo
1048 2672 1225 2749 reserallt:
1274 2675 1555 2773 :eptisannione
1572 2678 1797 2753 commoniti:
1822 2694 1860 2748 te
1874 2674 2075 2771 impliciter

427 2806 503 2859 cum
534 2786 567 2857 in
604 2784 674 2856 finu
691 2803 762 2858 -tuo
790 2782 951 2855 recubans
975 2769 1148 2871 evangelii
1176 2767 1226 2841 sui
1274 2777 1456 2869 quesumus
1478 2775 1529 2848 lili
1550 2774 1645 2849 Dei:
1665 2778 1708 2848 'ut
1735 2800 1778 2849 ea
1804 2794 1867 2845 non
1891 2773 1994 2847 facias
2011 2774 2076 2847 im·
2103 2803 2144 2884 75

430 2882 559 2955 fluenta
584 2904 628 2951 ex
643 2880 718 2978 ipso
746 2877 893 2975 pectoris
910 2874 958 2949 sui
982 2874 1080 2948 fonte
1096 2864 1225 2941 hauriri
1272 2870 1371 2969 plere
1382 2896 1451 2967 que
1469 2874 1649 2968 predicat:
1668 2896 1708 2944 ea
1728 2874 1828 2943 dete
1849 2868 1980 2943 sentire
2008 2892 2077 2964 que

430 2978 651 3074 promeruit.
673 2980 726 3048 Tu
740 3001 810 3052 nos
823 2974 956 3045 intuere
973 2966 1148 3066 propicius
1163 2992 1173 3032 :
1187 2980 1227 3037 ut
1272 2968 1345 3065 ipse
1357 2968 1490 3044 sentit:
1512 2994 1553 3041 ea
1578 2970 1726 3043 veritate
1741 2973 1777 3041 δι
1792 2985 1830 3038 te
1842 2964 1992 3062 diligere
2009 2997 2021 3037 :
2043 2970 2078 3039 ἃ

424 3093 537 3169 perte
559 3074 676 3149 abdita
691 3069 965 3172 cognoscamus:
990 3090 1053 3164 per
1068 3082 1104 3134 te
1133 3063 1226 3135 boun
1272 3065 1453 3161 atediligi
1470 3088 1678 3147 mereamur:
1704 3088 1771 3157 qua
1788 3062 1859 3158 ipse
1874 3063 1932 3134 vel
1956 3082 1995 3135 te
2025 3064 2078 3134 di·

345 3196 391 3268 ²5
425 3194 490 3265 que
517 3172 777 3247 manifestasunt
804 3164 1027 3261 impleamus.
1053 3160 1219 3234 Relerans
1270 3158 1382 3236 lenit:
1400 3161 1455 3238 vel
1477 3162 1688 3239 ateconstat
1707 3156 1950 3235 esculentus.
1977 3163 2026 3233 Ut
2040 3163 2076 3233 in

341 3262 344 3269 ⁴
422 3266 523 3342 nobis
547 3268 695 3362 penori:
723 3268 772 3339 tui
787 3261 953 3340 occulta:
981 3255 1223 3367 quibus-polli-
1271 3281 1357 3355 paee
1372 3260 1700 3356 viventes:&pacis
1714 3255 2078 3425 glor-iamampleden·
2104 3269 2142 3340 80

421 3388 495 3441 illus
508 3366 740 3461 &ignosceres
765 3364 800 3434 iil
813 3359 1026 3433 conditionis
1035 3354 1153 3428 ‘nollet
1168 3374 1224 3423 ln·
1271 3375 1346 3429 tes:
1362 3360 1404 3432 ad
1422 3378 1458 3431 te
1473 3360 1709 3451 perveniamus
1724 3354 1886 3428 ftufflbus
1901 3352 1999 3447 peni
2015 3379 2077 3451 pa·

418 3462 642 3537 firmitatem:
656 3464 691 3533 δι
705 3460 749 3533 ad
765 3449 1221 3546 tuedivinitatisperuenire
1274 3455 1323 3525 cis
1339 3482 1349 3524 ε
1364 3458 1400 3529 dr
1412 3452 1515 3549 copia
1529 3452 1803 3548 benedictionis,

423 3556 683 3653 cognitionem.
699 3554 912 3627 Manifestans
926 3554 970 3624 de
986 3548 1118 3643 :oquin
1130 3567 1222 3624 ame
1320 3566 1369 3649 132.
1382 3558 1519 3629 Amen.
1624 3586 1627 3591 ·

344 3679 392 3751 30
423 3676 516 3727 mus:
547 3652 750 3733 indicansde
767 3650 865 3725 nobis
885 3652 966 3741 quid
986 3644 1220 3741 corrigamus·
1565 3660 1569 3665 ·

314 3806 318 3817 .
423 3746 619 3839 Qohujua
640 3746 753 3823 dilecti
771 3748 821 3821 tui
849 3746 1040 3843 suffragiis:
1070 3738 1220 3813 moribus
1597 3746 1745 3823 inlatio·¹
2104 3752 2141 3839 85
2182 3801 2183 3820 r

420 3844 544 3919 nostris
571 3844 610 3919 in
632 3844 751 3923 melius
781 3844 1025 3921 commutatis:
1062 3838 1219 3935 aufugiat

420 3942 542 4036 pellis:
563 3944 730 4041 dispereat
745 3940 911 4043 languor:
928 3935 1075 4037 pellatur
1092 3956 1220 4008 mucro.
1381 3939 1503 4040 ignum
1537 3946 1575 4017 δι
1612 3947 1731 4028 justum
1761 3944 1811 4015 est
1848 3937 2076 4035 omnipotens

424 4038 598 4134 Quicquid
612 4040 792 4115 adversum
818 4043 865 4113 est
877 4038 957 4115 fidei
971 4032 1144 4109 christiane
1168 4032 1221 4103 in·
1392 4040 1487 4111 Deus
1502 4068 1512 4109 ε
1528 4041 1589 4115 tibi
1605 4040 1639 4113 in
1652 4039 1808 4113 omnibus
1821 4062 1858 4111 ac
1875 4062 1942 4132 pro
1954 4039 2074 4111 omni·
2181 4073 2182 4142 ρ

344 4160 389 4234 35
422 4152 560 4210 tereat:
577 4136 743 4233 :quicquid
757 4137 980 4233 prosperum:
995 4126 1220 4205 convalescat·
1270 4136 1333 4205 bus
1360 4133 1549 4211 sanilorum
1576 4160 1716 4212 tuorum
1741 4135 1895 4213 meritis:
1923 4158 1970 4205 ex
2005 4134 2072 4208 tuis

419 4235 617 4306 Arctantur
642 4237 773 4313 fames:
806 4234 963 4307 sedentur
990 4226 1067 4300 lites
1090 4252 1100 4291 ε
1122 4227 1223 4297 here·
1269 4229 1400 4304 scilicet
1426 4234 1529 4307 donis
1553 4256 1719 4329 quantum
1743 4231 1913 4330 possumus
1939 4231 2075 4327 semper
2101 4262 2143 4329 9:

422 4324 494 4401 sum
529 4326 757 4407 obtrudantur
779 4330 971 4405 ,fautoreh
1009 4323 1222 4397 Fecundetur
1269 4352 1376 4423 agere
1396 4332 1556 4423 gratias:
1580 4332 1719 4425 tuasque
1749 4330 1926 4428 predicare
1955 4330 2074 4401 virtu·

420 4421 575 4521 frugibus
602 4444 720 4500 terra:
736 4426 900 4502 vestiatur
925 4419 1110 4500 virtutibus
1152 4418 1223 4491 ani·
1272 4444 1352 4496 tes.
1382 4428 1453 4517 Qi
1465 4428 1620 4503 excelsus
1631 4425 1770 4503 humilia
1783 4424 1942 4521 respicis:
1956 4430 1998 4498 δι
2016 4444 2072 4498 at-

420 4545 502 4595 ma:
526 4520 869 4616 atquecunllsnobis
882 4524 920 4595 in
947 4538 1125 4596 commune
1142 4538 1221 4609 pro·
1271 4518 1365 4595 tollis
1375 4522 1521 4598 humiles
1536 4530 1573 4599 in
1593 4525 1764 4599 excellis.
1792 4526 1862 4612 Q:
1876 4522 1979 4593 nobis
2000 4522 2075 4617 poll

341 4644 390 4718 40
421 4618 564 4693 veniant
579 4619 667 4692 bona
683 4622 787 4711 ·Qo
810 4614 1095 4695 tibi'Deonollro
1111 4611 1222 4686 fideli·
1269 4620 1574 4699 manifestationem
1584 4616 1736 4697 incarne
1758 4619 1994 4715 redemptoris
2007 4642 2072 4691 no·
2179 4655 2180 4706 n

421 4732 476 4787 ter
491 4712 707 4789 servientes:
728 4723 764 4793 δι
774 4714 825 4787 his
839 4719 908 4789 fine
919 4728 1069 4812 peccato
1085 4730 1220 4783 utamur
1269 4716 1326 4789 llri
1341 4716 1479 4794 Domini
1490 4721 1565 4805 lesu
1580 4718 1705 4793 Chritli
1721 4718 1937 4792 saltatorius
1967 4712 2074 4788 verbi
2097 4744 2138 4815 95

419 4812 603 4883 eoneeffis:
626 4813 752 4911 &post
778 4809 906 4889 deliciis
925 4813 1083 4905 fruamus
1096 4827 1218 4881 eterne
1266 4814 1528 4909 predicatores:
1553 4816 1661 4888 censu
1698 4838 1865 4911 pauperes
1894 4814 2071 4908 :Spiritu
2177 4811 2180 4858 ἓ

418 4904 632 4998 POlstffiouis
645 4954 660 4977 ·
1271 4908 1396 5011 Sandlo
1410 4909 1599 5013 locupletes
1613 4941 1622 4983 :
1644 4912 1813 5008 apollolos
1827 4907 2073 5005 predestinasti·
2178 4893 2179 4988 l

467 5008 660 5091 Mmtu-
713 5069 715 5075 ,
1269 5005 1368 5079 Inter
1385 5012 1473 5101 'quos
1502 5002 1996 5106 gloriossssimus'ffivangelilla
2015 5011 2072 5082 lo-
2177 5083 2178 5106 ρ

336 5122 385 5199 45
1269 5102 1396 5177 hannes
1411 5104 1566 5179 tourins
1585 5109 1726 5199 vitaque
1755 5106 1892 5200 infignis
1920 5102 2073 5195 multum

622 5194 858 5282 Pollentina}
886 5206 1029 5278 oratio.
1267 5200 1424 5275 emicuit:
1437 5203 1499 5296 vqui
1524 5204 1559 5275 in
1579 5205 1729 5297 exordio
1754 5197 1927 5299 evangelii
1954 5200 2010 5271 sui
2035 5200 2070 5270 in
2101 5230 2159 5281 100

1267 5298 1438 5393 principio
1451 5299 1594 5375 verbum
1606 5322 1700 5374 tuum
1713 5303 1802 5397 apud
1819 5319 1854 5369 te
1870 5304 1987 5371 Deum
2003 5298 2069 5368 effe
2176 5325 2177 5332 ¹

478 5388 540 5462 usu
553 5390 632 5467 Rex
656 5394 769 5466 noller
787 5395 823 5465 :ir
838 5393 1009 5467 Domine:
1035 5394 1091 5489 qui
1109 5420 1146 5469 es
1161 5397 1217 5473 ui·
1264 5392 1398 5489 semper
1419 5398 1565 5471 docuit.
1589 5399 1657 5469 Cui
1672 5398 1845 5472 Dominm
1872 5401 1942 5481 jam
1956 5392 2070 5468 cruci·

485 5506 521 5561 ta
532 5486 738 5565 mortalium:
755 5510 792 5563 tu
810 5489 884 5585 spes
899 5490 994 5567 unica
1018 5493 1216 5589 redempto·
1260 5491 1355 5564 finus
1381 5516 1480 5585 quem
1506 5492 1651 5571 celibem
1685 5493 1840 5592 elegerat
1869 5522 1879 5561 ε
1920 5511 2069 5565 matrem

342 5602 387 5675 50
423 5604 522 5655 rum:
546 5582 673 5680 suscipe
689 5585 969 5661 botsacrificiunt
985 5590 1080 5686 quod
1097 5590 1160 5663 tibi
1178 5590 1214 5663 in
1258 5588 1353 5664 luam
1370 5591 1540 5687 virginem
1569 5595 1856 5675 commendavit:
1882 5590 1983 5680 eique
2010 5610 2068 5659 re·
2175 5589 2176 5592 ’

417 5679 585 5753 honorem
606 5681 771 5759 lobannis
796 5680 941 5779 apostoli
972 5686 1024 5759 tui
1051 5688 1212 5761 dedican—
1263 5683 1441 5759 velatione
1460 5686 1604 5761 mirifica
1635 5690 1716 5781 quid
1746 5687 1883 5780 myllice
1915 5689 2064 5759 doceret
2099 5708 2161 5775 105·

415 5776 494 5887 dum
510 5778 673 5885 offertur:
690 5805 727 5853 ac
739 5780 847 5877 prelia
859 5782 1035 5879 propicius
1049 5810 1059 5851 ε
1075 5802 1113 5857 ut
1126 5784 1212 5857 licut
1255 5782 1431 5856 ostendit.
1465 5786 1576 5873 Qern
1603 5784 1673 5856 fine
1695 5788 1859 5860 effufione
1891 5780 2065 5878 sanguinis

416 5870 501 5945 olam
522 5872 766 5976 idemdileclus
784 5895 860 5951 tuus
883 5878 1032 5972 presenti
1048 5880 1080 5952 in
1096 5878 1212 5953 seculo
1258 5879 1413 5952 efficiens
1451 5877 1636 5975 gloriosum
1665 5884 1768 5979 usque
1802 5883 1844 5955 ad
1868 5880 2063 5953 adventum

257 6054 262 6067 p
411 5968 569 6061 degens:
601 5972 793 6049 exanimata
806 5995 953 6071 corpora
975 5975 1213 6057 revoewitad
1259 5974 1317 6051 sue
1346 5974 1511 6054 claritati:
1537 5979 1717 6058 construat
1742 5980 1876 6056 ibimet
1901 5976 2065 6049 incorru-

1933 6093 2061 6171 ptum.

2100 1819 2140 1907 ⁶5
