4450 7209
285 699 463 804 260st
667 705 1568 794 tuotuururecosras.

288 818 448 894 vatc=&
461 840 529 917 ego
543 818 677 916 rogabo
694 811 1009 894 Patremzudium
1026 815 1090 886 l’a·
1132 876 1136 883 .
1375 876 1378 881 .
1558 898 1560 903 Ι
1743 854 1747 862 -

288 916 443 992 raclitum
460 918 554 990 dabit
569 919 695 991 vobisc
713 937 750 990 ut
767 937 898 991 maneat
912 909 1090 987 vobiscum
1407 910 1529 1006 Incipit
1553 897 1675 999 Mrffa.

283 1013 976 1112 iueternum·Spititumveritatisquem
992 1032 1090 1081 mun·
1161 1068 1163 1073 .
1553 1074 1555 1079 .

284 1112 347 1185 dus
373 1135 442 1183 non
473 1115 581 1206 potest
609 1113 763 1206 accipere
792 1112 870 1207 quia
904 1132 972 1181 non
989 1107 1090 1180 videt
1253 1110 1364 1182 Uauta
1379 1100 1548 1202 possumus
1565 1105 1689 1179 sratres
1708 1098 1894 1178 eharimmi
1909 1102 1951 1173 li·

236 1232 256 1305 5
284 1231 361 1282 eum
373 1232 437 1281 nec
453 1207 515 1282 scit
528 1234 605 1283 euru
619 1259 631 1281 .
646 1212 717 1284 Vos
735 1230 851 1284 autem
877 1204 1089 1306 cognovistis
1288 1209 1344 1278 det
1358 1203 1554 1278 intentione
1570 1230 1580 1273 a
1597 1202 1753 1276 virtutes
1776 1201 1908 1297 gaudio
1938 1225 1950 1268 a

285 1304 482 1400 eumsquia
495 1310 585 1404 apud
599 1332 664 1383 vos
678 1307 889 1384 manet&in
905 1305 1092 1379 vobisest.
1134 1349 1138 1356 -
1299 1300 1748 1397 exultatione.preconio·
1769 1296 1944 1386 devotio·
1971 1304 2015 1373 60

283 1403 366 1475 Non
382 1400 571 1498 relinquam
587 1433 651 1481 vos
669 1411 844 1501 orphanos
862 1436 870 1471 a
886 1405 1022 1478 veniam
1039 1402 1082 1476 atl
1135 1428 1205 1478 ne:
1233 1401 1421 1496 obsequio:
1445 1401 1597 1496 puritate
1615 1429 1624 1470 a
1655 1395 1813 1494 promissa
1846 1397 1946 1469 nobit

283 1523 375 1576 vos.
393 1505 518 1581 Adhuc
532 1507 705 1580 modicum
720 1508 755 1578 dt
777 1505 918 1578 mundus
936 1526 989 1576 me
1016 1505 1084 1588 iam
1134 1499 1320 1598 persillum
1335 1498 1413 1575 Deis
1430 1496 1544 1573 sancti
1561 1497 1711 1591 Spiritus
1726 1497 1948 1569 muueraho·

283 1622 353 1672 non
369 1600 469 1673 videt
498 1633 508 1673 t
541 1626 606 1675 vos
623 1619 735 1676 autem
767 1602 891 1674 videtis
916 1625 969 1675 me
986 1598 1089 1692 aquia
1139 1602 1195 1674 die
1212 1597 1396 1673 transmitra
1413 1597 1625 1692 predicemus
1640 1592 1855 1666 0Resetetur
1883 1615 1947 1666 no·

213 1725 259 1779 10
285 1721 357 1795 ego
373 1697 458 1771 vivo
477 1726 486 1767 r
502 1703 536 1772 &
553 1725 616 1773 vos
639 1700 796 1772 vivetis.
816 1701 851 1770 ln
870 1694 931 1769 illo
956 1698 1088 1773 dievos
1139 1703 1285 1774 strotum
1310 1718 1482 1794 compago
1508 1694 1676 1769 viscerum
1703 1739 1714 1762 .
1744 1695 1949 1788 purgentur

286 1795 501 1892 cognoscetis
515 1820 567 1871 me
583 1798 682 1892 aquia
712 1822 782 1896 ego
812 1801 843 1870 in
861 1798 960 1869 Patre
979 1818 1087 1868 meo:
1137 1797 1245 1872 corda
1259 1794 1546 1867 credentiums&
1570 1809 1844 1886 pateantomoes
1871 1790 1945 1860 sen·
1971 1793 2010 1884 65

286 1896 322 1964 δε
337 1916 402 1966 vos
416 1893 450 1964 in
466 1917 520 1966 me
537 1903 592 1971 a&
607 1919 675 1992 ego
690 1894 724 1965 in
746 1896 868 1968 vobis.
889 1893 958 1978 Qi
983 1893 1088 1965 habet
1138 1897 1192 1968 sus
1207 1921 1217 1963 a
1234 1912 1338 1985 atque
1365 1891 1507 1964 recessus
1532 1890 1721 1963 animorum
1737 1935 1749 1957 ·
1763 1888 1858 1980 Quia
1888 1911 1949 1958 ne·

285 1991 443 2065 mandata
460 2015 534 2065 mea
549 1999 583 2067 δι
598 1994 713 2065 servat
729 2017 794 2063 eas
811 1991 866 2064 ille
883 1993 929 2061 ell
958 1991 1015 2080 qui
1032 1988 1087 2060 di·
1136 2012 1301 2092 quaquam
1316 1989 1463 2062 immenfi
1476 1986 1612 2062 laudem
1625 2007 1726 2080 atque
1739 1987 1944 2058 adventumr

286 2083 368 2186 ligit
386 2111 441 2159 me
459 2094 551 2181 .Qi
569 2111 682 2165 autem
694 2087 810 2186 diligit
836 2112 887 2160 me
904 2116 914 2156 a
931 2085 1087 2183 diligitur
1139 2089 1283 2189 pedona
1298 2087 1584 2186 angullanarrate
1598 2079 1857 2156 sufficiunt.llle
1872 2104 1947 2154 ete-

212 2209 256 2287 15
283 2190 420 2261 aPatte
436 2211 513 2263 meo
530 2216 539 2258 ε
556 2191 590 2262 dt
605 2212 649 2262 eo
662 2185 799 2284 diligam
814 2211 891 2259 eum
908 2211 917 2255 t
932 2190 966 2257 δι
981 2185 1085 2258 mani·
1134 2190 1203 2262 nim
1218 2185 1361 2261 consors
1377 2185 1502 2261 tanin
1517 2180 1644 2257 &Filii
1661 2182 1756 2254 unius
1772 2182 1947 2265 ejusdem·

287 2282 419 2357 festabo
435 2287 466 2355 ei
495 2311 549 2361 me
578 2285 684 2380 ipsum
699 2333 709 2354 .
723 2285 817 2362 Dicit
843 2284 872 2353 ei
887 2287 986 2359 ludas
1015 2305 1083 2355 non
1134 2311 1200 2382 que
1219 2283 1399 2357 substantie
1414 2282 1537 2356 tertius
1555 2280 1588 2352 in
1603 2277 1836 2375 personarsed
1854 2301 1940 2352 unus
1969 2304 2009 2378 70

284 2378 342 2453 ille
357 2381 554 2456 Scariothes
569 2382 745 2456 :Domine
762 2412 771 2455 a
786 2382 866 2476 quid
893 2378 1018 2452 sudium
1038 2378 1086 2450 est
1135 2385 1169 2458 in
1187 2381 1321 2480 gloria·
1337 2386 1451 2475 Qem
1467 2378 1622 2454 celorum
1652 2401 1758 2475 regna
1783 2399 1858 2450 non
1887 2398 1945 2449 ca·

285 2478 364 2571 quia
380 2478 477 2552 nobis
494 2482 765 2556 manifestaturus
791 2504 829 2551 es
844 2500 880 2554 te
897 2478 1005 2572 ipsum
1019 2506 1028 2545 a
1050 2477 1085 2548 δι
1137 2484 1254 2578 piunta
1265 2480 1343 2572 quia
1356 2503 1425 2554 non
1441 2502 1519 2550 eunt
1532 2475 1812 2554 circumscribunt
1825 2497 1941 2565 neque

282 2597 355 2648 non
371 2580 495 2647 mundo
513 2577 835 2673 ?Responditlesus
852 2583 887 2651 &
905 2577 996 2648 dixit
1026 2573 1058 2646 ei
1076 2618 1087 2643 ι
1136 2579 1318 2653 claudunta
1336 2578 1439 2652 hodie
1455 2578 1496 2649 ad
1511 2578 1685 2671 angustum
1702 2575 1819 2648 cordis
1838 2571 1942 2645 nostri

209 2700 258 2750 ao
286 2672 409 2765 Siquis
437 2673 552 2773 diligit
570 2699 622 2748 me
637 2703 645 2746 t
662 2675 850 2750 sermonem
879 2699 990 2750 meum
1018 2672 1088 2743 ser·
1136 2677 1310 2751 descendit
1325 2673 1513 2772 hospitium
1527 2723 1538 2745 .
1552 2677 1593 2746 Et
1607 2673 1681 2769 quis
1696 2673 1848 2748 nostrum
1874 2672 1943 2742 fra·

284 2789 346 2843 vat
362 2799 371 2841 ι
385 2775 420 2843 &
434 2774 537 2846 Patet
552 2797 646 2848 meus
661 2771 784 2870 diliget
797 2795 889 2849 eum:
900 2776 934 2846 &
948 2771 991 2844 ad
1007 2792 1086 2842 eum
1140 2795 1210 2850 tres
1225 2774 1427 2850 dilettimmi
1442 2769 1501 2845 tali
1519 2772 1711 2867 sedignum
1728 2769 1867 2864 hospite
1887 2790 1942 2839 re·
1966 2788 2004 2862 75

285 2869 737 2947 veniemus&manlionem
753 2870 840 2967 apud
874 2894 951 2945 eum
983 2868 1087 2942 sacie·
1137 2873 1317 2969 cognoscit
1348 2877 1364 2941 l
1396 2870 1483 2966 Qis
1523 2870 1697 2966 condigna
1736 2864 1937 2944 advenienti

281 2985 356 3038 mus
370 3013 381 3035 .
393 2969 463 3059 Ql
477 2986 546 3039 non
563 2967 621 3040 dili
650 2969 675 3043 it
692 2993 747 3041 me
761 2997 770 3038 a
786 2970 957 3044 sermones
987 2988 1082 3039 meos
1132 2971 1293 3045 exhibeat
1308 2967 1468 3044 alimenta
1483 2973 1498 3037 ?
1511 2971 1600 3042 Cum
1616 2965 1887 3061 &Angelorum
1903 2962 1937 3033 δί

283 3083 356 3135 non
370 3066 532 3140 observat
544 3067 605 3140 ·Et
621 2995 811 3142 ietmonem
823 3092 923 3159 quem
938 3064 1083 3142 audillist
1133 3063 1450 3164 Archangelotu'm:
1465 3070 1501 3140 &
1517 3067 1668 3143 omnium
1682 3065 1859 3137 Virtutum
1884 3082 1937 3129 ce·

206 3185 229 3239 a
234 3185 254 3256 5
285 3181 355 3231 non
369 3165 416 3234 est
432 3186 524 3238 meus
540 3190 549 3233 z
564 3162 621 3237 sed
636 3166 779 3263 ejusqui
794 3165 880 3238 misit
894 3190 946 3240 me
962 3160 1085 3239 Patris.
1133 3163 1262 3239 lethum
1279 3166 1349 3260 ipse
1362 3167 1403 3239 stt
1420 3168 1514 3237 vita·
1534 3167 1575 3237 Et
1592 3168 1673 3238 ideo
1698 3164 1775 3255 quia
1796 3182 1860 3230 nos
1880 3158 1939 3228 im·

283 3259 360 3331 Hec
372 3257 510 3334 locutus
522 3259 593 3336 sum
610 3266 711 3337 vobis
724 3265 813 3360 apud
831 3287 895 3337 vos
919 3284 1083 3336 manens.
1134 3288 1231 3359 pares
1262 3262 1321 3336 tali
1350 3263 1549 3337 habitatore
1582 3259 1823 3357 cognoscimus
1854 3283 1864 3324 a
1905 3274 1939 3327 ut
1962 3259 2002 3331 80

285 3353 476 3430 Paraclitus
505 3379 619 3433 autem
646 3361 790 3457 Spiritus
818 3359 958 3434 Sanetus
983 3382 1084 3456 quem
1135 3361 1168 3434 in
1183 3362 1279 3434 nobis
1293 3359 1404 3434 locum
1421 3357 1604 3434 habitaculi
1625 3358 1755 3433 stbimet
1773 3371 1938 3451 preparet

285 3452 408 3529 mittet
424 3458 529 3531 Pater
546 3459 580 3531 in
596 3460 736 3533 nomine
750 3481 829 3533 meo
845 3484 855 3526 t
869 3455 928 3531 ille
944 3481 1006 3529 vos
1020 3458 1085 3529 do.
1135 3459 1437 3555 supplicemusmjt.
1453 3460 1597 3530 chorus.
1613 3461 1724 3529 Amen
1739 3501 1749 3521 .
1764 3453 1845 3549 lpso
1862 3474 1940 3542 pre·

286 3552 380 3625 tebit
394 3555 573 3628 omniat&
586 3555 750 3653 suggeret
764 3554 867 3632 vobis
878 3555 992 3630 omnia
1006 3577 1088 3648 que·
1137 3561 1242 3631 stante
1256 3558 1316 3651 qui
1333 3554 1365 3626 in
1378 3555 1547 3630 Trinitate
1563 3578 1648 3627 unus
1664 3557 1760 3626 Deus
1775 3549 1888 3628 vivit:
1905 3553 1941 3621 δι

208 3670 257 3748 30
285 3672 428 3742 cumque
445 3652 570 3726 dixero
585 3657 685 3728 vobis
701 3701 711 3721 .
725 3657 847 3729 Pacem
862 3678 969 3728 meam
987 3652 1088 3726 relin-
1136 3675 1259 3752 regnat
1287 3656 1323 3729 in
1352 3650 1462 3730 secula
1493 3649 1685 3729 seculorum
1703 3697 1715 3722 .

217 3798 219 3803 -
285 3769 354 3842 quo
368 3748 630 3846 vobistpacem
657 3752 836 3826 meamdo
864 3751 1087 3826 vobis.Non
1965 3749 2005 3842 85

285 3849 462 3938 quomodo
474 3852 615 3925 mundus
629 3853 787 3948 dataego
802 3850 850 3922 do
866 3850 967 3926 vobis
982 3895 992 3918 .
1009 3848 1087 3919 Non
1190 3866 1239 3943 Bt.
1254 3852 1375 3929 chorus
1390 3899 1401 3924 .
1414 3853 1525 3931 Amen
1542 3896 1554 3922 .

285 3943 445 4017 turbetur
473 3968 536 4044 cot
561 3949 705 4022 velitum
719 3975 729 4016 a
744 3959 865 4043 >neque
898 3946 1089 4022 formidet.

287 4042 653 4134 ljt.choras.tlmen.
787 4069 794 4084 ·

110 4155 112 4158 ⁴
205 4154 253 4237 '35
336 4140 398 4207 Hic
410 4141 501 4210 dicat
517 4140 891 4219 messuermoninus
904 4144 945 4217 fit
958 4143 1091 4235 semper
1423 4149 1669 4227 minoratio.

287 4232 486 4306 vobiscum.
1965 4259 2014 4324 90

337 4345 386 4426 Bt·
398 4331 439 4403 Et
455 4355 555 4408 ⁶⁰¹³·
1252 4339 1381 4421 Ramus
1395 4345 1567 4419 indesellis
1596 4343 1751 4438 precibus
1778 4345 1943 4435 omnipo-

1261 4442 1406 4518 tentiam
1436 4462 1526 4517 tuam
1550 4470 1560 4509 a
1582 4444 1677 4514 Deus
1702 4440 1815 4516 sancte
1843 4443 1946 4515 Pater
1977 4518 1982 4525 ,

336 4530 474 4638 {fulla-
492 4526 644 4643 Allelui²
659 4577 670 4600 ·
685 4531 732 4624 tl·
751 4535 804 4608 0²
830 4534 925 4607 n0bi³
940 4530 1089 4606 DOmisse
1138 4543 1361 4636 omnipotens
1376 4572 1385 4613 a
1400 4559 1439 4615 ut
1454 4539 1585 4637 repleas
1603 4565 1667 4616 nos
1687 4556 1827 4614 munere
1862 4533 1942 4610 Uni·

208 4651 258 4727 40
288 4617 435 4696 leticiam
454 4622 605 4699 salutans
626 4629 675 4699 tui
690 4659 700 4699 a
718 4635 752 4705 dt
769 4632 891 4726 spiritu
910 4629 1088 4728 principali
1140 4641 1249 4736 geniti
1273 4642 1349 4715 tuis
1369 4640 1497 4738 gaudio
1510 4636 1725 4713 inenarrabili
1743 4667 1752 4706 ε
1769 4633 1944 4713 visitatio·

210 4768 217 4781 “
288 4721 449 4799 ‘Olfiiffla
464 4747 527 4798 ¹¹0⁵
540 4772 550 4795 ·
565 4737 608 4797 Ῥ·
623 4724 772 4815 Alleluia
787 4776 798 4800 ·
1138 4762 1195 4808 ne:
1210 4756 1312 4830 atque
1325 4738 1564 4814 vivificatione
1579 4736 1628 4809 tui
1646 4759 1749 4834 atque
1764 4740 1839 4822 ejus
1856 4732 1939 4825 Spi·
1966 4742 2010 4817 95

759 4887 763 4895 ,
1139 4836 1224 4907 ritus
1239 4838 1362 4911 Sansli.
1380 4842 1426 4912 Ut
1440 4859 1524 4929 quos
1539 4837 1654 4908 creasti
1683 4832 1741 4906 vel
1766 4827 1941 4908 tedemilli

578 4921 809 5010 Sacrificium·
1138 4957 1202 5028 pet
1217 4930 1363 5008 Filium:
1379 4935 1546 5032 perficere
1571 4933 1726 5032 digneris
1755 4956 1817 5027 per
1832 4926 1944 5023 Spiri-

613 5055 615 5060 ’
1132 5032 1504 5107 ·tnmSandurn.Non
1532 5055 1603 5125 quo
1634 5031 1857 5114 inconjuncta
1889 5020 1948 5096 vel

210 5138 258 5212 45
289 5112 578 5294 COmpletur
606 5117 711 5231 hodie
727 5123 942 5196 Pentecostcs
956 5122 989 5194 in
1016 5145 1087 5216 quo
1139 5126 1304 5202 diffinitis
1330 5132 1373 5202 sit
1398 5150 1457 5204 tue
1481 5126 1648 5225 operatio
1663 5126 1845 5201 Trinitatis
1862 5152 1872 5193 a
1887 5120 1948 5193 sed

356 5310 362 5322 ι
397 5211 1088 5323 descendrtSprntusSandus:sinpo-
1140 5226 1946 5321 quopersonatumexillentiumevidenterap·
1990 5227 2036 5286 10<

287 5308 523 5422 lloltsornsusus
537 5313 694 5408 apparuit
711 5344 719 5386 a
736 5314 958 5411 loquentibus
985 5318 1088 5416 variis
1138 5337 1257 5419 pareat
1283 5325 1457 5411 inconfusa
1482 5323 1648 5418 equalitas
1671 5323 1828 5397 Deitatis
1847 5323 1949 5394 .Hac

285 5404 413 5502 ltnguts
435 5409 600 5508 magnalia
613 5411 769 5487 Domini
788 5411 923 5500 alleluia
941 5417 1011 5503 ·i·
1027 5419 1089 5490 Fa·
1140 5418 1248 5518 igitur
1274 5441 1310 5497 te
1334 5427 1429 5496 Deus
1458 5424 1679 5516 omnipotens
1711 5420 1948 5516 inspirationis

287 5500 360 5577 slus
392 5507 437 5618 ⁶.st
465 5528 610 5604 repente
641 5512 684 5584 de
701 5509 1089 5607 celosouusttanquam
1142 5538 1202 5594 tue
1228 5524 1441 5615 consesfioue
1469 5548 1477 5584 a
1508 5520 1754 5596 manifestatum
1783 5516 1947 5593 fidelibus

212 5631 257 5702 50
287 5604 505 5715 advenentis
537 5607 674 5703 spiritus
704 5613 1004 5688 vehementisa&
1022 5611 1089 5685 im·
1141 5617 1301 5713 impende
1344 5615 1535 5716 propicium
1568 5647 1576 5687 a
1606 5620 1810 5703 demonibus
1844 5637 1944 5691 exer·

284 5697 779 5813 plevttonmnemdomumubi
808 5731 905 5785 erant
932 5709 1088 5783 sedentes
1139 5739 1178 5787 ce
1214 5721 1402 5794 terrificum
1427 5717 1760 5810 apro-sequentibus
1798 5716 2020 5805 obvium105

284 5798 493 5919 Apostoln&
508 5800 738 5900 loquebantur
752 5807 920 5908 magnalia
935 5808 1086 5887 Domini:
1138 5813 1374 5908 penitentibus
1412 5813 1607 5911 placabilem
1649 5832 1673 5882 ε’
1702 5814 1951 5912 peccatoribus.

285 5893 442 5986 ²llel⁰lffi
532 5918 541 5936 '
653 5995 655 6000 .
920 5978 922 5983 ,
1069 5905 1076 5983 f
1137 5911 1950 6006 patientem.Heteticisconvisioremzsulio-¹

1001 6073 1006 6079 .
1138 6012 1216 6088 dem
1264 6011 1491 6121 virginibus-t
1517 6011 1736 6122 deseusotem
1780 6010 1905 6180 viduish
1929 6031 1941 6074 ε

1814 6135 1881 6209 orp
1908 6130 1946 6191 aa

1932 822 2014 903 »55
