4450 7209
616 722 877 805 uoumtcn'
895 722 1119 808 stennon
1143 731 1267 809 rosr
1292 726 1652 816 rnurrcosrnrt.
1894 739 1968 841 as,

316 826 511 905 descendisti
526 826 567 901 de
587 827 689 902 celo:
708 852 747 903 ut
761 835 861 903 dares
874 827 1110 905 esurientibus
1209 838 1311 907 Dicat
1330 841 1451 908 cuorus
1467 887 1477 907 .
1494 842 1631 914 Gustare
1655 838 1692 912 lii
1717 833 1838 912 videte
1866 864 1970 933 quam
2004 861 2049 941 55

315 932 383 1004 imo
408 950 448 1003 ut
473 929 544 1024 ipse
558 929 640 1001 effes
654 930 729 1003 esca
758 929 955 1005 viventium
968 977 979 1000 .
991 932 1061 1021 Qi
1075 955 1111 1003 es
1163 932 1275 1007 suavis
1290 935 1336 1005 eli
1354 934 1537 1007 Dominus:
1552 937 1711 1024 alleluiae
1731 937 1878 1022 alleluja:
1890 938 1975 1009 alle·

314 1026 463 1102 uobisin
480 1052 565 1121 pane
581 1047 648 1117 quo
664 1029 765 1101 corda
791 1029 968 1102 firmantur
984 1057 994 1099 a
1011 1047 1051 1101 ut
1077 1028 1113 1100 in
1165 1029 1232 1118 luia
1258 1080 1269 1102 .
1300 1029 1567 1128 rissenedicam
1594 1037 1780 1121 Dominum
1807 1034 1842 1106 in
1870 1035 1970 1109 omui

315 1124 451 1199 virtute
465 1126 558 1219 panis
575 1125 674 1209 huius
690 1153 751 1220 per
771 1127 836 1199 hos
850 1126 1022 1200 dedicatos
1049 1153 1117 1202 no·
1166 1149 1324 1226 tempore
1340 1129 1475 1227 semper
1492 1130 1562 1205 laus
1578 1140 1652 1218 ejus
1669 1136 1779 1206 inore
1796 1130 1972 1206 meoaalle·

265 1258 284 1331 5
315 1225 399 1296 mini
414 1242 474 1296 tuo
491 1225 565 1297 dies
579 1250 589 1293 a
601 1225 671 1298 fine
684 1225 936 1320 impedimento
953 1226 1065 1298 carnis
1079 1229 1117 1298 &
1167 1225 1248 1314 luia:
1263 1226 1398 1313 alleluja
1413 1257 1421 1299 a
1436 1226 1589 1314 alleluja.
1604 1230 1650 1322 st·
1667 1233 1831 1309 Redimet
1847 1230 1973 1306 Do'mi·

314 1321 485 1419 sanguinir
497 1329 652 1409 ieiunare
666 1325 837 1399 valeamus
855 1353 862 1392 a
879 1344 916 1398 te
934 1324 1041 1419 ipsum
1057 1350 1118 1420 pa·
1168 1351 1229 1398 nus
1245 1328 1369 1402 animas
1383 1326 1557 1401 servorum
1573 1328 1709 1404 suorum
1739 1360 1748 1400 a
1773 1333 1807 1400 &
1821 1354 1893 1402 non
1907 1331 1969 1401 de·
2008 1337 2057 1411 60
2072 1398 2082 1404 ,

314 1444 392 1493 nem
406 1420 568 1505 habentes
584 1469 595 1492 .
611 1423 701 1510 outa
714 1446 880 1521 pauperes
897 1445 976 1498 tuos
989 1420 1119 1494 celesti·
1167 1424 1338 1518 relinquet
1357 1428 1546 1515 omnesqui
1563 1425 1748 1522 sperantio
1773 1451 1849 1499 eum
1866 1455 1876 1496 r
1891 1425 1973 1499 alle·

314 1518 379 1590 bus
407 1516 533 1595 saturas
562 1521 702 1616 panibus
716 1571 727 1592 .
741 1523 809 1593 Cui
838 1523 963 1595 merito
999 1543 1117 1592 omnes
1167 1520 1247 1605 luia:
1263 1521 1410 1605 allelujaa
1425 1519 1559 1607 alleluia
1577 1573 1586 1594 .
1603 1525 1650 1611 ni.
1668 1525 1791 1601 Gloria
1807 1528 1841 1597 ἃ·
1857 1528 1970 1597 honor

314 1616 445 1712 Angeli
459 1620 495 1691 δι
512 1619 723 1716 Archangeli
739 1645 807 1692 non
819 1621 944 1693 cessant
970 1616 1116 1691 clamare
1169 1621 1280 1693 Patri:
1297 1624 1332 1692 ὅ(
1349 1619 1447 1692 Filio:
1461 1626 1496 1694 ὃ(
1511 1621 1651 1714 Spiritui
1669 1624 1796 1697 Sancto
1811 1622 1843 1691 in
1862 1618 1972 1694 secula

241 1747 287 1804 10
316 1714 472 1806 quotidie
500 1717 549 1790 ira
574 1719 727 1792 dicentes
745 1769 755 1790 .
773 1732 823 1814 βε.
852 1716 993 1791 Sanctus
1010 1764 1020 1787 .
1035 1719 1118 1790 San·
1168 1716 1359 1792 seculorum
1379 1742 1475 1790 amen
1492 1716 1638 1806 alleluja:
1654 1721 1800 1806 allelujat
1815 1719 1970 1803 alleluja.

316 1811 388 1885 slus
404 1813 597 1888 ·San6us.
1220 1824 1304 1888 Com.
1319 1817 1452 1890 Referri
1467 1817 1591 1888 Chrilli
1610 1844 1760 1914 corpore
1791 1842 1801 1885 a
1828 1820 1863 1887 δι
1896 1816 1969 1889 san·
2008 1821 2059 1917 65

584 1912 661 1996 Pali
681 1916 840 1987 rannus.
1171 1914 1274 2008 guine
1288 1935 1323 1985 te
1338 1913 1509 1988 laudamus
1525 1914 1675 1991 Domine
1693 1913 1851 2004 ralleluja
1866 1941 1875 1983 a
1890 1910 1973 1987 alle·

420 2010 484 2082 Ere
499 2009 728 2085 sanfiusavere
742 2012 940 2087 benedidus
953 2009 1119 2084 Dominus
1173 2012 1247 2099 luja
1263 2035 1273 2078 ε
1289 2009 1446 2097 alleluja.

430 2107 679 2184 lesusChrillus
693 2109 781 2183 filius
795 2113 942 2205 tuusrqui
959 2109 1123 2205 repudia·
1342 2108 1419 2194 Posi
1437 2115 1622 2185 Communia
1636 2160 1646 2181 ·
1660 2115 1775 2185 Oratio
1792 2159 1803 2183 .

240 2238 283 2312 15
318 2220 353 2274 ta
379 2203 627 2280 immundorum
653 2210 867 2305 contagione
888 2210 1081 2281 libaminum
1107 2235 1117 2274 a
1269 2210 1385 2301 Orpus
1414 2209 1558 2285 Domini
1585 2211 1688 2284 noslri
1713 2212 1789 2286 lesu
1815 2205 1973 2284 Christis

312 2299 497 2394 simplicem
509 2307 595 2386 sritu
612 2329 704 2379 nove
732 2307 916 2380 functionis
946 2305 1119 2377 inllituit.
1171 2212 1252 2391 C
1279 2295 1574 2403 quoffaccepimus
1604 2336 1613 2376 a
1636 2313 1671 2381 &
1687 2307 1815 2380 sancus
1835 2307 1971 2403 sanguis
2006 2329 2056 2406 70

313 2400 518 2495 Docuitque
535 2402 718 2497 discipulos
736 2403 814 2477 suos
832 2406 922 2478 inter
943 2401 1117 2476 sacrosan·
1167 2409 1240 2487 ejus
1256 2427 1360 2495 quem
1374 2406 1568 2499 potavimus
1584 2429 1593 2472 a
1607 2409 1768 2479 adhereat
1784 2408 1969 2479 visceribus

200 2558 222 2594 s
313 2498 365 2569 &a
391 2496 544 2573 solennia
575 2499 774 2576 innocentia
801 2529 888 2596 pura
917 2503 1037 2576 vivere
1055 2527 1064 2568 a
1081 2503 1117 2572 &
1169 2503 1290 2574 nollris
1305 2522 1426 2575 eterne
1442 2506 1660 2598 omnipotens
1675 2503 1769 2575 Deus
1796 2526 1805 2567 =
1837 2522 1967 2576 utnon

314 2596 396 2666 Dco
419 2596 479 2668 soli
495 2599 636 2672 holliam
665 2600 770 2672 laudis
798 2603 925 2673 offerre
937 2646 950 2667 ·
963 2595 1117 2673 Christus
1168 2601 1268 2670 nobis
1286 2600 1405 2673 veniat
1432 2601 1649 2686 adjudicium
1664 2603 1826 2695 nequead
1841 2599 1969 2672 conde·

234 2728 284 2784 20
313 2692 480 2766 Dominus
499 2723 538 2772 ac
555 2701 755 2792 redemptor
771 2717 909 2771 eternus
928 2745 939 2768 .
1169 2697 1454 2770 mnationemrsed
1474 2701 1634 2794 proficiat
1649 2703 1689 2772 ad
1710 2697 1860 2772 salutemr
1877 2700 1911 2768 δι
1929 2695 1971 2767 ad
2024 2708 2028 2715 “

522 2793 599 2878 Posi
617 2800 730 2892 pridie
745 2843 756 2865 .
770 2800 910 2867 Oratio.
1169 2797 1356 2868 remedium
1386 2800 1567 2873 animarum
1593 2798 1780 2868 nostrarum
1808 2798 1841 2867 in
1863 2795 1971 2874 vitam
2005 2823 2057 2902 75

414 2890 619 2990 Omplentes
649 2893 757 2990 igitur
800 2912 901 2986 atque
942 2889 1117 2966 servantes
1167 2911 1344 2966 eternam.
1374 2909 1423 2988 132.
1439 2901 1573 2967 Amen.
1606 2899 1674 2968 Per
1701 2892 1973 2968 misericordiam

425 3013 625 3085 preceptum
646 2990 821 3093 Unigeniri
840 2993 891 3061 tui
911 3017 921 3057 a
940 3012 1116 3084 precamur
1164 3009 1256 3062 tuam
1271 2993 1364 3061 Deus
1378 2996 1489 3067 noller
1503 2999 1568 3065 &c
1586 2993 1757 3067 Dominus
1771 2991 1810 3063 stt
1828 2991 1969 3083 semper

313 3093 534 3180 omnipotens
550 3093 679 3162 Pater:
698 3110 736 3160 ut
753 3089 805 3159 his
820 3087 985 3159 creaturis
1000 3088 1117 3182 super·
1168 3088 1342 3162 vobiscum
1357 3137 1367 3157 .
1384 3104 1433 3181 132.
1452 3092 1493 3161 Er
1508 3114 1582 3161 cum
1598 3137 1609 3157 ·
1637 3089 1797 3164 Solennia
1813 3086 1972 3180 comple·

235 3221 280 3294 25
314 3185 432 3285 pofiris
446 3185 575 3260 altario
587 3207 647 3257 tuo
661 3185 815 3279 spiritum
843 3183 1116 3256 sanciificationis
1165 3203 1202 3254 ta
1232 3189 1308 3257 lunt
1336 3185 1367 3256 in
1397 3189 1535 3260 nomine
1551 3189 1691 3260 Domini
1717 3186 1793 3270 Jesu
1808 3183 1961 3257 Christi.

312 3286 467 3360 infundas
484 3306 543 3357 :ut
560 3309 620 3379 per
638 3283 901 3355 transfufionem
918 3279 1047 3353 celestis
1065 3299 1117 3355 at·
1169 3283 1299 3353 Votum
1314 3287 1460 3358 nossrum
1474 3287 1513 3358 stt
1525 3304 1702 3381 acceptum
1715 3310 1793 3358 cum
1807 3306 1891 3384 pace
1908 3329 1919 3352 ·
2004 3286 2055 3367 8ο

315 3410 380 3480 que
397 3383 568 3456 invisibilis
584 3386 796 3455 Sacramenti
814 3382 919 3475 panis:
940 3382 993 3451 hic
1010 3379 1119 3453 trans·
1220 3395 1267 3472 132.
1283 3383 1363 3453 Deo
1378 3386 1505 3478 gratias
1523 3432 1534 3454 .

312 3502 461 3555 mutatus
478 3489 509 3551 in
523 3501 658 3552 carnem
673 3505 681 3543 ε
696 3483 729 3550 ἃ
747 3476 837 3549 calix
856 3477 1116 3571 transformatus
1168 3474 1422 3553 DOMlNlCO
1433 3482 1602 3555 meost
1617 3476 1972 3554 PENI'ECOSTEN.

312 3581 347 3652 in
377 3581 572 3676 sanguinem
589 3606 597 3646 ε
613 3580 653 3649 lit
668 3575 895 3650 offerentibus
909 3576 1020 3670 gratia
1034 3601 1044 3644 a
1058 3574 1115 3647 su·
1216 3578 1279 3645 Ad
1292 3575 1438 3668 Mrffiarn.
1454 3578 1623 3668 officium.
1653 3580 1823 3653 Dominus
1847 3601 1971 3674 regna·

234 3713 284 3787 30
313 3680 484 3753 mentibus
499 3677 663 3751 medicina
678 3721 689 3743 .
705 3689 753 3767 132.
771 3683 879 3746 Amen
895 3720 907 3742 .
1169 3671 1248 3745 vit.
1276 3677 1392 3746 Oratio
1407 3723 1417 3746 .
1434 3680 1482 3748 Te
1501 3676 1634 3749 excelsa
1651 3676 1720 3750 laus
1735 3727 1746 3748 .
1764 3681 1972 3771 Requirere·

366 3780 428 3847 Ad
449 3776 701 3866 confraiiianenr
712 3777 810 3869 panis
825 3781 938 3843 ..Arm
953 3770 1027 3840 .'lu
1042 3773 1119 3846 Do·
1168 3785 1220 3840 tro
1237 3775 1335 3843 ind.
1351 3777 1520 3847 Dominico
1530 3772 1599 3870 poll
1615 3772 1844 3858 Pentecosten.
1856 3771 1970 3862 folio.
2004 3774 2051 3872 85

312 3872 407 3946 mine
435 3876 478 3945 da
501 3874 609 3944 escam
637 3871 735 3942 nobis
752 3873 784 3941 in
811 3890 971 3964 tempore
985 3893 1117 3963 oppor·
1168 3876 1316 3939 CCXLlI.
2049 3865 2054 3877 ’

317 3972 528 4064 tuno-Aperi
542 3994 677 4041 manum
693 3990 797 4041 tuam:
813 3973 847 4040 &
864 3965 963 4064 imple
977 3990 1115 4042 omnem
1214 3970 1325 4039 teuto
1339 3965 1423 4039 libri
1439 3971 1605 4042 Hieremie
1618 3969 1813 4066 Prophete-

311 4068 454 4141 animam
470 4066 738 4139 benedictione.
1167 4076 1216 4157 132.
1230 4066 1309 4135 Deo
1328 4067 1453 4159 gratias
1471 4112 1482 4134 ·
1788 4068 1969 4136 Camil.

232 4196 280 4271 35
466 4167 730 4236 Adorart‘onem
745 4167 979 4236 Douriru‘curn.v
1169 4163 1515 4332 VErbumquod
1545 4162 1667 4238 faciunt
1695 4164 1810 4238 estad
1843 4161 1971 4235 Hiere-

413 4265 605 4356 Receptum
634 4262 802 4334 orationis
838 4263 929 4353 quod
962 4257 1116 4336 Christus
1288 4261 1592 4335 miamaDomino
1620 4263 1762 4338 dicens.
1787 4268 1899 4358 Surge
1931 4259 1967 4331 ἃ
1998 4284 2053 4360 9ο

309 4268 478 4449 Psuis
514 4360 769 4432 commendavit
799 4355 1017 4451 Discipulis:
1051 4382 1116 4432 nos
1166 4357 1332 4431 descende
1349 4359 1381 4430 in
1399 4362 1538 4435 domum
1555 4360 1651 4457 figuli
1682 4389 1691 4429 a
1725 4363 1760 4431 &
1791 4361 1836 4433 ibi
1850 4357 1966 4437 audies

309 4480 445 4553 quoque
465 4459 586 4530 fratrer
606 4479 680 4528 cum
694 4456 830 4551 gemitu
857 4455 972 4528 cordis
1000 4453 1116 4530 excla·
1167 4459 1275 4529 verba
1289 4480 1388 4528 mea·
1408 4460 1448 4530 Et
1464 4458 1621 4533 descendi
1640 4459 1672 4528 in
1690 4460 1827 4532 domum
1843 4452 1967 4553 figuli:

310 4579 444 4627 memus
461 4580 480 4625 e
494 4553 596 4624 terris
609 4599 622 4621 .
635 4554 740 4624 Pater
753 4551 867 4622 noller
882 4597 894 4618 .
1164 4554 1199 4623 δι
1211 4574 1291 4621 ecce
1305 4552 1376 4646 ipse
1394 4556 1537 4627 faciebat
1552 4577 1639 4646 opus
1655 4553 1753 4649 super
1767 4575 1879 4627 rotam
1894 4599 1904 4620 ·
1920 4551 1962 4623 Et

228 4688 281 4767 40
360 4652 460 4721 Dicat
487 4646 608 4720 Presb.
633 4647 725 4722 Vicit
753 4642 831 4716 leo.
845 4642 954 4717 tribus
981 4644 1116 4718 uicibus
1164 4648 1353 4742 diffipatum
1367 4653 1414 4722 est
1428 4675 1486 4723 vas
1500 4677 1510 4718 a
1525 4653 1618 4742 quod
1634 4649 1704 4743 ipse
1715 4651 1860 4723 faciebat
1877 4672 1896 4718 e
1911 4643 1964 4715 lu·

310 4752 404 4822 modo
421 4765 460 4817 nr
472 4749 571 4818 indie
584 4741 934 4839 Resurreliiom‘sfolio
948 4750 1116 4817 CXCVIII.
1164 4763 1202 4817 to
1215 4746 1367 4818 manibus
1382 4749 1469 4819 suis.
1495 4748 1758 4839 Conuersusque
1785 4747 1868 4819 fecit
1901 4741 1959 4816 ille
1992 4767 2046 4848 95

363 4843 480 4928 Postea
508 4847 598 4916 dicat
622 4891 632 4914 .
659 4838 846 4915 Humiliate
875 4865 942 4914 vos
971 4843 1113 4914 benedi·
1163 4866 1222 4918 vas
1238 4841 1380 4916 alterum
1393 4846 1477 4916 ficut
1496 4844 1670 4939 placuerat
1692 4847 1725 4918 in
1740 4843 1850 4918 oculis
1862 4847 1962 4927 eiust

312 4943 416 5018 ilioni
443 4995 454 5015 .
486 4943 651 5019 Dominus
677 4941 720 5016 fit
751 4937 883 5034 semper
910 4938 1113 5016 vobiscum.
1161 4958 1199 5014 ut
1213 4941 1366 5014 faceret·
1398 4944 1439 5017 Et
1457 4942 1798 5018 faurmestverbun
1813 4941 1961 5016 Domini

311 5059 361 5137 ξι.
375 5045 417 5116 Et
437 5065 540 5117 cum.
1160 5041 1201 5111 ad
1217 5062 1269 5110 me
1282 5039 1427 5112 dicens.
1453 5040 1626 5133 Numquid
1652 5043 1735 5113 licut
1761 5038 1885 5139 figulus
1902 5039 1964 5110 ille

610 5139 820 5213 Benediiiioi
1161 5161 1231 5210 non
1249 5155 1374 5230 potero
1393 5141 1505 5212 facere
1532 5137 1628 5209 vobis
1657 5140 1780 5213 domus
1799 5134 1898 5211 lsrael
1913 5137 1961 5210 ait

201 5292 205 5298 -
228 5171 278 5249 45
308 5242 472 5429 Fides
493 5261 558 5335 qua
580 5239 723 5312 creditis
736 5234 905 5311 Christum
921 5258 930 5301 a
944 5234 1111 5328 perducat
1161 5237 1363 5309 Dominus?
1394 5239 1479 5310 Ecce
1492 5237 1574 5309 licut
1587 5234 1692 5312 lutum
1707 5238 1740 5309 in
1756 5262 1854 5312 manu
1869 5236 1960 5332 figu·
1995 5259 2066 5314 100

407 5363 472 5416 vos
482 5343 524 5413 ad
538 5363 640 5439 regna
652 5333 802 5412 celorum
813 5384 823 5407 .
834 5335 1108 5429 nannenus
1160 5330 1184 5406 li
1202 5363 1210 5402 ι
1227 5335 1347 5409 srcvos
1362 5335 1393 5407 in
1409 5360 1507 5410 manu
1520 5359 1595 5412 mea
1608 5338 1729 5409 domus
1743 5333 1843 5410 Israel
1861 5382 1871 5402 .
1886 5337 1960 5407 Re·

310 5461 376 5528 qua
404 5439 548 5532 speratis
573 5459 695 5509 eterna
709 5460 771 5531 per
797 5431 996 5528 patientiam
1011 5459 1020 5498 a
1035 5457 1101 5506 vos
1159 5453 1264 5527 pente
1281 5431 1401 5529 loquar
1418 5433 1577 5508 adversus
1607 5457 1745 5530 gentem
1762 5438 1821 5508 a&
1834 5434 1961 5504 adver·

220 5542 227 5549 ”
306 5526 1112 5632 faciatadversasustinerepresentiasstulmeuss·
1157 5532 1444 5630 maregnumaut
1474 5529 1961 5606 eradicem&destruan:&

227 5662 277 5740 50
306 5633 467 5709 Charitas
489 5631 686 5707 indeficiens
714 5661 724 5704 a
749 5636 783 5706 &
813 5633 867 5705 hic
891 5627 1105 5708 dulcedinem
1155 5632 1343 5728 dispertiam
1371 5627 1454 5704 illud
1481 5629 1559 5729 .Si
1581 5631 1806 5725 penitentiam
1843 5625 1960 5726 egerit
2034 5640 2053 5691 k

306 5733 508 5826 hominuma
525 5737 560 5806 δι
575 5733 647 5828 poll
670 5730 880 5804 consortium
894 5728 997 5802 vobis
1023 5755 1106 5824 pre·
1154 5756 1238 5830 gens
1255 5730 1313 5803 illa
1329 5728 1455 5804 amalo
1472 5729 1533 5802 suo
1546 5728 1639 5821 quod
1658 5725 1790 5804 locutus
1812 5730 1882 5804 sum
1898 5726 1956 5798 ad·
1994 5746 2069 5825 105

301 5827 471 5927 largiatur
489 5829 703 5930 Angelorum
721 5879 731 5900 .
746 5843 793 5922 ur·
806 5831 915 5903 Amen
931 5874 942 5897 .
960 5831 1027 5903 Per
1039 5830 1104 5907 mi·
1153 5830 1270 5905 versus
1283 5853 1357 5902 eam
1374 5853 1496 5925 ragam
1513 5830 1634 5922 &ego
1651 5829 1876 5922 penitentiam
1900 5823 1958 5895 su·

299 5927 632 6023 sericordiamipfius
645 5928 712 6000 Dei
726 5925 827 6001 nostri
844 5927 912 6001 &o
925 5925 1100 6013 Dominus
1153 5953 1216 6022 per
1240 5928 1333 6002 malo
1362 5956 1373 5998 r
1399 5927 1494 6023 quod
1523 5927 1679 6022 cogitavi
1721 5946 1759 6000 ut
1802 5927 1973 6001 facerem*

294 6025 341 6103 lit
352 6026 488 6130 semper
502 6027 765 6135 vobiscum-urg
777 6027 932 6161 Etcum·
1150 6027 1185 6104 ei
1210 6073 1222 6100 ·
1247 6027 1290 6109 Et
1318 6026 1437 6133 subito
1467 6023 1590 6202 loqrffi
1614 6024 1662 6199 :le
1704 6044 1808 6127 gente
1830 6022 1968 6221 signif:
