4450 7209
277 699 351 796 238
687 688 942 772 mommsen
967 685 1142 768 TERTlA
1170 687 1292 768 POST
1319 679 1540 769 PASCHA·

276 803 425 877 adorent
439 807 521 874 ante
534 792 643 892 pedes
656 799 784 871 tunsa&
801 793 908 867 sciant
923 790 1001 885 quia
1014 812 1084 888 ego
1135 788 1322 870 multitudo
1338 787 1592 890 languentium
1605 815 1768 872 cecorum
1786 819 1797 864 a
1813 789 1957 871 claudo*
1985 824 2021 901 55

273 896 383 972 dilexi
398 899 628 993 tes‘qnoniam
639 893 774 969 servasti
790 898 933 967 verbum
948 891 1085 984 patien·
1135 913 1209 965 rum
1224 886 1483 987 expedantium
1496 911 1583 986 aque
1598 913 1729 971 motum
1750 940 1762 964 ·
1794 892 1956 990 Angelus

274 995 439 1072 tiemee.
464 997 543 1094 Ego
555 993 704 1069 servabo
719 993 762 1067 ab
777 993 865 1067 hora
880 989 1084 1062 tentationis
1136 1008 1255 1065 autem
1289 988 1472 1066 secundum
1500 1008 1635 1086 tempus
1662 990 1957 1070 descendebatis

276 1116 343 1192 que
355 1111 503 1168 ventura
516 1091 613 1167 estin
626 1094 747 1166 orbem
758 1086 955 1166 universum
970 1104 1086 1162 tenta·
1135 1086 1298 1186 piscinam
1317 1114 1327 1157 a
1345 1091 1380 1164 δι
1399 1090 1608 1165 movebatur
1623 1113 1710 1187 aqua
1724 1119 1734 1161 a
1748 1091 1785 1160 ἃ
1800 1092 1860 1184 qui
1875 1089 1959 1187 pri-

227 1220 248 1295 ς
279 1215 317 1268 re
333 1190 526 1265 habitantes
539 1190 576 1262 in
592 1210 722 1266 terram
736 1239 747 1262 .
759 1189 876 1264 Venio
887 1187 960 1261 cito
976 1212 986 1256 a
1003 1204 1087 1260 tene
1138 1213 1182 1264 or
1195 1186 1421 1264 descendisset
1438 1188 1472 1261 in
1487 1185 1649 1283 piscinam
1666 1188 1742 1285 poll
1751 1190 1955 1262 motionem

278 1289 377 1386 quod
403 1289 507 1361 habea
533 1315 544 1359 a
571 1309 611 1362 ut
627 1312 732 1364 nemo
756 1289 902 1383 accipiat
917 1307 1087 1360 coronant
1138 1310 1248 1382 aquea
1265 1286 1362 1360 sanus
1377 1284 1520 1390 fiebata
1543 1308 1745 1381 quacunque
1772 1286 1955 1362 detineba·
1992 1299 2033 1372 60

279 1405 403 1460 tuam·
427 1386 499 1480 Qi
513 1385 637 1461 vicerit
653 1389 774 1463 faciam
789 1385 882 1461 illum
894 1381 1090 1460 columnam
1139 1400 1196 1458 tnt
1213 1385 1418 1459 infirmitate
1433 1383 1518 1460 sna.
1541 1386 1642 1461 Hunc
1653 1408 1731 1462 cum
1746 1383 1885 1459 uidisset
1895 1389 1958 1465 le·

282 1484 318 1558 in
334 1482 464 1580 templo
476 1486 559 1560 Deo
574 1485 641 1560 mei
656 1511 666 1555 a
679 1488 715 1560 δι
731 1487 825 1561 foras
841 1505 915 1558 non
930 1483 1091 1580 egredie-
1137 1482 1444 1571 susiacentema&
1459 1483 1677 1584 cognoriffet
1691 1478 1855 1579 quitiam
1869 1480 1960 1558 mnl·

285 1601 345 1656 tur
370 1579 543 1678 amplius.
568 1585 610 1655 Et
637 1582 779 1660 scribam
804 1576 1091 1679 superillumno·
1140 1599 1216 1655 tum
1229 1602 1367 1678 tempus
1383 1580 1526 1656 babetm
1552 1609 1563 1653 ι
1590 1580 1749 1657 dicitei.
1774 1581 1954 1656 Vissanus

207 1711 254 1772 ιο
286 1703 365 1756 men
381 1681 451 1756 Dei
464 1680 532 1754 mei
548 1706 557 1749 a
573 1685 610 1755 δι
626 1701 752 1756 nomen
768 1679 924 1756 civitatis
941 1677 1010 1752 Dei
1022 1678 1089 1755 mei
1140 1678 1251 1752 fieri?
1276 1680 1471 1777 Respondit
1483 1679 1517 1752 ei
1532 1677 1715 1780 languidos
1733 1726 1745 1749 .
1773 1680 1930 1757 Domine
1946 1705 1959 1751 a

286 1795 382 1854 nove
394 1775 611 1853 Hierusalem
626 1802 638 1846 a
652 1776 909 1876 quedescendit
921 1776 965 1848 de
980 1775 1091 1852 celoa
1140 1777 1318 1854 hominem
1332 1804 1403 1857 non
1417 1777 1556 1855 habena
1575 1796 1616 1852 nt
1628 1799 1704 1856 cum
1716 1779 1858 1855 turbata
1877 1779 1957 1853 sue·
1993 1785 2032 1880 65

285 1876 370 1952 Deo
382 1898 462 1953 meo
479 1903 490 1947 a
517 1880 554 1951 ὃ(
568 1901 690 1954 nomen
704 1901 816 1956 meum
830 1896 960 1964 novum
984 1922 996 1946 ·
1019 1876 1091 1966 Qui
1141 1877 1188 1951 rit
1202 1875 1413 1972 aquamittat
1426 1899 1481 1954 me
1491 1876 1527 1950 in
1542 1874 1725 1972 piscinam·
1736 1877 1830 1955 Dan
1844 1877 1956 1951 uenio

286 1973 394 2049 habet
419 1998 536 2050 aurem
548 1975 709 2054 audiendi
723 1975 839 2052 audiat
863 1999 876 2045 ι
899 1971 1101 2072 quidspiri·
1147 1973 1238 2048 enirn
1256 1999 1349 2076 egos
1377 1973 1463 2052 alius
1479 1992 1559 2048 ante
1571 1997 1626 2051 me
1639 1973 1816 2050 descendit
1833 1975 1963 2048 .Dicit

287 2070 632 2150 tusdicatecclefiis.
1148 2073 1308 2153 eilesus.
1333 2077 1444 2174 Surge
1471 2101 1481 2144 a
1511 2069 1599 2150 tolle
1612 2072 1792 2173 grabatum
1804 2073 1958 2148 tuum&

209 2201 256 2279 ις
338 2179 537 2269 hnAmen.
1147 2167 1301 2248 ambula·
1326 2173 1370 2248 Et
1384 2170 1494 2248 llatim
1509 2170 1607 2246 sanus
1632 2173 1738 2247 sadus
1753 2175 1803 2248 est
1819 2172 1959 2247 bomne

338 2270 443 2342 Diras
458 2265 636 2344 messim
659 2271 670 2341 ζ
696 2268 867 2349 Dominus
893 2269 936 2346 sit
964 2266 1099 2368 semper
1147 2273 1184 2342 dt
1212 2268 1340 2346 sustulit
1367 2267 1551 2370 grabatum
1566 2266 1660 2344 suum
1680 2271 1717 2343 ἃ
1734 2269 1960 2349 ambulabat.
1991 2297 2032 2375 7⁰

287 2366 468 2449 ,vobiscum
481 2413 493 2440 .
507 2379 557 2459 lta
569 2369 612 2442 Et
628 2390 732 2444 cnm.
1149 2366 1233 2443 Erat
1245 2388 1365 2446 autem
1374 2369 1548 2444 sabbatum
1563 2369 1598 2440 in
1615 2365 1678 2441 illo
1691 2368 1748 2442 die
1760 2419 1773 2442 .
1784 2367 1961 2442 Dicebant

339 2463 545 2556 Psillenss.
569 2462 708 2544 Psallite
722 2467 804 2542 Deo
819 2468 939 2544 nostro
951 2512 964 2538 .
979 2461 1100 2543 Psalli·
1143 2466 1243 2547 Judei
1257 2462 1305 2542 illl
1320 2468 1378 2562 qul
1391 2468 1487 2543 sanus
1500 2465 1613 2540 suerat
1627 2464 1734 2541 fastus
1747 2517 1757 2540 .
1771 2467 1957 2543 sabbatam

292 2559 438 2659 teRegi
454 2563 587 2639 nollroa
601 2561 753 2659 psallite.
768 2563 817 2654 d.
831 2566 1002 2661 aniam
1022 2565 1102 2639 Rex
1153 2567 1219 2640 ella
1235 2564 1403 2644 nonlicet
1420 2563 1484 2641 tibi
1501 2561 1630 2639 tollere
1644 2569 1829 2662 grabatum
1844 2574 1962 2643 tuum.

208 2691 262 2756 ιο
294 2659 725 2738 omnistetreDominusr
753 2660 888 2758 psallite
904 2663 1098 2759 sapienter·
1151 2664 1347 2760 Respondit
1358 2667 1408 2741 eis
1436 2713 1447 2737 .
1476 2663 1873 2756 Quimesecitsanurna
1900 2658 1958 2734 ille

294 2769 341 2832 P.
355 2753 515 2834 Psallite.
530 2761 633 2835 Naar
642 2758 842 2839 Pressitcr.
855 2760 1038 2836 Silentium
1053 2759 1104 2836 sa-
1153 2763 1235 2837 mihi
1249 2764 1340 2838 dixit
1355 2791 1366 2833 a
1396 2760 1482 2841 tolle
1497 2761 1677 2863 grabatum
1689 2781 1785 2837 tuum
1798 2766 1835 2837 dt
1846 2761 1961 2838 ambu-
1987 2794 2027 2874 75

293 2856 389 2933 cite.
1123 2856 1185 2936 'la
1212 2909 1223 2933 .
1249 2862 1562 2963 Interroganerunt
1578 2881 1786 2957 ergoeum.
1811 2857 1961 2955 Qisell

341 2953 453 3029 mnia
466 2953 718 3034 laurisannum
730 2955 992 3059 Apostolorum.
1019 2955 1104 3032 Deo
1152 2955 1212 3032 ille
1224 2961 1282 3057 qui
1295 2960 1384 3036 dixit
1399 2960 1486 3037 tibia
1503 2953 1593 3034 tolle
1614 2957 1794 3056 grabatum
1810 2978 1906 3034 tuum
1921 2957 1959 3028 ἃ

293 3052 424 3151 gratias
439 3099 451 3124 .
945 3062 1102 3155 (φαίη.
1151 3054 1310 3133 ambula?
1324 3061 1356 3133 ls
1369 3079 1482 3134 autem
1497 3059 1555 3153 qni
1572 3057 1667 3129 sanus
1677 3057 1958 3132 fuerateffeslnsa

212 3181 259 3261 ²5
293 3151 385 3334 IN
411 3147 478 3224 illis
498 3151 637 3230 diebus.
649 3153 846 3232 Faunnest
858 3172 932 3229 cum
946 3175 1101 3251 congre-
1149 3155 1324 3233 nesciebat
1336 3158 1508 3253 quisesset
1522 3157 1580 3249 qni
1593 3152 1681 3226 dian
1698 3155 1753 3227 eia
1772 3153 1861 3231 tolle
1877 3177 1957 3252 gra·

368 3266 534 3345 garentut
564 3253 735 3348 principes
760 3252 984 3328 sacerdotnm
999 3254 1034 3325 δι
1049 3253 1100 3326 sc·
1150 3252 1264 3330 batum
1278 3274 1374 3332 tuum
1388 3252 1568 3329 &ambula
1584 3297 1596 3322 .
1615 3250 1709 3329 lesus
1725 3273 1842 3327 antem
1853 3249 1961 3327 decli·
1988 3262 2026 3338 80

291 3345 407 3420 niotes
420 3350 456 3422 dt
473 3347 581 3423 scribe
597 3351 631 3424 iu
648 3350 863 3426 Hierusalem
892 3375 903 3420 a
927 3352 965 3424 bt
981 3355 1099 3427 Annas
1149 3353 1247 3427 navit
1258 3378 1277 3428 a
1290 3356 1390 3429 turba
1402 3353 1587 3428 constituta
1602 3348 1637 3419 in
1654 3348 1733 3425 loco
1746 3398 1757 3421 .
1771 3352 1896 3426 Pollea
1908 3351 1958 3424 in·

293 3449 452 3543 princeps
466 3450 694 3525 sacerdotum
708 3451 744 3524 &
757 3447 921 3545 Cayphas
944 3474 955 3518 a
980 3448 1016 3519 δι
1037 3454 1099 3530 Jo-
1149 3451 1248 3526 veuit
1262 3453 1447 3530 eum'Jesns
1464 3453 1497 3524 in
1513 3443 1674 3540 templo:
1703 3451 1737 3521 dt
1765 3450 1857 3522 dixit
1873 3444 1957 3521 illi.

293 3543 464 3620 nathan&
480 3542 698 3621 Alexander:
713 3550 865 3643 eoquod
878 3565 977 3620 erant
990 3546 1105 3645 dege·
1152 3548 1238 3622 Ense
1254 3548 1471 3624 sauusutun
1496 3573 1534 3619 ea
1560 3572 1570 3612 a
1596 3548 1666 3629 iam
1694 3545 1955 3644 nolipeccarea

213 3675 263 3755 30
295 3662 379 3715 nete
392 3641 620 3720 sacerdotali.
648 3647 690 3723 Et
707 3645 892 3721 llatuentes
905 3656 969 3717 eos·
981 3645 1015 3716 in
1030 3667 1102 3719 me·
1152 3668 1196 3717 ne
1221 3646 1373 3720 deterior
1390 3647 1452 3720 tibi
1468 3643 1595 3741 aliquid
1608 3643 1794 3742 contingat
1821 3643 1957 3718 ·'Abiit

295 3739 357 3814 dio
374 3766 384 3807 a
401 3737 661 3838 interrogabant
694 3745 727 3814 in
752 3766 818 3839 qua
839 3744 972 3816 virtute
990 3770 1001 3814 a
1016 3744 1051 3816 ὅτ
1066 3744 1100 3815 iu
1150 3740 1209 3815 ille
1223 3744 1331 3819 homo
1344 3746 1380 3818 δι
1393 3740 1691 3832 nunciavitludeis
1704 3741 1960 3837 quiaJesns-etla
1987 3752 2025 3846 85

293 3857 368 3932 quo
378 3839 520 3911 nomine
534 3837 657 3913 fecislis
672 3844 737 3913 hnc
753 3846 847 3915 vos?
862 3840 959 3913 Tunc
977 3842 1100 3915 Petrus
1149 3840 1208 3935 qui
1225 3841 1308 3917 iecit
1322 3866 1400 3918 enm
1414 3841 1528 3915 sanum
1542 3889 1553 3910 .
1569 3842 1761 3935 Propterea
1774 3839 1961 3935 perseqne·
2026 3842 2029 3847 ’

294 3934 447 4034 repletus
462 3939 741 4033 SpirituSanslot
758 3939 898 4014 dixitad
911 3962 973 4013 eos
985 3987 994 4009 .
1006 3941 1106 4013 Prin·
1153 3939 1277 4015 bantur
1291 3964 1369 4014 eum
1379 3940 1495 4020 Judeia
1507 3936 1669 4033 quoniam
1683 3940 1746 4010 hec
1761 3938 1911 4013 satiebat
1926 3937 1962 4012 in

295 4034 390 4129 cipes
407 4034 580 4130 populi&
606 4036 758 4114 seniores
776 4036 877 4112 lsrael
889 4037 1004 4111 audite
1019 4084 1042 4113 va
1066 4038 1102 4112 Si
1153 4037 1296 4115 sabbato
1309 4037 1423 4118 ·Jesus
1440 4059 1555 4115 autem
1568 4034 1745 4130 respondit
1761 4035 1812 4108 eis
1828 4084 1839 4107 .
1854 4039 1961 4112 Pater

203 4140 208 4147 '
216 4160 264 4238 35
297 4155 362 4205 nos
377 4134 481 4206 hodie
496 4135 766 4221 diiudicamuniu
784 4134 964 4209 benefacto
992 4137 1102 4208 homi·
1150 4159 1244 4210 meus
1257 4139 1481 4231 usquemodo
1496 4152 1663 4232 operatur
1686 4161 1697 4203 a
1725 4136 1761 4208 δι
1786 4156 1857 4234 ego
1871 4158 1961 4227 ope·
2013 4184 2018 4197 ·

295 4229 349 4299 nis
366 4228 490 4305 infirmi
518 4259 527 4300 a
559 4232 592 4304 in
621 4257 692 4329 quo
704 4235 763 4306 isle
781 4234 891 4306 salvus
906 4232 1013 4304 fadus
1028 4235 1098 4306 ella
1149 4257 1211 4308 ror
1229 4281 1239 4304 .
1254 4238 1447 4326 Propterea
1475 4235 1583 4332 magis
1611 4233 1798 4326 querebant
1813 4231 1961 4314 eumlut
1989 4261 2030 4331 90

275 4327 278 4332 ’
296 4341 421 4400 notum
446 4327 487 4400 stt
502 4329 693 4403 hominibus
708 4331 743 4402 δι
756 4331 849 4403 omni
865 4327 957 4422 plebi
974 4327 1073 4401 lsrael
1091 4359 1100 4399 a
1151 4329 1207 4402 dei
1222 4329 1418 4404 interficere
1446 4359 1456 4400 a
1484 4335 1647 4426 quianon
1675 4329 1786 4405 solum
1802 4327 1960 4403 solvebat

297 4421 377 4518 quia
409 4424 441 4497 in
467 4427 604 4501 nomine
627 4426 703 4510 Jesu
734 4425 860 4501 Christi
892 4425 1059 4499 Nazareni
1090 4455 1100 4498 a
1150 4425 1324 4504 sabbatum
1339 4453 1350 4501 a
1366 4428 1617 4527 sed&patrem
1629 4424 1723 4503 suum
1733 4429 1872 4502 dicebat
1889 4430 1963 4500 De-

298 4544 398 4616 quem
412 4546 476 4596 vos
488 4525 720 4609 crucifixistisa
770 4551 846 4601 uem
854 4523 949 4600 Deus
963 4525 1100 4602 suscita·
1150 4550 1229 4602 uma
1243 4525 1398 4623 equalem
1414 4528 1581 4602 sesaciens
1599 4527 1705 4598 Deo.
1722 4530 1885 4618 maAmen
1903 4575 1914 4596 .

218 4649 270 4730 40
302 4619 388 4694 vita
405 4623 729 4700 mortuisaiuhoci
759 4620 1099 4700 estatcoramvobis
1200 4629 1302 4698 Dicar
1315 4624 1524 4728 Presbyter.
1552 4625 1730 4705 Dominus
1757 4622 1800 4696 fit
1828 4625 1964 4722 semper

217 4725 220 4728 ’
299 4717 399 4792 sanus
415 4720 543 4794 hodie:
562 4722 597 4795 in
612 4719 682 4798 alio
695 4743 807 4799 autem
821 4718 913 4796 nullo
940 4767 950 4788 ·
978 4721 1047 4797 Hic
1060 4723 1109 4796 est
1160 4722 1363 4799 uobiscum.
1992 4743 2031 4820 95

299 4813 387 4912 lapis
399 4821 457 4914 qui
474 4824 677 4917 reprobatus
689 4822 769 4895 eila
794 4821 894 4900 vobis
909 4819 1109 4894 edificanti·
1213 4836 1263 4915 ιιι.
1282 4821 1321 4895 Et
1334 4843 1439 4899 cum·
1725 4836 1730 4845 '

300 4917 364 4988 bus
379 4919 458 5014 aqui
475 4918 643 4992 famuscu
659 4921 690 4991 in
708 4940 809 5016 caput
822 4916 936 5020 anguli
950 4967 961 4988 .
977 4918 1018 4991 Et
1035 4941 1104 4990 non
1203 4921 1341 4993 Lauda.
1369 4919 1519 5008 Alleluia
1537 4971 1547 4994 .
1582 4920 1628 5011 ql.
1641 4919 1788 5001 iubilate
1806 4920 1965 4997 Domino

301 5015 351 5086 est
365 5014 398 5086 in
415 5013 481 5090 alio
498 5015 581 5090 salus
598 5046 607 5085 a
624 5039 687 5088 nec
703 5020 792 5090 enim
808 5040 932 5093 nomen
949 5015 1041 5092 allud
1057 5017 1105 5088 est
1153 5018 1265 5092 omnis
1280 5036 1372 5095 tetra
1398 5046 1409 5088 a
1435 5020 1563 5096 servite
1590 5022 1749 5097 Domino
1766 5019 1802 5091 in
1816 5015 1965 5095 leticia·

192 5169 198 5183 .
218 5135 268 5219 45
301 5109 362 5185 sub
375 5109 450 5185 celo
464 5117 582 5189 datum
610 5114 829 5189 hominibus:
849 5117 971 5211 inquo
993 5137 1105 5211 opor·
1156 5126 1200 5189 Ρ.
1219 5115 1395 5202 Alleluia.

303 5227 380 5284 teat
394 5234 459 5286 nos
474 5210 586 5287 saluos
600 5212 675 5284 fieri
691 5259 701 5284 .
1205 5213 1435 5299 sacraficium.
1452 5213 1599 5306 Alleluia
1620 5268 1631 5292 .
1646 5219 1880 5313 Temporibus
1895 5213 1961 5290 illis
1993 5231 2046 5290 ιω

351 5312 537 5400 nahmen.
1157 5315 1331 5407 postquam
1346 5314 1532 5390 resurrexit
1549 5317 1715 5391 Dominus
1730 5317 1964 5394 lesuraexie·

349 5409 462 5482 aemio
471 5409 582 5497 fiansii
589 5408 767 5507 Evangelia
775 5407 957 5500 litandam
973 5408 1107 5501 Joban·
1157 5428 1239 5484 runt
1251 5408 1408 5487 mulieres
1421 5417 1497 5490 cito
1524 5418 1568 5488 de
1595 5435 1844 5492 monumento.
1873 5417 1961 5490 eun

300 5526 399 5579 nem.
983 5516 1106 5604 (Μ.
1154 5507 1331 5583 timore&
1349 5512 1472 5609 gaudio
1486 5537 1609 5612 magno
1639 5562 1650 5586 .
1676 5516 1850 5589 Nuntiate
1868 5505 1981 5588 disci·⁶

219 5623 272 5705 '50
360 5601 424 5679 Llo
439 5603 472 5677 in
489 5608 764 5702 tempore.Erat
779 5605 1108 5684 diesfellusluden·
1154 5607 1241 5703 pulis
1255 5614 1329 5693 eius
1342 5611 1497 5684 dicentes
1526 5611 1686 5698 alleluja.
1716 5609 1762 5709 qi.
1785 5611 1960 5699 Alleluia:

377 5727 470 5776 ruma
487 5708 523 5778 bt
535 5706 787 5789 ascenditJesus
803 5703 1106 5801 Hierosolymam.
1156 5731 1237 5782 ecce
1255 5707 1349 5786 lesus
1365 5711 1517 5783 occurrit
1536 5710 1601 5784 illis
1618 5716 1734 5786 dicens
1751 5733 1857 5786 avete
1876 5741 1886 5782 a
1916 5708 1966 5802 illi
1993 5716 2044 5792 105

301 5803 488 5877 Ellautem
515 5802 769 5900 Hierosolymis
795 5806 975 5901 probatica
1003 5803 1105 5898 pisci·
1155 5825 1271 5879 autem
1287 5811 1734 5886 accesserunt&tenueruut
1750 5813 1858 5906 pedes
1877 5815 1961 5895 eius:

300 5923 344 5972 na
359 5926 369 5969 a
384 5923 450 5994 que
467 5904 735 5999 cognominatur
751 5903 923 6000 hebrayce
939 5903 1106 5996 Bethsay·
1153 5904 1189 5976 dt
1204 5906 1436 5981 adoraverunt
1463 5931 1540 5982 eum
1568 5957 1577 5978 .
1607 5921 1652 5980 7³.
1676 5911 1764 5982 Cum
1799 5909 1930 5982 timore
1952 5952 1963 5979 .

298 5998 343 6072 sla
355 6002 503 6097 quinque
517 6001 671 6096 porticam
686 6003 831 6080 habens.
847 6005 887 6079 ln
901 6003 1104 6090 hisiacthat
1153 5998 1203 6096 pl.
1227 6000 1379 6095 Alleluia
1401 6028 1414 6096 a,
1442 6024 1525 6097 tuuc
1555 6009 1605 6085 ait
1628 6006 1695 6086 illis
1724 6009 1899 6085 Dominus
1912 6003 1964 6077 di-

378 6144 386 6157 ·
1861 6125 1965 6178 censa

291 3053 298 3072 s
