4450 7209
560 755 1317 864 P*“RAEFA‘TI'0'·
1672 781 1758 863 ‘txr'

122 884 331 1000 refertur,
370 885 536 1004 putavit
566 885 725 1004 probari
764 887 869 1002 posse
898 888 1128 1006 Liturgiam
1160 897 1393 980 Romanam
1432 888 1475 978 in
1513 912 1637 982 omne
1665 904 1752 984 Go-

125 1007 296 1094 thorum
321 1014 513 1125 Regnum
544 1005 812 1093 intromissam
845 1008 979 1094 suilse.
1012 1017 1072 1100 At
1096 1038 1224 1097 canon
1251 1014 1521 1100 Braccarensrs
1547 1016 1618 1100 etsr
1641 1011 1749 1128 Mis·
1782 1040 1867 1125 230
1904 1065 1908 1087 r

122 1119 295 1239 [amab
320 1121 535 1237 omnibus,
565 1123 701 1217 eodem
728 1122 871 1216 ordine
896 1120 1177 1217 celebrandam
1206 1125 1286 1246 effe
1316 1132 1564 1248 praescribat,
1583 1139 1660 1245 ἃ,
1692 1136 1750 1222 in·
1867 1177 1870 1185 ¹

128 1248 321 1362 terposrta
346 1247 583 1366 Apostolicae
609 1246 718 1337 Sedis
756 1244 1030 1358 auiloritate,
1064 1250 1305 1336 varietatem
1336 1252 1522 1362 rituum,
1566 1257 1605 1338 8(
1632 1280 1750 1340 care·

127 1367 361 1454 monacum
390 1397 415 1452 a
439 1367 651 1454 Missurum
682 1367 947 1483 celebratione
987 1367 1142 1452 auferre
1172 1394 1374 1478 conetur,
1415 1376 1647 1459 Romanam
1688 1396 1749 1461 ta·

128 1511 226 1571 men
251 1487 482 1602 liturgiam
514 1483 797 1602 suscipiendam
828 1486 902 1572 else
941 1509 1080 1600 aperte
1112 1512 1202 1572 non>
1223 1486 1432 1603 praecipit.
1473 1494 1570 1577 Non
1600 1493 1749 1606 ignoro

126 1603 238 1691 viros
268 1605 444 1692 eruditos
475 1604 712 1691 contendere
743 1633 939 1691 canonem
970 1606 1076 1690 hune
1106 1603 1156 1691 ad
1182 1605 1388 1721 epistolam
1415 1606 1656 1696 decretalem
1675 1614 1748 1698 vi·

130 1723 254 1840 gilii,
293 1726 509 1812 Profuturo
549 1726 795 1814 Braccarensr
835 1725 1098 1841 inscriptam,
1136 1723 1343 1836 alludere,
1382 1726 1424 1813 in
1465 1756 1544 1840 qua
1584 1730 1748 1844 epistola

130 1864 247 1929 extat
278 1844 467 1930 articulus
496 1842 546 1929 de
572 1844 725 1936 Ordine
751 1850 968 1933 Romano.
999 1851 1224 1953 Attamen,
1255 1845 1285 1931 st
1310 1852 1445 1933 Patres
1471 1849 1752 1953 Braccarenscr

130 1963 349 2050 voluerunt
367 1962 594 2080 Litutgiam
621 1971 851 2052 Romanam
880 1963 921 2048 in
939 1968 1164 2052 Suevorum
1190 1957 1380 2080 Regnum
1411 1963 1624 2078 inducere,
1650 1993 1750 2080 qua·

131 2109 174 2172 re
206 2103 296 2168 tam
326 2080 488 2169 obscure
526 2084 652 2170 locuti
681 2077 807 2170 sunt?
847 2089 985 2200 Quare
1015 2104 1153 2198 aperte
1184 2111 1264 2170 non
1295 2083 1485 2170 dixerunt
1527 2081 1627 2172 item
1657 2081 1754 2202 pla-

133 2195 225 2296 ttt'it
254 2222 304 2289 ut
319 2229 462 2291 omnes
486 2199 642 2290 Ordine
669 2213 855 2291 Romano
885 2195 1034 2316 Miffas
1060 2194 1266 2314 faciant?
1306 2203 1381 2312 Si,
1412 2205 1491 2289 hoc
1521 2224 1604 2290 uno
1634 2232 1753 2291 cano·

132 2349 217 2430 ne,
251 2321 477 2408 &rituum
507 2321 795 2432 concordiam,
824 2326 864 2408 8<
883 2320 1075 2436 Liturgiae
1103 2325 1299 2407 Romanae
1328 2320 1618 2437 susceptionem
1645 2352 1756 2412 cont·

133 2436 256 2558 plebii
287 2441 534 2549 voluerunt,
567 2469 687 2553 quare
718 2465 805 2527 tam
836 2435 1015 2524 distincte
1045 2440 1225 2555 primum
1256 2438 1503 2552 edixerunt,
1548 2465 1594 2527 ut
1625 2441 1675 2527 de
1700 2472 1754 2559 eo

134 2588 258 2646 nemo
298 2556 482 2644 dubitare
512 2560 660 2674 polsrt,
699 2557 914 2646 secundum
942 2557 1041 2643 adeo
1071 2557 1264 2669 obscure,
1305 2581 1350 2644 ut
1381 2562 1506 2650 etiam
1532 2563 1557 2648 a'
1587 2562 1754 2648 nomine

86 2743 89 2746 >
134 2679 330 2793 Licurgia
355 2683 548 2764 Romana
579 2673 872 2768 abstinuerint?
912 2705 1043 2790 neque
1074 2704 1126 2763 ex
1153 2679 1357 2765 Decretali
1383 2680 1526 2794 Vigilii
1559 2675 1621 2795 (a)
1650 2680 1754 2766 erui·
1921 2781 1926 2792 ¹

137 2820 204 2884 tur
231 2798 498 2886 -Braccarensts
532 2800 747 2884 Provincia
784 2797 1007 2907 Ecclesiae,
1046 2797 1124 2882 hoc
1157 2818 1372 2914 tempore,
1412 2800 1640 2914 Liturgiam
1672 2806 1753 2887 Ro-
1784 2822 1887 2914 231*

134 2942 302 3006 manant
332 2915 551 3005 admisisse.
589 2919 820 3004 Profuturus
849 2917 1112 3005 Bracearensrs
1141 2916 1358 3033 Episcopus
1383 2919 1552 3006 Silverio
1588 2916 1751 3004 Pontifi-

134 3038 171 3125 ci
203 3033 439 3157 scripserat,
483 3064 656 3151 cumque
685 3035 735 3124 de
765 3034 831 3122 die
859 3035 985 3124 futuri
1017 3035 1251 3147 Paschatit,
1291 3034 1341 3119 de
1372 3038 1503 3123 forma
1541 3037 1755 3150 baptisma·

137 3159 223 3269 tia,
255 3157 305 3241 de
331 3159 595 3261 Ecclesiarum
625 3157 950 3267 consecratione,
981 3155 1144 3268 aliisque
1175 3154 1225 3239 de
1255 3151 1370 3239 rebus
1399 3157 1754 3268 interrogaverat,

137 3276 248 3363 iuter
270 3305 370 3390 quaa
400 3277 525 3365 etiam
556 3278 605 3365 de
633 3279 769 3365 ordine
794 3277 920 3362 Missae
947 3281 1177 3384 Romanae,
1204 3294 1268 3359 ¹an
1300 3292 1372 3391 pro
1408 3274 1710 3361 solemnitatum
1738 3292 1772 3387 ,v

138 3394 398 3483 &festorum
437 3428 635 3510 numero,
673 3396 847 3483 diversus
883 3394 1010 3504 esset,
1049 3422 1101 3479 an
1139 3391 1246 3479 idem
1286 3392 1443 3510 semper
1481 3389 1620 3489 soret?
1658 3395 1756 3479 huic

139 3513 334 3633 epistolae,
365 3515 570 3631 (Silverio
597 3518 680 3629 jam
711 3539 782 3608 aut
813 3534 1009 3623 mortuo,
1039 3535 1111 3598 aut
1142 3511 1385 3598 inexilium
1415 3510 1626 3629 deportato
1645 3507 1665 3626 )
1683 3513 1758 3600 Vi·

140 3631 256 3750 gilius
282 3634 510 3751 respondit.
550 3644 640 3747 Et,
670 3635 777 3748 quod
807 3632 858 3717 ad
888 3661 975 3717 tem
1007 3629 1181 3718 nostram
1212 3631 1343 3744 facit,
1379 3633 1463 3718 haec
1496 3635 1648 3737 habet.
1679 3640 1755 3719 Or·

139 3749 276 3841 dinem
333 3786 460 3874 noque
481 3775 679 3873 precum,
710 3749 756 3840 in
782 3742 1021 3839 celebritate
1050 3745 1304 3864 Miffirrum,
1336 3745 1451 3840 nullo
1479 3781 1552 3841 nos
1576 3773 1757 3870 tempore
1788 3780 1810 3840 2
1817 3763 1876 3868 32‘

138 3867 256 3962 nulla
304 3866 523 3992 dlivitate
544 3861 827 3992 fignificamur
861 3862 1010 3957 habere
1041 3863 1289 3983 diversum,
1319 3864 1400 3980 sed
1415 3865 1583 4076 semper
1618 3869 1755 3961 eodem
1850 3871 1859 3893 ²

140 4012 282 4082 tenore
306 3984 445 4081 oblata
473 4001 558 4081 Deo
584 4001 751 4080 muana
776 3981 1038 4102 consecrare.
1066 3983 1248 4106 Quoties
1266 4017 1368 4075 vero
1387 3986 1492 4104 Pcsc
1523 3985 1626 4100 alis,
1654 4000 1757 4080 Pen-

138 4103 338 4231 tecosten,
371 4106 651 4240 Epiphania,
683 4105 1001 4312 Seollorampue
1029 4105 1110 4194 Dei
1136 4099 1279 4221 fuerit
1312 4104 1470 4224 agenda
1487 4103 1758 4228 festivitas,

131 4223 299 4349 flagita
325 4260 372 4316 ca
402 4226 543 4339 atala,
571 4219 713 4316 diebus
740 4246 841 4342 apta
860 4222 914 4340 su
944 4218 1135 4340 ficimus,
1166 4217 1317 4341 quibus
1343 4224 1759 4318 commemorationem

133 4345 288 4464 litasse
306 4251 620 4463 soimnitatis,
651 4367 727 4434 aut
754 4373 888 4433 earum
938 4339 1127 4454 ecimus,
1157 4373 1326 4460 qaorum
1355 4339 1555 4433 natalitia
1582 4342 1757 4437 celebra·

139 4498 263 4556 mur.
305 4473 468 4555 Cetera
489 4464 604 4554 ‘vero
639 4461 788 4553 ordine
816 4492 887 4551 con
909 4484 1001 4550 ueta
1031 4458 1319 4579 prosequimur
1344 4524 1355 4548 .
1394 4469 1665 4583 Qapropter
1701 4474 1757 4558 (θ’

139 4582 267 4707 ipstas
291 4581 492 4674 canonice
514 4578 652 4701 precis
676 4603 834 4671 textum
862 4577 1086 4670 direximus
1104 4574 1253 4694 subter
1277 4579 1502 4694 adjelium,
1528 4613 1650 4700 quam
1669 4592 1756 4675 Deo

138 4699 359 4830 propitio,
389 4735 440 4793 ex
465 4712 513 4790 A
537 4695 700 4821 rislolica
733 4695 963 4789 traditione
987 4696 1242 4816 accepimus.
1282 4709 1343 4788 Et
1376 4721 1424 4787 ut
1458 4698 1643 4790 charitas
1680 4724 1757 4792 tua
1867 4718 1870 4725 '

139 4822 389 4944 cognoscat,
420 4724 567 4940 pridies
595 4815 696 4909 locis
724 4814 867 4937 aliqua
887 4811 1203 4934 festivitatibus
1228 4839 1329 4935 apta
1356 4818 1562 4911 conualles
1584 4817 1756 4938 pascha·

141 4939 200 5035 lit
226 4938 315 5032 diei
336 4962 478 5060 preces
496 4934 699 5055 fimiliter
726 4933 975 5050 adjecimus.
1006 4946 1109 5053 Qua
1136 4939 1279 5052 uigili
1306 4939 1426 5023 verba
1457 4938 1507 5024 ad
1538 4944 1664 5028 Missa
1696 4971 1757 5030 ca·
1786 4969 1837 5057 23
1847 4971 1869 5056 3

140 5090 328 5173 nonem,
359 5091 439 5148 non
470 5083 609 5146 autem
639 5057 689 5144 ad
721 5058 920 5171 integram
947 5058 1108 5142 Missam
1140 5063 1404 5167 Romanam,
1437 5061 1637 5173 pertinere
1669 5092 1758 5177 per·

142 5183 328 5301 spicuam
358 5180 444 5266 est.
485 5185 597 5268 Nam
629 5178 728 5263 solus
754 5176 879 5262 Missa
907 5182 1101 5262 Romanae
1132 5205 1292 5286 canon,
1324 5177 1463 5263 eodem
1496 5203 1632 5296 tenore
1664 5191 1765 5268 con'·¹

106 5387 108 5392 .
145 5301 295 5390 stanter
325 5301 547 5409 recitatur,
579 5325 659 5382 non
692 5323 787 5380 vero
818 5323 887 5403 ea,
918 5324 1006 5407 quar
1036 5323 1230 5381 canonem
1263 5297 1523 5410 praecedunt,
1556 5305 1595 5385 8<
1627 5301 1724 5385 cons
1741 5346 1757 5364 ·

146 5445 356 5536 quuntur.
395 5428 514 5506 Certe
548 5441 728 5531 tempore
758 5413 931 5528 Vigilii,
971 5415 1109 5500 multae
1141 5413 1366 5501 &diversa
1403 5412 1669 5530 prefationes
1709 5419 1754 5534 in

148 5541 274 5631 Missis
303 5538 609 5647 recitabantur,
640 5539 680 5621 8(
712 5533 910 5619 orationes
941 5534 1079 5619 multae
1110 5535 1310 5644 variaque
1339 5558 1433 5619 ante
1450 5530 1752 5649 prefationem,

151 5658 403 5750 &absoluto
434 5685 617 5769 canone,
656 5652 918 5765 dicebantur,
957 5651 1300 5768 quemadmodum
1331 5657 1647 5744 sacramentaria
1688 5685 1756 5742 ve·
1831 5684 1864 5775 s

1141 5774 1156 5858 i
1630 5775 1756 5890 tusta,

192 5960 252 6045 (a)
271 5919 381 6023 ‘Extat
393 5954 458 6017 hac
471 5949 609 6038 epistola
621 5946 738 6036 Vigilii
754 5945 841 6035 apud
853 5949 927 6012 Em.
989 5945 1096 6013 babbe
1109 5950 1314 6027 Cannio-5.
1328 5944 1410 6029 col-3
1420 5966 1433 6008 1
1443 5953 1503 6027 με(
1514 5949 1603 6038 apud
1614 5950 1761 6017 Haedui.

158 6039 341 6145 thguirte
351 6043 451 6110 cmc.
466 6038 560 6130 Hisp·
574 6039 674 6137 Tun.
685 6038 927 6141 pagnypapu'd
986 6054 1065 6131 num
1077 6038 1178 6131 Couo
1190 6039 1291 6132 Tou,
1303 6035 1467 6131 ‘⁰¹03429·
1635 6082 1638 6088 .
1751 6074 1755 6089 ..
