4450 7209
398 802 501 867 xciv
828 771 1579 862 PRAEFATIO.

398 892 735 1008 Chronologico,
773 886 822 973 de
854 891 1036 1004 Litargia
1075 893 1240 1002 antiqua
1283 886 1462 1003 Hispana
1490 883 1593 1007 (a),
1632 886 1766 975 locum
1808 886 2019 1005 integrum

402 1015 548 1102 dedit.
580 1021 617 1099 E
658 1039 773 1122 quo,
803 1037 849 1096 ea
881 1010 1050 1095 reseram
1079 1073 1094 1120 ,
1126 1037 1213 1120 quae
1244 1005 1411 1093 adrem
1443 1008 1619 1094 nostram
1651 1007 1832 1093 faciunt.
1863 1012 2019 1096 Moriu-

397 1138 561 1242 menti,
594 1132 674 1216 sive
707 1124 846 1215 anaor
873 1192 888 1239 ,
918 1128 999 1214 sive
1030 1128 1101 1214 scri
1133 1151 1236 1237 tor,
1268 1126 1468 1243 praemisso
1500 1129 1575 1214 hoc
1608 1127 1771 1235 titulo,
1802 1121 1854 1213 de
1888 1121 2020 1244 Miffa

399 1245 637 1368 Apostolice
673 1242 719 1335 in
748 1243 995 1366 Hispaniam
1029 1243 1083 1335 du
1124 1276 1149 1335 1
1174 1242 1411 1359 Julianus,
1442 1241 1497 1336 (5
1533 1240 1691 1356 Felix,
1725 1243 1891 1356 tradit,
1923 1252 2023 1337 Sari·

402 1370 485 1456 Ros
516 1377 817 1481 Torquatum,
850 1368 1011 1480 ejusque
1041 1367 1165 1454 socios
1195 1359 1256 1480 (b)
1285 1430 1299 1472 ,
1330 1363 1440 1481 apud
1474 1359 1622 1453 Urbem
1649 1373 1823 1451 Romam
1856 1393 1883 1451 a
1918 1373 2021 1456 Sari·

227 1462 244 1499 l
281 1546 310 1593 ,-
399 1486 479 1579 elis
510 1482 750 1604 Apostolir,
779 1494 936 1598 Petro,
963 1483 1017 1576 (1
1040 1481 1204 1594 Paulo,
1230 1480 1510 1572 Sacerdotium
1540 1483 1776 1600 suscepisse,
1808 1483 1850 1567 iri
1877 1484 2024 1603 Hispa·

398 1609 514 1695 niam
557 1605 749 1714 venisse,
791 1607 926 1720 ibique
957 1605 1148 1693 Ecclesiae
1187 1602 1471 1713 constituisse,
1501 1607 1540 1690 8(
1573 1598 1683 1716 sterit
1719 1594 1771 1690 ab
1806 1596 2022 1720 Apnflosie

397 1756 590 1835 nissum,
624 1753 971 1822 nocriiuiuiouie
1002 1742 1274 1852 acceperunt,
1306 1741 1383 1836 per
1411 1717 1657 1838 Hispaniam
1683 1714 1888 1808 ordinatis
1915 1718 2022 1839 Epi·

393 1841 535 1962 scopir
562 1842 786 1953 tradidisse,
814 1839 869 1932 (1
898 1838 957 1957 fic
982 1862 1122 1930 crevit
1139 1836 1267 1928 Fides
1294 1832 1512 1930 Catholici
1534 1834 1749 1956 paulisper
1774 1833 1866 1952 (c),
1893 1835 2023 1956 donee

402 1962 455 2052 de
480 1957 763 2071 orthodoxis,
790 1957 845 2052 t&
871 1955 1104 2050 Catholicis
1127 1955 1243 2048 viris
1261 1953 1358 2073 fuit
1382 1952 1626 2077 illustrare,
1655 1953 1702 2044 id
1727 1949 1814 2163 eli,
1840 1954 2022 2078 Fulgen-

403 2078 498 2197 rio,
530 2089 688 2189 Petro,
717 2078 936 2191 Leandro,
965 2075 1151 2195 istriam,
1181 2084 1218 2168 F
1219 2071 1402 2190 resinosa
1420 2141 1434 2189 ,
1453 2084 1488 2194 J
1489 2073 1659 2166 uliano.
1689 2083 1737 2161 A
1779 2070 2019 2167 1111111111-

393 2196 513 2317 psum
542 2220 793 2310 tenuerunt„
825 2191 880 2288 (θ’
905 2194 969 2316 (d)
996 2191 1111 2287 nobis
1138 2193 1424 2315 reliquerunt.
1451 2202 1556 2287 AEra
1585 2222 1818 2283 uccccirv.
1848 2190 1907 2311 (e)
1950 2206 2018 2286 Ex

219 2368 223 2375 ·
399 2321 479 2405 hoc
512 2328 777 2404 monumento
809 2319 989 2403 nonnulli
1015 2315 1264 2424 conficiunt,
1295 2315 1524 2429 Liturgiam
1541 2321 1771 2402 Romanam
1802 2342 1894 2400 eam
1924 2316 2018 2402 suis·

400 2437 441 2523 se
468 2466 640 2548 ,quam
670 2435 887 2551 Apostolici
929 2437 987 2521 illi
1025 2436 1212 2551 Episcopi
1241 2433 1444 2548 Hispania
1476 2435 1734 2520 intulerunt.
1768 2435 1879 2549 Quia
1910 2496 1924 2543 ,
1958 2435 2017 2520 iii·

402 2556 581 2666 quiunt,
612 2555 690 2640 viri
721 2556 780 2640 illi
800 2562 941 2640 Roma
972 2554 1254 2641 sacerdotalem
1281 2552 1523 2666 dignitatern
1552 2551 1687 2668 adepti
1719 2554 1844 2661 sunt,
1874 2557 1914 2638 8<
1933 2557 2017 2640 Ro·

287 2681 374 2789 164
406 2702 472 2759 rna
504 2675 542 2759 iri
577 2674 814 2788 Hispaniam
847 2675 1116 2788 Evangelium
1146 2671 1393 2787 pradicaturi
1425 2692 1651 2758 venerunt.
1682 2669 1758 2759 Sed
1790 2670 2016 2787 huicargu·

401 2793 646 2879 mentationi
685 2791 857 2906 superius
897 2790 1140 2880 satissaiium
1182 2791 1277 2903 est,
1309 2788 1547 2876 ostendendo
1578 2788 1826 2903 Apostolicos
1856 2792 2009 2902 viros,

399 2918 536 2998 Roma
567 2909 616 2995 ad
650 2910 1021 3024 Evangelizandum
1053 2906 1249 3026 professos
1277 2975 1291 3017 ,
1323 2908 1536 3022 aliquando
1567 2910 1798 3023 Liturgiam
1830 2907 2012 2996 tradidis-

397 3029 437 3115 se
470 3028 652 3117 Ecclesiis
681 3090 696 3135 ,
728 3056 825 3139 quas
854 3028 1162 3136 fundaverant,
1204 3057 1229 3114 a
1267 3036 1455 3116 Romana
1486 3029 1828 3113 dissentientem.
1868 3035 2013 3145 Quam

397 3148 692 3262 responsionem
726 3174 1035 3236 monumentum
1054 3146 1324 3254 Sco'rialense,
1355 3150 1384 3234 si
1416 3147 1511 3260 quid
1533 3149 1673 3255 valet,
1704 3144 1903 3262 splendide
1920 3175 2014 3234 cori·

396 3263 579 3374 firmat,
610 3264 848 3351 ostendendo
880 3261 1049 3382 Miffem
1079 3269 1190 3352 illam
1222 3257 1497 3396 Apollosicam
1528 3330 1544 3371 ,
1573 3293 1698 3377 quam
1730 3271 2015 3379 Torquatus,

397 3384 560 3496 ejusque
604 3383 739 3494 socii,
778 3381 983 3473 ordinaris
1024 3404 1099 3499 per
1133 3380 1377 3498 Hispaniam
1424 3380 1680 3501 Episcopis,
1722 3383 2015 3496 tradiderunt,

282 3515 363 3622 165
402 3504 629 3618 ipsissimam
660 3502 1041 3618 Gotho-Hispanam
1081 3503 1297 3589 extitisse.
1337 3512 1399 3593 Ea
1439 3509 1549 3591 enim
1582 3501 1746 3613 Missa,
1777 3500 1843 3588 seu
1874 3504 2010 3590 Litur·

396 3622 463 3738 gia
494 3621 605 3728 suit,
636 3649 760 3732 quam
793 3624 1058 3736 Fulgentius,
1088 3629 1250 3728 Petrus,
1283 3625 1484 3732 Leander,
1517 3621 1712 3728 Isidorus,
1745 3618 2007 3735 Fruuuosus,

399 3745 440 3827 8<
472 3739 647 3857 Julianus
679 3737 781 3849 usu,
813 3763 936 3852 atque
967 3741 1149 3855 operibus
1178 3739 1320 3848 editis,
1352 3742 1624 3828 illustrarunt.
1658 3743 1717 3828 Hi
1749 3767 1893 3826 autem
1924 3746 2009 3827 lari·

397 3854 558 3942 Rilsimi
601 3857 869 3972 Hispaniensis
900 3860 1080 3949 Ecclesia
1121 3858 1347 3975 Episcopi,
1378 3862 1420 3946 iri
1452 3860 1667 3945 Missarum
1699 3861 2010 3971 celebratione,

395 3977 581 4092 liturgia
612 3977 948 4094 GothoHispana
981 3978 1037 4063 usi
1068 3977 1157 4062 sunt
1185 4039 1196 4062 .
1228 3987 1293 4067 De
1325 3977 1558 4088 Ildesonso,
1591 3977 1842 4088 Frudluoso,
1875 3982 1915 4065 81
1946 3986 2014 4098 Ju-

395 4097 504 4182 liano
534 4093 819 4210 ambigendum
849 4128 928 4183 non
960 4096 1050 4207 est,
1079 4120 1222 4209 utpote
1252 4099 1359 4208 qui,
1390 4097 1474 4214 post
1505 4100 1730 4184 Concilium
1757 4099 2015 4185 Toletanuiii

395 4239 622 4326 quartum,
655 4217 839 4302 Ecclesiis
869 4213 1051 4330 regendis
1080 4213 1236 4302 admoti
1265 4214 1458 4304 suerunt.
1489 4216 1646 4304 Eadem
1677 4218 1862 4331 Liturgia
1893 4215 2010 4302 usum

396 4331 476 4417 esse
507 4337 545 4420 S.
573 4330 795 4441 Isidorum,
826 4333 975 4448 insigne
1006 4332 1090 4446 ejus
1120 4363 1220 4448 opus
1249 4330 1300 4423 de
1334 4330 1498 4456 Officiis
1530 4329 1824 4449 Ecclesiasticir
1854 4335 2009 4450 persua·

281 4543 284 4548 ,
393 4449 507 4558 det,
537 4447 726 4561 idemque
757 4448 806 4536 de
837 4451 920 4561 ejus
952 4451 1139 4537 fratribus
1166 4453 1389 4566 Leandro,
1419 4455 1666 4568 Fulgentio,
1697 4460 1737 4541 8(
1770 4463 1888 4541 Petro
1920 4444 2007 4540 seuss

394 4568 579 4654 tiendum
610 4630 620 4654 .
651 4573 796 4680 Neque
828 4572 939 4654 enim
979 4575 1018 4659 S·
1046 4569 1217 4657 Isidorus
1250 4600 1370 4659 unam
1399 4636 1413 4684 ,
1443 4575 1565 4659 aliam
1604 4601 1701 4658 vero
1740 4574 1883 4658 fratres
1922 4572 2008 4683 ejus

394 4716 581 4775 normam
616 4686 856 4773 celebranda
887 4687 1146 4777 Eucharistiae
1176 4689 1439 4777 habuerunt.
1472 4691 1593 4781 Unde
1625 4691 1711 4800 fit,
1743 4691 2011 4807 Liturgiam,

393 4834 519 4919 quam
552 4807 628 4892 viri
658 4806 908 4922 Apostolici,
939 4813 1109 4913 Roma,
1140 4806 1181 4892 iri
1199 4811 1438 4926 Hispaniam
1468 4811 1518 4897 ad
1550 4808 1842 4927 predicandum
1872 4818 2010 4899 Evan-

394 4925 578 5039 gelium,
611 4925 745 5033 missi,
775 4926 956 5011 Ecclesiis
975 4925 1176 5041 Hispania
1194 4927 1440 5016 tradiderunt
1461 4995 1475 5040 ,
1506 4928 1888 5044 GothoHispanam
1913 4928 2008 5016 suis·

279 5054 365 5141 166
394 5044 465 5152 se,
495 5070 574 5125 non
605 5070 703 5126 vero
732 5049 994 5128 Romanam.
1025 5049 1064 5132 S.
1092 5049 1309 5159 Gregorius
1340 5055 1464 5160 v11,
1495 5046 1546 5134 ad
1577 5048 1787 5136 Alfonsum
1807 5057 2006 5160 Sextum,

393 5158 567 5251 castella
598 5162 637 5247 8<
668 5160 855 5276 Legionis
884 5168 1077 5278 Regem,
1108 5166 1147 5251 8<
1178 5162 1230 5251 ad
1259 5167 1447 5259 sancium
1471 5174 1679 5287 Quartum
1704 5164 1782 5284 (f)
1811 5175 2008 5257 Navarra

1466 5350 1468 5355 ,
1836 5294 2003 5403 Regem

434 5490 499 5577 (a)
520 5491 637 5575 Capu.
655 5476 845 5569 sessuro.
860 5498 913 5552 roi
1272 5495 1330 5583 (1)
1353 5495 1450 5559 Anno
1463 5494 1587 5563 Christi
1603 5516 1666 5579 925
1683 5538 1694 5573 ,
1714 5512 1783 5580 quo
1803 5511 2010 5558 mouumen-

436 5582 495 5667 (b)
517 5578 630 5642 lishoc
645 5590 863 5642 monumento
891 5577 937 5639 ita
951 5564 1169 5644 nominantur
1230 5596 1303 5646 tum
1316 5588 1378 5646 lioc
1392 5580 1549 5670 scriptum
1566 5587 1651 5649 t'uit.

394 5668 577 5742 rorentis,
597 5666 733 5757 Tijisoo,
756 5666 961 5757 1181111111,
987 5666 1172 5743 secandus,
1275 5680 1294 5760 (
1303 5674 1351 5755 s)
1375 5666 1480 5734 Extat
1514 5674 1600 5737 inter
1626 5671 1783 5761 epistolas
1811 5678 1842 5737 S.
1870 5672 2006 5754 Grego-

391 5758 581 5846 Iasrafiur,
610 5757 776 5830 ceillier,
807 5760 852 5843 θ
871 5754 993 5840 spiciam
1231 5754 1273 5821 rii
1293 5758 1368 5824 Vll.
1393 5758 1487 5824 liba.
1509 5768 1643 5848 epass„
1666 5767 1697 5831 a
1717 5760 1805 5848 apud
1818 5760 2004 5825 Bistonium

437 5848 498 5936 (c)
517 5843 719 5932 Paulisper,
746 5842 876 5911 sortasse
889 5843 1079 5932 proseriae.
1228 5846 1263 5916 sii
1288 5845 1406 5910 Annii.
1429 5850 1471 5911 ad
1492 5868 1686 5932 anri-1074,
1708 5855 1738 5917 dr
1760 5850 1849 5936 apud
1863 5851 1942 5912 Em.
1961 5846 2005 5910 d·
2040 5854 2042 5859 ’

434 5942 505 6092 qr)
528 5933 570 6000 Er
584 5932 699 6012 robii,
714 5936 799 6002 forse
817 5932 994 6020 legendum
1010 5932 1067 6020 qul
1080 5930 1168 6000 rolli
1229 5934 1373 6022 Agriirro
1387 5936 1488 6005 Cone.
1499 5935 1593 6029 Hisp.
1609 5942 1909 6030 Toui‚3.pag.248·.

396 6045 431 6089 re
449 6027 631 6114 iqueruut.
2018 6053 2022 6063 ·
