4450 7209
303 730 369 804 xps
693 782 696 789 ,
742 711 878 784 FERIA
905 707 1054 782 SEXTA
1080 708 1133 783 IN
1160 709 1467 784 PARASCEVE.

294 806 344 904 pi.
356 808 557 881 Confirmet
581 807 709 883 Santlo
726 811 890 901 Spiritu.
919 818 962 877 P.
977 801 1095 875 indul·
1147 812 1226 881 dant
1251 811 1295 909 μά
1315 804 1480 895 finistram
1506 827 1608 881 corna
1637 807 1761 885 altaris
1800 814 1850 886 ό·
1886 830 1963 883 cat·
1988 832 2022 904 55

296 903 630 1002 gen07b0Medelam
653 906 744 999 egris
774 904 928 976 conserat
948 950 958 974 .
978 903 1097 975 P.ln-
1146 921 1219 978 tent
1247 902 1344 977 ambo
1374 905 1457 977 banc
1494 905 1772 1002 Antiphonem.
1823 904 1962 1002 Popule

295 1026 379 1101 gen.
412 1003 459 1090 rb.
472 1003 643 1097 Captivos
674 1002 794 1075 reddat
825 1003 962 1097 patrie.
983 1003 1097 1073 P.ln·
1147 1024 1244 1075 meus
1270 1002 1354 1098 quid
1381 1002 1448 1078 feci
1477 1004 1543 1076 tibi
1567 1022 1625 1078 aut
1656 1003 1690 1075 in
1719 1027 1792 1102 qno
1824 1003 1963 1079 contri·

294 1100 368 1173 dul.
395 1098 559 1195 Minas
576 1121 691 1172 aerum
717 1118 902 1194 temperet.
927 1097 1100 1172 P.lndul·
1145 1103 1230 1177 slavi
1256 1120 1291 1173 te
1318 1149 1328 1170 .
1354 1099 1542 1196 Responde
1567 1102 1650 1177 mihi
1682 1105 1763 1200 quia
1795 1103 1961 1176 eduxite

243 1216 266 1290 9
295 1202 442 1295 gentia.
466 1194 515 1286 pb.
527 1197 577 1268 Te
591 1197 814 1294 deprecamur
824 1197 977 1273 Domine
989 1195 1101 1273 indul·
1151 1202 1197 1273 de
1221 1220 1314 1273 terra
1329 1196 1627 1367 Epyptiinsrgnia
1651 1202 1781 1302 magnis
1807 1203 1843 1275 dt
1873 1223 1959 1295 pro·

296 1295 483 1393 gentiam·
1151 1299 1256 1399 digiis
1281 1319 1363 1370 exce
1379 1299 1420 1369 fis
1449 1329 1458 1368 s
1485 1303 1521 1374 δι
1546 1299 1666 1395 parasii
1682 1321 1823 1374 crucem
1839 1297 1962 1375 Salva·
1986 1304 2024 1374 60

205 1438 212 1453 .
350 1387 427 1476 Post
444 1389 506 1465 bec
519 1391 604 1465 dicit
616 1395 818 1469 Diaebarsns.
832 1392 963 1491 Erigite
979 1415 1075 1475 vos.
1147 1399 1222 1474 tori
1249 1413 1337 1470 tuo·
1363 1406 1407 1466 Et
1434 1419 1509 1468 eam
1537 1399 1693 1471 dixerit.
1725 1397 1852 1473 Patalii
1881 1418 1958 1470 crn-

1061 1542 1069 1551 ·
1151 1521 1228 1575 cem
1252 1493 1426 1570 Salvatori
1440 1512 1503 1571 tuo
1520 1544 1531 1568 .
1557 1507 1594 1568 ln
1602 1493 1670 1581 fine
1684 1494 1881 1591 Antiphone
1897 1497 1960 1568 dat

341 1596 388 1666 Et
403 1591 570 1681 Sacerdos,
577 1590 664 1688 legit
676 1591 762 1664 bane
778 1589 991 1666 orationem.
1154 1593 1320 1667 niacbani
1361 1593 1472 1665 indari
1487 1593 1748 1691 superpelliceis
1789 1595 1826 1664 in
1853 1591 1959 1665 medie

218 1705 270 1769 20
1155 1694 1250 1766 ebori
1275 1708 1354 1763 ante
1383 1688 1494 1765 altare
1519 1690 1960 1789 majnsincipiant&san·
2002 1716 2010 1743 e

631 1788 774 1864 orarios
1155 1805 1255 1863 tent.
1287 1797 1435 1886 Agyor.
1465 1790 1632 1862 Otheos.
1660 1793 1822 1888 Agyos.
1853 1785 1961 1882 lsqui·
1985 1794 2022 1884 σς

357 1956 362 1961 .
1156 1880 1959 1985 ros.agyosmehanatostfiteyson.run.

402 1981 570 2081 Nigenite
599 1979 648 2057 lili
671 1984 740 2059 Dei
755 1983 866 2061 Patris
886 2007 897 2052 a
919 1981 977 2078 qui
992 1982 1102 2057 celum
1153 1983 1287 2088 Qibns
1308 1984 1418 2069 finitis
1451 2011 1460 2054 a
1492 1986 1610 2057 cham
1640 1983 1836 2082 respondeat
1857 1982 1961 2076 flexis

416 2086 588 2158 rediturus
608 2085 755 2157 interris
770 2083 933 2172 dignatus
948 2106 984 2152 es
999 2081 1101 2156 nasci:
1147 2081 1292 2179 genibus
1314 2081 1541 2178 assequitur.
1571 2087 1714 2160 sandius
1728 2085 1848 2157 Deuss
1879 2083 1963 2153 San·

76 2225 77 2238 1
219 2192 268 2274 ¹5
298 2200 336 2259 ut
355 2203 416 2252 nos
431 2179 586 2257 elevares
602 2182 643 2253 ad
657 2179 775 2256 celos.
802 2179 873 2268 Qui
900 2180 983 2253 ideo
1015 2181 1048 2252 in
1063 2178 1101 2250 li·
1152 2182 1225 2254 ctus
1253 2179 1387 2255 fortis.
1423 2181 1565 2252 santius
1602 2182 1638 2252 &
1669 2179 1870 2257 immortalis
1896 2177 1962 2252 mi·

299 2302 373 2378 gno
395 2280 505 2352 crucis
542 2302 656 2352 manus
685 2279 845 2374 proprias
875 2278 1057 2351 extendisti
1092 2302 1101 2345 s
1154 2277 1269 2351 serere
1296 2273 1430 2349 nobis.
1458 2279 1570 2349 Finita
1591 2280 1707 2373 prima
1727 2279 1873 2364 flatione
1899 2279 1962 2348 dne
1986 2307 2025 2384 70

204 2418 224 2467 ρ
302 2395 343 2451 ut
370 2400 436 2454 nos
458 2378 499 2450 ad
525 2374 657 2474 lignum
672 2378 744 2452 vite
760 2373 939 2471 propicius
958 2399 1102 2452 revoca·
1147 2376 1337 2472 supradibii
1365 2373 1566 2473 Presbyteri
1593 2375 1656 2470 qni
1683 2373 1822 2471 treceni
1849 2389 1963 2450 tenent

241 2464 245 2480 '
297 2498 379 2548 rea.
404 2477 460 2547 De
489 2497 557 2569 quo
573 2475 680 2549 Adam
698 2475 831 2573 gustare
858 2496 930 2547 non
951 2473 1103 2547 metuite
1152 2489 1297 2571 pergant
1323 2473 1367 2542 ad
1391 2475 1549 2544 dextrum
1586 2495 1686 2546 cornu
1726 2477 1852 2550 altaris
1883 2494 1960 2545 cum

301 2575 496 2670 positaque
527 2572 655 2649 crimen
684 2571 972 2668 prevaricationis
989 2573 1101 2645 incur·
1150 2594 1248 2643 cruce
1271 2567 1360 2660 [ient
1383 2573 1481 2670 prius
1507 2618 1518 2640 .
1543 2580 1588 2641 Et
1617 2587 1751 2647 cantent
1771 2572 1950 2663 stanneam

221 2686 275 2752 »ο
300 2670 368 2745 rit.
397 2672 501 2747 Crux
528 2695 619 2770 ergo
646 2671 815 2745 tuaDens
847 2698 857 2738 s
890 2671 966 2742 vite
996 2670 1100 2745 arbor
1149 2668 1382 2764 Antiphonem
1409 2668 1631 2763 fi’qaentern.
1659 2670 1751 2765 Qia
1789 2674 1960 2747 eduxite
2007 2716 2012 2724 -

300 2769 350 2843 est
380 2795 389 2838 s
420 2770 455 2842 in
472 2788 632 2844 eternum
652 2768 811 2843 vivificet
838 2795 847 2836 e
875 2789 1042 2861 quemque
1058 2792 1105 2840 ex
1154 2790 1217 2863 per
1232 2766 1403 2839 desertum
1416 2765 1642 2864 quadraginta
1662 2773 1758 2846 annis
1774 2798 1784 2840 r
1801 2777 1840 2848 dt
1862 2787 1957 2847 mao-
1984 2792 2026 2872 75

209 2902 224 2921 r
301 2891 346 2941 ea
372 2867 598 2962 gustaverit.
627 2869 735 2944 Tuam
765 2888 854 2964 ergo
879 2863 1103 2941 elementiam
1154 2890 1198 2939 na
1229 2863 1343 2941 cibavi
1376 2883 1411 2935 te
1444 2866 1516 2938 s&
1550 2866 1727 2942 introduxi
1768 2870 1803 2944 in
1833 2886 1959 2951 terram

213 2960 217 2967 ’
302 2963 452 3062 petimus
479 2996 491 3038 s
519 2984 558 3042 ut
587 2965 788 3041 auferantur
823 2965 867 3038 ab
900 2960 1009 3037 oculis
1034 2964 1102 3038 tuis
1155 2962 1234 3039 satis
1266 2965 1454 3058 optimam.
1488 2963 1671 3039 P.Parasli
1694 2990 1831 3047 erucem
1855 2968 1962 3046 ntra·

302 3062 391 3139 mala
423 3067 536 3141 nostra
564 3062 732 3157 preterita
759 3090 770 3131 r
799 3066 836 3136 δι
864 3060 955 3136 bona
985 3063 1102 3136 futura
1155 3061 1227 3136 tori
1260 3079 1348 3135 tuo.
1376 3070 1421 3130 Et
1446 3084 1521 3135 enm
1546 3078 1748 3158 perventum
1771 3067 1886 3156 faerit
1914 3068 1959 3140 nal

221 3183 274 3269 »5
304 3161 508 3239 nascantur.
538 3162 651 3249 Huius
678 3159 795 3239 mundi
808 3157 868 3232 lux
878 3159 984 3233 infida
996 3156 1109 3257 negli·
1152 3157 1255 3246 finem
1280 3161 1441 3231 dicendo.
1470 3162 1595 3236 Paralli
1623 3184 1760 3236 crucem
1791 3162 1959 3242 salvatori
2009 3204 2015 3219 ·

304 3278 408 3360 gutur
433 3287 444 3329 s
468 3264 505 3337 dt
520 3259 750 3358 perennitatis
763 3277 823 3333 tue
844 3281 864 3330 a
891 3256 992 3330 nobis
1014 3277 1109 3332 eter-
1161 3276 1224 3332 tuo
1250 3307 1261 3329 .
1289 3256 1478 3353 firpradiiii
1505 3260 1670 3333 Diacboni
1685 3277 1733 3334 nrt
1753 3265 1855 3359 prins
1884 3287 1960 3337 can·
1985 3266 2028 3344 so

211 3404 220 3427 .-
304 3359 398 3434 nitas
412 3362 629 3460 requiratur.
658 3372 709 3451 Βι.
725 3359 865 3435 nmen·
892 3355 959 3429 l’er
983 3355 1112 3432 miseri·
1158 3367 1255 3429 tent.
1281 3359 1429 3451 Agyor.
1455 3366 1526 3432 Per
1557 3372 1666 3431 tutam
1688 3373 1767 3431 arte
1792 3357 1905 3435 altare
1922 3377 1961 3436 ret

303 3459 460 3537 cordiam
475 3480 568 3536 tuam
576 3458 673 3530 Deus
688 3456 803 3529 noller
817 3452 896 3546 equi
910 3450 1005 3528 vivis
1034 3477 1110 3529 curn
1151 3455 1387 3550 supradittnrn
1414 3449 1457 3536 est
1488 3500 1497 3523 .
1539 3451 1676 3558 Qibns
1699 3453 1812 3543 finitis
1843 3459 1961 3532 charas

306 3555 395 3633 Deo
411 3562 519 3634 Patre
535 3557 572 3629 dt
588 3576 737 3653 regnans
754 3574 830 3630 cum
845 3548 1109 3646 SpirituSandio
1152 3547 1259 3645 plexis
1282 3545 1426 3648 genibus
1465 3568 1612 3625 cantet.
1651 3552 1795 3629 Sanblus
1818 3557 1960 3630 Deus.

225 3672 279 3759 ,ο
310 3649 696 3735 insecuisseculornm·
724 3651 927 3748 13nAmen.
945 3644 1024 3733 Post
1050 3650 1111 3723 bec
1159 3665 1199 3720 rat
1220 3650 1319 3744 prius
1341 3651 1435 3720 mado
1465 3654 1511 3725 Θ
1529 3649 1645 3738 farma
1661 3650 1884 3748 sapradista.
1913 3662 1959 3726 Et

306 3751 560 3829 decantatbnne
573 3749 749 3843 Psalmtam
764 3746 1038 3846 cumAntipbona
1048 3745 1116 3836 fisa
1162 3746 1241 3817 darn
1266 3744 1522 3817 absterreantur
1551 3750 1723 3823 sanctus.
1754 3753 1818 3825 deo
1839 3751 1961 3850 sapra-
1990 3760 2034 3855 εἰ

298 3846 354 3950 Ιιιό
377 3851 533 3966 Episcopo
560 3844 733 3947 impnfita.
756 3845 982 3943 Antiphone·
1006 3844 1115 3922 Parce
1163 3841 1247 3915 sitta·
1275 3838 1474 3939 Presbyteri
1509 3865 1584 3917 eram
1611 3869 1708 3919 cruce
1739 3851 1878 3923 veniant
1918 3852 1961 3925 aa

306 3947 408 4026 Dens
438 3973 519 4046 quta
536 3945 724 4048 sprevimus
736 3961 902 4044 precepta
925 3960 986 4017 tua
1015 3970 1025 4012 s
1051 3940 1110 4037 qni
1161 3939 1437 4013 medinmaltaris
1464 3964 1477 4010 r
1501 3946 1548 4015 eb
1576 3958 1723 4017 tenentes
1737 3971 1868 4020 crucem
1881 3967 1962 4019 eas·
2001 4027 2006 4037 ¹

306 4050 368 4122 das
381 4052 458 4147 poll
472 4065 616 4145 peccata
631 4040 882 4142 indulgentiam
898 4088 910 4111 ·
944 4051 991 4115 P.
1003 4040 1110 4116 Mise—
1159 4052 1233 4112 tent
1259 4042 1398 4111 tertiam
1413 4038 1645 4134 Antiphonem
1650 4043 1867 4142 sequentem.
1882 4054 1962 4119 An·

231 4162 279 4247 35
311 4167 391 4219 rere
412 4143 789 4221 meiDeussecundum
802 4163 992 4255 magnam.
1009 4140 1113 4210 Dibio
1161 4136 1321 4234 sipbara.
1346 4134 1440 4226 Qid
1464 4134 1553 4210 ultra
1578 4139 1681 4213 debui
1709 4143 1825 4216 facere
1848 4144 1959 4218 tibi&
1981 4172 1987 4183 ·

311 4243 450 4333 Psalmo
463 4269 528 4318 nna
542 4266 616 4317 cnm
640 4240 764 4318 Gloria
779 4243 897 4316 Patri·
923 4241 1006 4312 dicit
1026 4240 1112 4310 Dia·
1162 4231 1340 4308 nonseci.
1370 4236 1448 4332 Ego
1472 4234 1609 4327 quidem
1638 4236 1789 4336 plantavi
1819 4240 1960 4319 vineam
1991 4254 2039 4337 90'

222 4394 238 4422 -‚
309 4339 434 4414 ebenus
443 4337 820 4436 tertia.1udulgeutia.
842 4358 910 4415 non
932 4333 1111 4432 plusquam
1162 4354 1275 4405 meam
1302 4331 1577 4425 speciofiffimam
1607 4365 1617 4407 s
1645 4340 1682 4415 dt
1725 4359 1764 4413 tu
1802 4337 1890 4414 sacia
1923 4365 1961 4414 ee

309 4455 444 4513 centurn
467 4435 602 4513 uicibus
628 4485 639 4509 .
666 4447 699 4509 c.
726 4446 770 4510 Et
797 4439 887 4508 dieat
913 4429 1112 4529 Episcopus·
1162 4430 1244 4521 mihi
1274 4428 1372 4505 nimis
1410 4455 1525 4506 amasa
1553 4458 1563 4500 a
1591 4454 1691 4509 aceto
1734 4461 1876 4532 namque
1919 4439 1964 4511 sn

310 4533 416 4626 plin
434 4528 1114 4634 paslorbone.&c.ldisereremeiDeus
1167 4531 1231 4605 sim
1260 4550 1369 4604 meam
1397 4530 1520 4628 potasti
1551 4556 1563 4599 a
1597 4535 1632 4608 dt
1660 4533 1780 4609 lancea.
1808 4537 1964 4633 persora·

232 4660 283 4743 φ
313 4633 393 4731 quia
417 4636 536 4712 omnia
568 4656 671 4751 potes
704 4659 713 4701 s
745 4651 784 4708 tu
812 4629 905 4704 enim
932 4625 1117 4703 diffimulas
1166 4629 1205 4703 sii
1232 4623 1320 4702 latus
1341 4629 1512 4708 salvatori
1539 4647 1625 4707 tuo·
1650 4642 1694 4704 Et
1716 4658 1795 4707 enm
1812 4638 1964 4708 dixerint

311 4756 453 4830 peccata
484 4736 656 4813 hommum
687 4750 838 4831 propter
863 4727 1115 4825 penitentiam·
1165 4724 1340 4803 salvatori
1376 4750 1473 4804 tuo.
1516 4730 1680 4805 Diacboni
1702 4734 1892 4828 firpradibii
1926 4746 1965 4804 ret
1992 4747 2035 4822 95

230 4876 257 4915 -,
310 4836 441 4907 Deinde
455 4835 547 4905 dicat
559 4833 770 4933 Presbyter.
795 4828 1117 4923 DeprecemurDo·
1161 4827 1260 4923 prins
1283 4841 1415 4901 cantent
1444 4833 1605 4925 Agyos.
1642 4840 1686 4901 Et
1723 4831 1841 4902 charas
1861 4825 1965 4920 flexis

312 4930 441 5006 minum
464 4931 530 5003 dac.
553 4934 655 5004 Dicat
683 4930 884 5027 Episcopus.
910 4927 961 4998 Te
994 4946 1119 5020 preca·
1158 4918 1305 5019 genibus
1318 4942 1449 5000 cantet.
1465 4923 1607 4999 Sanctus
1621 4929 1739 5002 Deus.
1748 4926 1834 5018 ficret
1846 4928 1963 5025 prius.

238 5020 248 5049 ‘
313 5049 390 5101 mur
416 5030 591 5102 Domine.
615 5039 661 5101 P.
683 5023 934 5121 indulgentia.
959 5019 1014 5113 ib.
1039 5024 1115 5103 Re·
1165 5025 1305 5094 Interim
1331 5028 1419 5116 qvod
1444 5027 1496 5094 ita
1513 5024 1654 5112 finietur
1677 5043 1852 5124 sparetus
1869 5022 1962 5110 sira·

224 5148 282 5223 45
315 5127 429 5199 stituat
451 5127 614 5220 paradiso
638 5174 649 5197 .
673 5136 716 5196 P.
747 5123 858 5195 indul.
883 5119 935 5210 rb.
963 5118 1118 5196 Claustra
1166 5136 1242 5192 tum
1268 5144 1378 5195 caram
1403 5120 1516 5193 altare
1551 5151 1563 5193 e
1597 5150 1674 5199 eum
1706 5125 1822 5222 pannis
1842 5125 1963 5212 sericis

313 5221 473 5298 celorum
487 5223 646 5298 reseret.
669 5233 715 5294 P.
730 5217 841 5296 indul.
858 5214 906 5313 pb
918 5222 1117 5294 Removeat
1166 5223 1213 5291 (a
1242 5215 1321 5289 aliis
1345 5223 1552 5292 ornamentis
1580 5224 1623 5293 ad
1657 5222 1858 5295 adorandam
1890 5246 1964 5296 errr-
1995 5235 2050 5294 100

213 5372 220 5379 -
311 5319 543 5421 supplicium.
567 5316 1118 5504 Indulp.Extinpuan‘gehenne
1167 5335 1239 5385 cem
1262 5363 1272 5385 .
1297 5323 1341 5389 Et
1360 5316 1469 5401 finitis
1487 5314 1689 5402 dationibus
1706 5334 1812 5417 prom
1840 5322 1967 5396 dissent

313 5419 496 5495 incendia·
520 5431 565 5492 P.
579 5415 827 5516 indulgentia·
890 5459 901 5482 ·
931 5414 1116 5489 Defunffla
1167 5404 1211 5493 css
1241 5415 1437 5510 superiuss
1471 5421 1630 5490 Sacerdos
1665 5420 1794 5508 faciens
1828 5416 1965 5509 officinm

313 5519 427 5594 donet
454 5518 631 5613 requiem.
660 5528 705 5592 P.
722 5509 908 5609 Indulgen.
967 5515 1118 5587 ‚Locum
1168 5528 1275 5582 exuat
1299 5531 1435 5608 cappam
1462 5519 1511 5588 &0
1535 5518 1680 5612 accipiat
1703 5540 1834 5591 crucem
1866 5513 1965 5590 vela·

230 5608 888 5717 50quierisconferat.a².1ndu1.
949 5609 1114 5690 .Santiie
1166 5621 1238 5681 tarn
1267 5612 1309 5685 de
1333 5608 1484 5683 manibus
1513 5615 1655 5686 datram
1682 5613 1964 5712 Presbyternrnrn

315 5715 498 5789 consortes
516 5716 645 5790 saciat.
671 5724 716 5789 P.
731 5708 844 5784 lndnl.
870 5713 988 5782 Finitis
1005 5712 1121 5805 preci·
1170 5709 1357 5780 canentium
1382 5735 1393 5775 e
1417 5730 1485 5805 pan
1511 5712 1666 5810 Μαρια
1692 5715 1828 5784 accedat
1847 5721 1965 5784 Sacer·
1996 5719 2048 5796 105

311 5812 376 5886 bns
404 5817 471 5885 dno
495 5811 620 5888 nobiles
648 5807 850 5911 Presbyteri
876 5813 912 5884 in
916 5804 1120 5906 superpelbr'-
1169 5805 1685 5880 dasaddcxtrterncornraasteris
1702 5806 1965 5896 verfircrncifixa

310 5915 379 5984 seis
422 5913 588 6006 accipiant
623 5934 760 5986 crucem
793 5925 981 6005 coopertam
1010 5923 1119 6001 panno
1168 5904 1212 5972 ad
1222 5902 1382 5997 papulum
1406 5931 1417 5974 r
1444 5908 1585 6000 incipiat
1600 5907 1855 6002 Antiphonam.
1883 5909 1967 5980 Ecce

310 6011 410 6106 nigra
442 6008 562 6102 uersas
592 6020 632 6088 S·
659 6005 867 6112 enutrissem
892 6012 974 6099 aaa·
1001 6003 1120 6105 assem
1165 5994 1901 6105 lignuncrucistnmnopnrenaobracarum
1915 6007 1970 6078 ae·
2047 6000 2050 6010 ’

1597 6143 1602 6151 ·
1788 6170 1791 6175 .
1841 6119 1965 6177 :trun
