4450 7209
392 792 535 861 xxvm
833 764 1583 856 PRAEFATIOJ

387 913 523 977 torum
554 880 838 993 ministraturi,
869 876 1126 970 Dalmaticar
1151 877 1293 1000 nigras
1319 881 1509 994 induant,
1542 881 1736 969 recentior
1762 882 1907 996 utique
1935 885 2008 1002 el'l,¹

386 1036 481 1096 nam
516 1010 647 1092 tunica
678 1001 915 1092 subdiaconi
946 995 1181 1089 Dalmatica
1214 1003 1477 1112 nominatur,
1509 1001 1616 1114 quod
1646 1031 1780 1088 recens
1812 1006 1899 1094 est.
1932 1015 2008 1097 Fa·

381 1149 503 1232 teor,
537 1134 620 1209 imo
650 1122 749 1208 adeo
782 1148 952 1229 recens,
984 1142 1028 1204 ut
1061 1149 1111 1205 ne
1143 1149 1246 1206 nunc
1278 1121 1444 1232 quidem
1475 1122 1615 1210 tunica
1648 1122 1885 1212 Subdiaconi
1916 1156 2005 1243 pro·

383 1247 470 1360 prie
490 1237 723 1330 Dalmatica
755 1240 939 1327 dicatur.
970 1246 1030 1326 At
1060 1240 1126 1324 ille
1158 1240 1236 1325 hoc
1269 1242 1386 1327 unico
1418 1243 1605 1355 exemplo
1632 1243 1737 1328 male
1763 1245 1906 1356 probat
1934 1275 2006 1332 ca·

382 1385 493 1447 teros
531 1362 631 1446 ritus
673 1359 837 1446 Millalis
870 1353 1097 1467 Ximenii,
1137 1357 1208 1469 qui
1246 1358 1297 1445 ad
1336 1360 1466 1445 officia
1507 1357 1706 1445 fenilioris
1746 1361 2006 1451 hebdomada

385 1482 589 1597 pertinent
620 1508 753 1568 amnes
773 1474 911 1589 ferme
940 1476 1176 1562 recentiores
1207 1477 1313 1586 else,
1354 1507 1484 1563 nonne
1515 1507 1674 1590 aequum
1717 1482 1843 1594 magis
1873 1483 2006 1570 fuisset

383 1599 662 1705 oscitantiam,
694 1602 734 1684 sle
763 1597 1058 1683 sellinationem
1077 1598 1340 1682 Amanueusrs
1368 1591 1581 1683 accusare?
1612 1598 1684 1709 qui
1715 1597 1882 1685 debebat
1914 1603 2007 1689 scri·

382 1718 493 1833 psalle
525 1712 579 1806 (Ψ
606 1713 810 1803 Diacoaur
837 1709 1147 1822 Dalmaticum,
1177 1707 1452 1802 Subdiaconus
1481 1711 1739 1804 Tunicellam
1767 1713 1913 1834 nigras
1940 1751 2009 1809 ae·

384 1830 547 1950 cipiar,
577 1860 648 1922 aut
678 1840 785 1920 certe
816 1834 1085 1950 ignorantiam
1112 1827 1356 1949 scriptoris?
1389 1839 1522 1942 Nam,
1553 1863 1645 1919 cum
1676 1836 1914 1924 Subdiaconi
1942 1864 2011 1925 tu·

386 1958 511 2062 nica,
553 1954 717 2041 manicis
749 1953 995 2064 dumtaxat,
1035 1982 1124 2065 quae
1155 1953 1338 2038 nonnihil
1375 1951 1581 2040 stric‘liores
1612 1955 1732 2064 sunt,
1774 1984 1798 2041 a
1831 1958 2006 2048 Diaconi

384 2075 649 2183 Dalmatica,
680 2073 1004 2181 discriminetur,
1035 2071 1150 2158 facile
1180 2096 1265 2158 erat
1293 2067 1486 2187 Scriptori
1516 2075 1649 2158 minus
1689 2097 1874 2160 accurato
1906 2072 2010 2166 Dal·

378 2191 575 2280 maricam
594 2257 606 2300 ,
625 2221 697 2308 pro
716 2187 935 2280 Tunicella
965 2191 1180 2307 accepisse.
1211 2189 1287 2280 Sed
1304 2190 1425 2304 quid,
1457 2193 1485 2277 li
1513 2192 1735 2305 antiquitus
1762 2195 1889 2279 etiam
1910 2197 2008 2285 Sub·

383 2309 540 2397 diaconi
574 2312 804 2399 Dalmatica
834 2311 1123 2421 induebantur,
1155 2331 1202 2397 ut
1230 2312 1293 2397 vir
1318 2308 1496 2396 eruditus
1522 2312 1713 2430 Josephus
1739 2313 2005 2425 Vicecomes,

384 2431 574 2545 opinatur
599 2426 696 2545 (a)?
728 2433 868 2544 utique
900 2428 1114 2516 dicendum
1145 2427 1288 2516 errasse
1319 2427 1520 2516 eruditum
1552 2439 1610 2517 Le
1638 2438 1776 2540 Brun,
1817 2434 1888 2543 qui
1915 2461 2011 2521 cou-

268 2568 347 2635 121
384 2549 634 2636 suetudinem
673 2552 886 2663 antiquam
926 2549 1118 2635 novitatis
1156 2542 1390 2634 accusavit?
1431 2550 1737 2657 Nihilominus,
1777 2551 2004 2665 inquiunt,

383 2671 521 2782 negari
553 2697 632 2754 non
667 2669 792 2784 potest
820 2670 1049 2783 Eugenium
1080 2666 1129 2752 de
1160 2668 1339 2774 Robles,
1370 2668 1542 2776 Toleti,
1573 2668 1678 2782 apud
1709 2675 1748 2756 S.
1777 2675 2007 2784 Marcum,

385 2789 612 2874 Pmochum
641 2790 975 2896 Mozarabieum,
1007 2783 1207 2872 tradidisse
1229 2783 1390 2872 Missale
1408 2789 1741 2897 Mozatabieum,
1772 2817 1867 2873 cum
1896 2792 2006 2906 typis

386 2905 599 3016 ederetur,
632 2905 733 3016 jussu
760 2907 977 2995 Cardinalis
997 2906 1176 2992 Ximenii
1207 2907 1494 3020 interpolatum
1526 2908 1671 3015 fuisse,
1703 2908 1753 2992 stc
1783 2910 1893 2993 enim
1920 2909 2010 2995 leri·

384 3023 445 3108 bit
473 3018 568 3138 (l),
606 3022 827 3112 natandum
864 3055 968 3113 vero
997 3019 1043 3111 in
1070 3017 1325 3138 impreffione
1357 3023 1525 3111 Missalis
1561 3026 1840 3134 Mozatabici,
1881 3056 2008 3145 quam

381 3132 483 3257 fieri
508 3135 626 3260 juffir
645 3139 886 3232 cardinalis
906 3149 947 3228 F
947 3136 1154 3252 ranciscat
1172 3137 1386 3230 Ximenius
1403 3139 1745 3260 Arcbieprscopus
1764 3142 2009 3260 Toletamre,

383 3254 440 3351 (a
467 3256 513 3348 in
538 3256 814 3349 translatione
844 3283 983 3349 textus
1011 3254 1179 3349 Gothici
1214 3256 1259 3348 in
1286 3256 1495 3364 latinum,
1536 3293 1623 3350 erm
1652 3257 1888 3377 addidiffe,
1949 3259 2003 3354 le·

388 3375 535 3511 rosque
561 3410 584 3467 e
606 3377 766 3469 saneris
802 3371 945 3494 Officii
983 3373 1191 3475 Toletani
1216 3376 1410 3488 veteris,
1452 3377 1506 3471 (a
1531 3378 1691 3469 Sanl'lir
1721 3389 1897 3496 Mazara
1926 3379 2005 3471 icis

383 3493 619 3612 mijcuiffe,
651 3492 878 3627 apposuisse
904 3491 1029 3585 etiam
1050 3492 1183 3612 Miffa
1204 3494 1438 3614 generalem
1468 3494 1770 3618 eaafeffianem,
1801 3529 1890 3586 cum
1915 3529 2005 3590 ara·

383 3611 498 3702 tione
523 3612 779 3705 adorationis
806 3611 977 3713 Crucis,
1009 3613 1253 3731 ceterasque
1279 3618 1516 3724 arationes,
1541 3651 1631 3738 qua
1660 3644 1757 3708 anre
1781 3612 2004 3710 introitum

387 3731 615 3844 dicuntur,
648 3729 702 3824 (a
729 3736 845 3823 Salve
872 3730 916 3821 ia
933 3722 1028 3847 fine
1056 3729 1124 3819 Mi
1160 3763 1216 3840 a,
1243 3728 1298 3822 (θ’
1325 3732 1456 3851 quia,
1483 3733 1588 3845 bac,
1616 3733 1671 3829 (θ’
1694 3735 1892 3854 pleraque
1918 3734 2007 3829 alia

382 3846 572 3962 adiecit,
602 3847 692 3940 idea
718 3846 886 3966 Miffale
914 3847 1017 3939 banc
1054 3847 1097 3964 in
1120 3848 1362 3965 criprionem
1388 3847 1510 3942 babet
1536 3857 1696 3943 Missale
1724 3858 1900 3942 mixtum
1930 3865 2006 3946 &o

382 3975 424 4058 de
457 3970 559 4055 infra
587 3966 679 4084 (c),
718 3964 815 4058 hinc
834 3965 885 4084 fe
913 3967 1030 4058 uitur
1055 3965 1270 4087 plerosque
1295 3969 1494 4081 Sanflas,
1533 3998 1607 4062 aut
1635 3979 1830 4086 majorem
1868 3980 2015 4066 eorum

383 4108 581 4205 partem,
614 4080 839 4205 dequibus
895 4085 1024 4176 icitur
1051 4118 1256 4175 commune
1282 4087 1550 4200 Sanslarum,
1586 4093 1764 4205 adjellas
1785 4088 1918 4208 faiffe
1953 4090 2010 4187 (9⁹

385 4200 582 4321 immistas
607 4234 632 4292 a
653 4212 692 4291 F
693 4201 874 4317 rancisca
901 4200 1128 4293 cardinale
1154 4202 1369 4317 ximenes,
1400 4205 1446 4295 ira
1474 4208 1746 4300 translatione
1772 4233 1911 4301 terrra
1932 4222 2010 4304 Ga·

387 4317 495 4412 tlrici
521 4319 568 4410 in
597 4317 773 4411 latinum
790 4317 1048 4435 sermonem.
1079 4330 1178 4410 Hac
1210 4324 1302 4429 ille,
1329 4325 1431 4411 unde
1458 4331 1729 4441 concludunt,
1762 4332 1790 4415 li
1821 4333 2007 4421 Roblesro

389 4438 518 4545 fides,
556 4441 674 4527 sateti
705 4441 856 4527 necesse
896 4438 975 4526 esse
1000 4440 1255 4529 cardinalem
1285 4446 1519 4533 Ximenium
1550 4449 1708 4536 Missale
1752 4451 1924 4560 ritibus,
1963 4459 2004 4542 δι

386 4555 538 4650 Sanssis
565 4561 774 4648 Toletanis
806 4558 1079 4675 interpolasse,
1109 4561 1209 4645 adeo
1234 4584 1280 4645 ut
1308 4563 1466 4651 Missale
1494 4573 1761 4655 Mozarabum
1789 4569 1894 4682 typis
1924 4572 2005 4660 edi·

273 4699 354 4765 122
389 4702 480 4763 tum
512 4706 585 4769 nec
611 4677 1025 4794 GothoHispanum,
1056 4706 1129 4764 nec
1156 4683 1456 4768 Mozarabieum
1488 4686 1566 4772 dici
1595 4691 1768 4774 debeat.
1799 4689 1874 4775 Sed
1903 4692 2007 4779 mul·

386 4821 428 4883 ta
448 4798 561 4905 sunt,
589 4825 675 4908 quae
703 4798 790 4882 vim
819 4796 938 4908 hujus
969 4800 1324 4910 argumentationis
1352 4801 1593 4918 infringunt.
1625 4816 1680 4896 Et
1708 4809 1883 4923 primum
1912 4838 2006 4896 coo·

387 4913 582 5022 cedatur,
619 4915 851 5000 Ximenium
879 4914 947 4999 suo
977 4914 1132 5002 Missali
1168 4943 1231 5000 eas
1259 4946 1396 5003 omnes
1427 4925 1624 5010 orationes
1656 4927 1882 5035 inseruisse,
1914 4957 2008 5040 qua

383 5034 621 5141 introitum,
652 5033 733 5118 sive
763 5023 944 5151 officium
971 5025 1245 5145 admissam,
1273 5038 1526 5149 praecedunt,
1568 5041 1707 5132 demus
1746 5048 1870 5130 etiam
1908 5076 2009 5137 eum

384 5149 547 5244 Sanam
576 5149 773 5266 plurimos
796 5152 1016 5236 Toletanos
1046 5147 1199 5241 sannis
1225 5159 1489 5245 Mozarabicis
1519 5161 1739 5271 addidisse,
1779 5195 1877 5250 num
1909 5165 2007 5257 inde

385 5270 565 5383 sequitur
593 5267 752 5354 Missale
781 5268 1046 5354 Mozarabum
1077 5264 1261 5357 Ximenii
1295 5279 1658 5370 sacramentarium
1695 5284 2024 5403 Gotho-Hispa,a

385 5418 485 5479 num
522 5414 600 5485 non
628 5380 738 5473 esse?
768 5382 873 5471 haud
910 5410 1037 5502 puto.
1067 5390 1180 5473 Nam
1209 5387 1237 5472 st
1263 5389 1434 5502 fimilia,
1471 5397 1555 5482 imo
1584 5403 1694 5514 plura
1727 5389 2018 5497 additamenta.

386 5537 471 5597 non
498 5506 675 5597 efficiunt
692 5568 709 5621 ,
725 5528 773 5594 ut
797 5502 960 5595 Missale
989 5510 1223 5594 Romanum
1251 5511 1359 5601 &Pii
1384 5515 1533 5634 Quinti
1558 5516 1636 5608 dici
1664 5547 1840 5637 nequeat
1867 5528 2008 5614 Sacra·

1892 5674 2012 5738 men·

433 5840 493 5925 (a)
512 5833 672 5928 Josephua
685 5836 879 5909 vicecomes
890 5831 930 5908 de
943 5854 1056 5928 appar.
1066 5832 1166 5907 Min·
1228 5836 1324 5925 gestia
1341 5841 1504 5914 francisci
1516 5848 1703 5920 cardinalis
1715 5815 1866 5924 Ximenii
1881 5876 2012 5944 repar.

390 5929 485 6008 mg,
501 5943 555 6010 cap
571 5955 601 6011 7,
615 5933 658 6017 &r
674 5937 705 5995 a.
970 6010 979 6035 ι
1229 5930 1316 6016 apud
1328 5931 1403 5998 Em.
1428 5935 1468 6001 de
1483 5939 1622 6022 Aguirre
1646 5943 1783 6028 Tom.3.
1796 5949 1900 6014 Cone.
1912 5949 2013 6046 Hisp.

434 6018 494 6105 (b)
517 6014 870 6116 Eugeutuachoblet
890 6014 1169 6116 demendum
1227 6023 1384 6112 pisam
1472 6028 1528 6118 (r)
1550 6026 1768 6128 Iliacam·
