4450 7209
289 725 304 776 ι
337 722 357 773 2

286 725 334 874 iiii
351 791 441 897 pacis
456 791 682 896 donalargire
694 805 749 873 a&
762 801 899 873 veniam
910 795 1085 892 culparum

285 899 463 1070 stipibugl.
480 912 528 994 133·
542 903 654 975 Amen
666 945 677 970 .
690 899 780 983 Quia
804 919 894 971 tues
910 922 992 975 vera
1016 921 1086 996 pax

286 1017 333 1074 n'o
364 1021 398 1070 ra
450 1018 482 1066 c.

228 1219 248 1289 5
616 1191 764 1267 strictio.

650 696 943 780 snssnnio
983 698 1242 775 SANCTO
1283 699 1558 776 inserit.

1187 901 1288 969 Dicar
1299 897 1484 996 Presbyter
1493 893 1564 994 pori
1571 896 1702 993 pridie.
1732 899 1875 970 oratio·
1975 823 2010 895 Π

1258 993 1409 1069 Abentes
1442 1015 1524 1068 ante
1564 991 1689 1071 oculos
1715 998 1943 1091 omnipotens

1265 1094 1369 1168 Pater
1383 1093 1495 1167 sanae
1512 1112 1609 1166 tante
1638 1093 1801 1189 paffionis
1817 1095 1944 1167 trium·

1136 1196 1228 1289 phos
1260 1217 1269 1260 c
1300 1190 1468 1288 supplices
1495 1216 1677 1267 exoramus
1712 1216 1723 1258 c
1753 1212 1791 1264 ut
1820 1192 1944 1286 pascha

1136 1293 1207 1365 boc
1219 1291 1311 1387 quod
1323 1293 1421 1364 nobis
1435 1292 1601 1364 Dominus
1612 1288 1830 1366 nollerJesus
1839 1291 1944 1364 Chri·
1970 1291 2009 1361 so

396 1387 1085 1485 ignum&insumensanetepaterom-
1134 1390 1200 1462 llus
1229 1388 1413 1463 filiuseius
1431 1389 1571 1464 holliam
1598 1389 1717 1463 vivam
1732 1386 1939 1461 constituite

408 1488 570 1582 tripotens
600 1509 722 1562 eterne
749 1489 844 1561 Deus
877 1518 885 1559 r
918 1489 1084 1584 pietatem

288 1600 381 1653 tuam
396 1589 488 1657 omni
502 1588 641 1680 quidem
658 1604 816 1684 tempore
845 1616 855 1657 a
884 1586 942 1658 sed
970 1587 1005 1657 in
1023 1588 1085 1661 hac

206 1710 251 1762 10
287 1678 457 1751 nocte-vel
473 1685 528 1756 die
543 1683 709 1781 profusius
723 1681 954 1758 exultantibus
967 1684 1085 1756 animis

212 1824 215 1829 -
288 1775 494 1852 conlaudare
505 1782 604 1854 ‚Nox
617 1782 707 1856 enim
721 1784 778 1856 illa
792 1783 1087 1854 nontenebrarum

288 1874 347 1946 scd
360 1873 494 1950 luminis
508 1898 618 1956 mater
632 1881 679 1952 ell
698 1907 707 1948 r
724 1881 756 1953 in
774 1904 839 1974 qua
866 1899 1011 1953 exortus
1039 1879 1087 1951 eli

288 1972 326 2047 in
339 1990 494 2053 eternum
510 1979 579 2051 diei
594 1977 800 2052 resurreetio
811 1977 923 2052 nostra
937 2005 946 2046 e
961 1977 1087 2051 Domi·

288 2070 824 2151 nisiesuscnriiius.1leverus
837 2099 943 2172 agnus
956 2074 1013 2168 qui
1027 2076 1088 2147 ab·

209 2194 253 2270 ις
290 2166 383 2242 stulit
397 2175 663 2264 peccatamundi
674 2174 764 2266 ‚Qui
776 2174 887 2248 nonin
898 2173 1009 2270 figura
1023 2197 1088 2245 ve·

291 2264 381 2340 teria
398 2264 468 2344 alio
483 2271 656 2347 offerente
682 2271 848 2347 maditus
876 2270 948 2343 est:
965 2269 1022 2345 sed
1051 2271 1088 2344 in

289 2385 441 2460 corpore
472 2369 631 2444 veritatis
663 2369 848 2445 adueniens
863 2397 873 2439 i
887 2366 1090 2465 adimplevit

290 2462 364 2558 figu
373 2487 428 2536 ras
442 2465 622 2544 carnalium
636 2466 880 2545 sacrificiorum
894 2496 904 2536 ι
921 2466 1092 2563 approba-

290 2561 610 2660 vit&prophetias
628 2565 868 2643 miraculorum
895 2564 1090 2642 celestium.

207 2681 256 2738 ιο
290 2657 358 2730 Sed
376 2660 488 2736 vivam
502 2665 537 2736 dt
550 2689 667 2739 veram
680 2666 821 2742 bolliam
834 2665 1024 2739 novissimis
1042 2663 1091 2736 se·

240 2826 243 2834 .
289 2753 450 2833 culorum
463 2764 677 2858 temporibus
692 2765 783 2838 idern
794 2763 963 2839 Sacerdos
984 2766 1020 2837 dc
1036 2762 1090 2837 sa·

291 2876 352 2926 cer
379 2879 488 2952 agrius
505 2860 662 2937 exhibuit
674 2909 686 2932 .
700 2860 962 2957 Elevatisquein
983 2884 1088 2939 cruce

290 2951 443 3064 inanibus
459 2953 683 3035 isacrificium
701 2960 934 3059 vespertinum
958 2985 1089 3058 pepen-

290 3050 343 3123 dit
360 3050 394 3122 in
410 3047 573 3152 lignos&
588 3058 789 3139 beneficium
805 3059 1089 3136 matutinumsur·

210 3176 231 3232 ι
236 3176 256 3252 5
294 3171 379 3259 gens
393 3154 532 3245 prebuit
548 3179 567 3228 e
583 3154 742 3254 sepulcro
758 3207 768 3232 .
798 3160 898 3234 Unde
920 3183 1091 3235 venerari·

294 3248 331 3318 di
357 3246 450 3324 sacra
463 3250 662 3331 imitatione
675 3257 828 3354 mysterii
854 3285 864 3328 a
892 3257 1092 3335 incternam

292 3346 395 3459 modo
410 3347 519 3426 vitam
535 3350 598 3426 filii
611 3352 694 3429 lucis
711 3356 892 3435 oriuntur:
906 3383 995 3454 quos
1024 3382 1093 3432 ma·

294 3450 537 3542 tutinopartiii
568 3454 789 3551 pergratiam
815 3454 1002 3552 spiritalem
1029 3455 1092 3530 hac

296 3538 401 3612 nosie
429 3568 642 3645 progenerat
671 3570 784 3626 mater
808 3553 952 3631 Ecclesia
974 3602 985 3625 .
1012 3553 1093 3626 Sine

209 3662 260 3744 30
297 3642 522 3751 corruptione
551 3647 750 3745 concipiens
778 3653 847 3724 c&
876 3674 952 3724 cum
967 3650 1095 3751 gaudio

298 3759 461 3851 pariens..
488 3742 690 3840 Exprimere
707 3749 740 3820 iii
758 3748 791 3820 se
804 3752 925 3844 utique
951 3752 1094 3826 formam

295 3836 460 3934 Virginis
487 3844 665 3940 genitricis
693 3845 817 3942 absque
853 3845 926 3923 ullo
950 3849 1093 3922 humane

295 3935 516 4034 contagionis
533 3943 678 4016 secunda
706 3963 902 4039 conceptu·
933 3947 971 4020 ln
1000 3950 1094 4034 cuius

292 4036 527 4145 magnitudine
542 4042 700 4139 resurget
717 4042 856 4117 Chrislo
884 4068 894 4109 ε
921 4069 1013 4122 mors
1036 4066 1097 4118 oc·

213 4154 259 4230 35
291 4130 598 4241 cidit'delisiorum
626 4167 635 4209 a
665 4140 843 4214 &exorta
866 4142 913 4212 cll
928 4145 1001 4218 vita
1017 4161 1092 4213 crc-

292 4225 447 4300 dentium
464 4280 473 4299 .
501 4239 653 4330 Propter
670 4239 764 4328 quod
779 4238 811 4309 ei
826 4235 957 4313 celeslia
987 4256 1091 4331 atque

294 4327 467 4399 terrestris
495 4351 634 4407 cantant
658 4333 828 4408 canticum
858 4361 988 4410 novum
1015 4359 1091 4408 cum

293 4422 388 4535 omni
403 4429 558 4504 exercitu
572 4430 808 4530 Angelorumi
834 4436 868 4505 δι
895 4455 970 4509 cum
996 4432 1092 4505 Che·

295 4519 395 4592 rubin
412 4544 450 4596 ac
464 4521 631 4624 Seraphin
656 4557 666 4597 a
691 4527 760 4599 line
782 4531 963 4604 cessatione
977 4533 1022 4605 sic
1040 4529 1093 4603 di·

208 4634 265 4721 ”40
292 4637 405 4694 cunt·
432 4633 482 4716 ili·
496 4626 637 4702 Sanctus
653 4676 663 4699 ·
678 4625 819 4706 Sanctus
834 4676 844 4699 .
857 4630 996 4706 Sanctus
1012 4677 1023 4701 .

486 4818 564 4906 nost
582 4825 718 4898 Sarnus
730 4872 741 4895 .
754 4823 899 4899 cratim

404 5014 471 5088 Ere
500 5018 644 5095 sandius
675 5024 711 5094 δι
746 5037 849 5095 verus
876 5022 968 5107 Jesiis
1002 5017 1092 5094 lilius

213 5130 261 5207 45
315 5205 322 5220 ι
414 5113 482 5191 Dei
506 5143 515 5185 ε
544 5119 600 5213 qui
627 5118 776 5192 ascendit
806 5121 994 5214 patibulum
1015 5143 1093 5193 cru.

170 5271 193 5293 .-
234 5274 236 5277 .
292 5229 341 5280 cis
368 5234 378 5275 a
410 5231 448 5285 ut
465 5237 583 5290 omnes
598 5216 689 5291 vires
704 5215 775 5290 suas
788 5239 881 5296 mors
895 5221 930 5293 in
944 5219 998 5294 sua
1011 5220 1098 5312 peri

1135 1505 1237 1580 atque
1251 1483 1446 1582 complevit
1468 1513 1478 1555 a
1505 1487 1565 1560 fiat
1580 1485 1678 1559 nobis
1694 1487 1728 1558 in
1746 1484 1940 1580 protetiio·

1135 1608 1215 1656 nem
1231 1581 1345 1657 salutis
1371 1587 1408 1657 &
1435 1585 1533 1657 vite.
1566 1588 1612 1659 Ut
1643 1583 1939 1657 sanctificatushie

1136 1679 1399 1756 solennitatibus
1427 1678 1609 1778 populosi
1647 1679 1822 1755 Altaribus
1870 1680 1939 1753 tuit

1137 1776 1324 1854 oblationis
1339 1779 1395 1854 siie
1412 1803 1549 1853 munera
1563 1778 1727 1876 placitura
1737 1781 1944 1876 consignet.
1965 1783 2009 1874 ὅς

1136 1878 1212 1952 Fiat
1228 1878 1324 1953 nobis
1348 1878 1552 1954 Eucharistia
1581 1902 1665 1974 pura
1688 1899 1792 1973 atque
1821 1875 1943 1973 legiti-

1137 2000 1190 2050 ma
1203 1973 1238 2048 in
1255 1978 1393 2052 nominc
1408 1970 1577 2076 unigeniti
1600 1975 1678 2049 tiii·
1704 1979 1751 2048 Ut
1777 1999 1858 2048 cum
1884 1995 1946 2044 iio·

1137 2074 1210 2146 stris
1238 2074 1344 2150 suerit
1367 2092 1532 2173 percepta
1570 2071 1767 2171 pectoribus
1794 2102 1804 2143 a
1835 2072 1944 2147 sidem

1138 2169 1268 2246 nutriat
1296 2198 1307 2241 a
1335 2193 1484 2248 mentem
1512 2170 1697 2245 sanctificet
1727 2190 1832 2268 atque
1861 2189 1948 2245 con-

1139 2272 1505 2361 firmet.132.Amen·
1970 2295 2010 2371 γα

1189 2369 1251 2440 Ad
1260 2370 1514 2461 confralli'onem
1522 2369 1621 2462 panis
1632 2367 1864 2465 ..Antiphane
1878 2368 1945 2442 Hic

1141 2469 1189 2542 cll
1202 2467 1297 2562 panis
1310 2491 1413 2543 verus
1428 2466 1495 2539 Dei
1513 2466 1571 2559 qui
1589 2467 1632 2538 de
1643 2464 1722 2539 celo
1742 2466 1946 2541 descendite

1139 2563 1295 2642 &vitam
1308 2565 1429 2641 tribuit
1442 2566 1569 2642 mundo
1595 2591 1606 2632 a
1632 2567 1691 2659 qui
1719 2565 1946 2640 manducave·

1138 2666 1187 2741 rit
1203 2685 1249 2736 ex
1263 2688 1306 2737 eo
1338 2693 1348 2737 r
1374 2682 1552 2759 permanet
1567 2663 1600 2736 in
1614 2682 1796 2739 eternuma
1827 2666 1866 2737 δι
1882 2687 1945 2758 pa·

1138 2766 1190 2840 nis
1219 2785 1319 2857 quem
1346 2787 1418 2859 ego
1433 2763 1522 2836 dabo
1551 2789 1562 2831 ε
1587 2785 1670 2837 caro
1698 2783 1775 2835 mea
1799 2761 1849 2833 eli
1874 2784 1940 2856 pro
1968 2777 2009 2859 75

1138 2862 1253 2940 mundi
1267 2861 1368 2936 vita.
1389 2861 1458 2950 Qui
1474 2860 1588 2934 credit
1615 2859 1717 2933 inme
1739 2887 1750 2929 a
1771 2882 1844 2932 non
1868 2859 1945 2932 esu-

1140 2964 1209 3038 riet
1225 2989 1234 3030 r
1249 2984 1359 3055 ireque
1371 2959 1465 3033 sitiet
1480 2981 1626 3056 unquam
1642 2987 1653 3029 ι
1669 2981 1750 3033 ecce
1765 2955 1943 3052 disponant

1139 3058 1241 3139 iobis
1255 3059 1338 3136 sicut
1351 3056 1519 3152 disposuit
1547 3057 1628 3131 mihi
1653 3059 1758 3130 Pater
1772 3078 1942 3152 regninna

1140 3180 1179 3233 ut
1193 3158 1346 3231 edatis&
1360 3156 1485 3231 bibatis
1496 3157 1599 3253 super
1615 3155 1763 3232 mensam
1780 3177 1892 3228 meam
1907 3154 1942 3226 in

1142 3279 1251 3354 regno
1267 3252 1421 3343 alleluja·
1971 3249 2010 3322 8ο

1201 3356 1263 3429 Ad
1278 3356 1468 3430 orationem
1481 3354 1714 3426 homirnam.
1737 3353 1883 3428 oratio.

1460 3553 1629 3627 Oremus.

1233 3648 1529 3728 Xcellentishmam
1561 3651 1595 3722 in
1617 3647 1681 3722 hac
1698 3644 1803 3722 nocte
1822 3664 1880 3721 tue
1895 3671 1949 3721 re-

1253 3748 1471 3824 surresiionis
1510 3747 1723 3820 celebrantes
1762 3744 1947 3819 solennira·
1971 3739 2009 3827 85

1144 3867 1226 3924 tem:
1277 3846 1392 3942 inqua
1414 3845 1483 3941 ipse
1500 3846 1598 3919 nobis
1615 3846 1687 3917 dies
1704 3867 1799 3918 novo
1821 3846 1865 3915 de
1894 3863 1947 3916 tii·

1144 3945 1238 4022 mulo
1265 3945 1404 4043 surgens
1431 3971 1441 4011 r
1468 3941 1685 4015 veternosam
1712 3944 1852 4034 antique
1884 3966 1949 4015 no·

1146 4044 1210 4116 siis
1233 4041 1413 4141 caliginem
1427 4039 1582 4113 celestem
1600 4040 1802 4113 convertilli
1830 4040 1863 4110 in
1878 4037 1947 4111 cla·

1142 4144 1282 4217 ritatem
1307 4166 1317 4209 ι
1344 4159 1381 4212 te
1397 4139 1518 4233 quibos
1532 4135 1701 4234 possumus
1719 4134 1944 4231 lachrymosis

1141 4239 1313 4338 rugitibus
1328 4235 1548 4333 imploramus
1577 4256 1647 4308 rut
1677 4236 1734 4327 qui
1764 4257 1827 4307 nos
1844 4240 1947 4309 rede·
1971 4247 2010 4315 90

1142 4338 1225 4413 milii
1240 4336 1360 4433 precio
1387 4335 1438 4406 tiii
1467 4333 1640 4428 sanguinis
1670 4359 1680 4398 a
1707 4331 1945 4407 institutaate

1143 4451 1307 4532 precepta
1338 4450 1499 4527 acceptes
1525 4433 1638 4504 nostre
1667 4429 1867 4506 orationis.
1894 4431 1947 4507 Sit

1140 4533 1233 4608 indul
1264 4531 1355 4604 entia
1369 4530 1546 4603 criminum
1572 4557 1581 4600 ι
1607 4529 1821 4603 concedatur
1842 4530 1949 4602 ctiam

1142 4637 1178 4707 ἃ
1204 4559 1334 4703 celestis
1363 4626 1476 4726 glorie
1507 4626 1630 4703 sumnia
1646 4626 1840 4698 virtutum.
1872 4627 1950 4699 Me·

1144 4748 1265 4804 mento
1279 4727 1430 4801 Domine
1446 4730 1540 4818 quod
1559 4747 1652 4800 teria
1667 4723 1776 4796 sumus
1802 4750 1812 4792 a
1842 4726 1878 4795 ἃ
1890 4744 1947 4797 ac·
1971 4737 2008 4810 95

1144 4827 1223 4924 cipe
1248 4825 1494 4901 contritionem
1520 4824 1621 4898 nosiri
1640 4821 1801 4918 spiritus.
1825 4825 1874 4894 Ut
1889 4821 1947 4915 qui

1142 4925 1252 5002 carnis
1290 4924 1491 4998 infirmitate
1522 4925 1564 4996 ad
1592 4941 1720 4994 terrani
1755 4920 1946 5014 prosterni·

1142 5047 1248 5099 muri
1277 5023 1318 5094 ad
1332 5019 1426 5095 celos
1439 5019 1659 5118 castigatione
1684 5016 1829 5112 spiritali
1855 5023 1948 5104 iciu-

1141 5123 1207 5195 niis
1228 5119 1462 5194 sublevemur·
1488 5118 1530 5190 Et
1544 5119 1622 5213 quia
1638 5139 1683 5188 ex
1699 5116 1818 5190 nostro
1845 5117 1947 5190 estut

1143 5221 1302 5294 cadamus
1329 5245 1338 5283 a
1364 5241 1410 5289 ex
1425 5235 1489 5292 tuo
1513 5216 1556 5289 sit
1574 5235 1612 5290 ut
1629 5215 1806 5312 surgamus
1833 5239 1843 5282 a
1869 5210 1945 5309 quia
1974 5222 2010 5277 ts

292 5305 544 5387 deretmoite.
570 5315 759 5388 Descendit
786 5315 828 5386 ad
857 5319 986 5390 inferos
1016 5339 1026 5382 c
1051 5333 1091 5386 ut
1138 5336 1175 5389 te
1195 5318 1336 5406 jubente
1356 5316 1525 5388 dicimus.
1552 5317 1656 5389 Pater
1683 5311 1795 5384 noster
1819 5313 1880 5405 qui
1908 5332 1944 5382 ei

291 5402 466 5482 hominem
503 5411 619 5487 veteri
658 5437 778 5490 errore
808 5413 987 5510 deceptum
1013 5439 1024 5480 ε
1053 5411 1089 5483 δι
1139 5414 1299 5490 incelis.
1322 5418 1386 5485 Hic
1415 5407 1598 5510 Presybter
1626 5412 1769 5506 accipiat
1794 5413 1946 5505 partica«

292 5524 403 5600 regno
431 5512 562 5602 peccati
576 5512 779 5588 servientem
794 5511 906 5589 victor
923 5509 1090 5584 abstrahe·
1140 5512 1209 5587 lam
1234 5534 1298 5608 que
1326 5514 1450 5583 dicitur
1465 5533 1613 5605 regnum
1643 5515 1721 5584 a&
1738 5523 1845 5603 ponar
1876 5527 1945 5579 eain

210 5614 267 5699 ‘50
293 5620 347 5672 ret
383 5634 392 5675 r
429 5608 584 5703 serasque
615 5629 792 5705 portarum
824 5610 963 5709 potenti
991 5632 1090 5683 manu
1140 5625 1336 5692 reverenter
1355 5607 1458 5704 super
1485 5607 1622 5682 calicem
1649 5653 1660 5678 .
1690 5605 1734 5678 Er
1760 5607 1855 5676 dicat
1876 5601 1945 5674 alre

293 5703 536 5802 confringeret
565 5737 575 5776 ε
601 5708 824 5787 &secuturis
849 5711 907 5786 sue
939 5708 1091 5780 resurre-
1138 5732 1258 5783 voce.
1295 5706 1390 5779 Vicit
1420 5706 1494 5780 Leo
1524 5706 1566 5778 de
1602 5705 1696 5779 tribu
1723 5703 1811 5781 luda
1852 5700 2010 5785 raditis

296 5799 418 5876 silonis
446 5802 591 5900 gloriam
616 5809 880 5889 demonstraret.
911 5806 987 5907 lpse
1011 5806 1091 5882 Do·
1139 5804 1256 5883 David
1303 5801 1437 5891 alleluja
1476 5851 1487 5874 .
1526 5806 1670 5876 Dicatur
1709 5798 1824 5873 tribur
1862 5801 1945 5873 vici-

292 5898 401 5974 minus
416 5926 453 5983 ac
466 5905 665 6014 redemptor
678 5926 817 5990 eternus
832 5960 845 5986 .

1146 5903 1239 5978 biis.
1266 5912 1310 5974 Et
1338 5903 1458 5975 chorus
1484 5902 1676 6000 respondem
1711 5894 1871 5996 qualibet
1896 5899 1946 5969 vi·

1146 6027 1205 6078 cr.
1257 6000 1399 6077 uiscdea
1412 5998 1514 6099 super
1526 5998 1703 6085 Cherubin
1719 5997 1821 6077 radix
1832 5993 1954 6170 malli·
