4450 7209
540 684 1075 799 rtnrrmrnnrnruuto'
1101 703 1434 785 rrrunoounou.=
1776 722 1830 806 sn

150 830 249 884 meas
268 811 337 908 prd
353 802 505 882 remedio
534 824 755 900 peccatorum
781 818 965 880 meorum.
1015 809 1071 881 stri
1084 809 1200 881 cordis
1229 808 1394 882 defideria
1422 805 1568 923 dignare
1595 831 1831 889 convertere.
1868 833 1912 909 55

152 903 204 1003 pl.
219 910 368 1005 Propter
381 904 639 979 multitudinem
664 902 852 998 iniquitatis
865 928 939 981 mee
955 932 966 973 e
1015 907 1184 981 Concede
1201 904 1354 980 Domine
1370 910 1535 993 jejumum
1550 912 1700 985 nostrum
1716 912 1765 986 ita
1780 916 1834 987 in·

156 1005 238 1105 quia
253 1002 483 1101 multiplicate
498 999 575 1076 sunt
588 1000 884 1098 prevaricationes
899 1051 911 1076 .
1016 1003 1187 1102 culpabile
1203 1005 1293 1099 apud
1322 1023 1358 1078 te
1376 1002 1525 1076 inveniri
1550 1036 1561 1076 r
1592 1027 1630 1080 ut
1657 1032 1831 1103 nunquam

205 1099 347 1199 Epistola
373 1150 384 1174 .
409 1104 527 1176 Nemo
554 1124 630 1178 cum
655 1118 814 1173 tentatur
845 1102 966 1176 dicat.
1016 1101 1147 1177 diaboli
1174 1102 1305 1196 laqueis
1326 1104 1664 1178 teneamuradrrridi
1687 1129 1698 1174 s
1725 1107 1785 1179 sed
1812 1134 1834 1179 a

112 1234 134 1305 5
157 1200 379 1297 Euangeliunr
393 1249 404 1272 .
419 1202 551 1274 Dudus
564 1197 710 1281 estlesus
724 1197 758 1270 in
773 1198 966 1273 desertum.
1014 1201 1167 1368 peccatis
1185 1200 1307 1275 nolitis
1325 1199 1537 1300 immaculati
1552 1202 1773 1277 inveniamur
1786 1227 1827 1276 ae

206 1302 351 1395 &quire
366 1301 400 1372 sn
414 1314 539 1397 quarta
546 1296 644 1387 ferio¹
669 1298 703 1369 in
722 1298 831 1394 eapite
840 1294 965 1392 jejunii
1029 1296 1143 1371 iberi.
1167 1320 1237 1393 quo
1255 1316 1325 1368 tam
1340 1297 1452 1371 anime
1465 1322 1566 1392 quam
1579 1303 1738 1397 corporis
1753 1325 1833 1396 pre·
1863 1304 1914 1379 60

147 1390 803 1489 fol.)tcl.1>icatvresb·Dominnalit
830 1393 967 1489 semper
1013 1396 1125 1490 parati
1154 1421 1164 1468 a
1196 1392 1315 1467 sandio
1342 1392 1832 1477 altariornoninittrarene.

152 1496 347 1571 vobiscum·
365 1508 414 1587 Be·
429 1495 472 1568 Et
487 1514 582 1565 cunt.
596 1496 712 1567 Lauda
725 1493 874 1566 Laudare
887 1496 964 1566 Do-
1012 1514 1150 1567 reamur
1166 1489 1286 1564 inlefi.

151 1594 281 1669 minum
296 1593 456 1691 quoniam
472 1592 583 1665 bonus
607 1590 655 1664 est
681 1585 824 1686 psalmus
853 1617 863 1661 r
887 1593 969 1667 Deo
1068 1595 1272 1686 lje-Amen.

76 1726 129 1779 ,10
152 1694 271 1768 nollro
287 1694 327 1767 fit
344 1692 493 1779 locundn
510 1686 666 1764 laudatio
681 1736 694 1757 ·
720 1685 769 1779 ir·
784 1690 961 1763 Preeinite
1213 1681 1293 1770 Pori
1303 1692 1458 1764 mulne.
1489 1692 1635 1766 oraru.

150 1790 311 1867 Domino
325 1791 357 1863 in
371 1790 587 1867 contempne
619 1817 629 1857 e
656 1784 796 1884 psallite
809 1788 891 1865 Deo
902 1812 967 1862 no·
1117 1783 1362 1863 Oramaltario
1378 1810 1443 1865 tuo
1458 1788 1609 1867 Domine
1624 1792 1661 1864 de
1676 1790 1829 1875 lidellunr
1859 1788 1911 1887 ὅς,

148 1889 219 1963 stro
229 1888 264 1961 in
278 1888 405 1964 laude·
1128 1887 1332 1961 deferantur
1344 1906 1431 1963 vota
1447 1890 1733 1975 adtieinniorum
1761 1894 1831 1967 ob·

199 1997 397 2085 Antequam
427 1986 585 2059 Sacerdos
604 1982 715 2075 faciat
740 1981 968 2061 ablutionem
1016 1983 1155 2079 sequia.
1179 2008 1325 2083 proquo
1341 1985 1570 2081 humiliprece
1585 2011 1748 2085 rogamus
1762 2016 1772 2057 ε
1788 2006 1831 2065 nt

149 2106 307 2159 manum
318 2114 328 2156 a
338 2080 524 2184 prosternat
531 2082 570 2174 se
582 2086 734 2181 art-petes
747 2082 889 2159 Asteris
898 2082 966 2177 fle·
1015 2082 1116 2170 liuius
1127 2082 1250 2171 jejunii
1264 2084 1425 2157 litatione
1450 2085 1498 2156 ira
1511 2105 1739 2183 acceptentur
1752 2110 1772 2157 a
1788 2104 1828 2157 te

83 2214 124 2285 15
149 2186 205 2255 xis
243 2182 385 2259 enibrisa
415 2189 461 2259 Φ
488 2182 580 2253 dicat
607 2180 668 2251 hes
691 2200 806 2279 preces
830 2182 966 2254 inhunc
1015 2181 1180 2275 obsequia
1200 2178 1326 2256 rumille
1344 2201 1403 2255 tue
1422 2180 1648 2274 equaliter&
1665 2182 1831 2255 universi·

151 2303 203 2351 mu
227 2306 303 2355 unr-
319 2280 523 2359 Penitentes
538 2292 639 2352 orate
666 2302 677 2349 e
707 2279 837 2356 flectite
853 2302 964 2377 genua
1014 2299 1067 2354 tas
1082 2276 1235 2354 fidelium
1248 2277 1316 2355 tuis
1332 2296 1568 2352 remuneretur
1590 2303 1635 2352 err
1648 2278 1748 2352 donin
1765 2307 1775 2349 r
1790 2281 1828 2353 dt
1854 2296 1907 2373 70

150 2378 234 2455 Deo
250 2408 259 2448 =
274 2382 498 2480 deprecemur
512 2374 726 2450 Dominumr
745 2397 782 2453 ut
798 2377 963 2451 remidio·
1013 2374 1260 2452 defunctorum
1291 2376 1400 2451 anime
1431 2378 1618 2451 amenitate
1636 2378 1830 2468 foveamur

151 2496 229 2549 rtem
244 2480 470 2573 peecatorum
496 2478 532 2547 dc
560 2496 676 2568 pacem
702 2476 802 2552 nobis
832 2478 962 2548 donare
1014 2472 1506 2573 indulcedinebeatitudinin.

150 2574 342 2672 dignetur.
360 2578 408 2669 vs.
426 2572 560 2670 Erigite
584 2595 650 2649 voa
664 2572 962 2647 innomineChri·
1062 2576 1264 2667 13t.Amen.

69 2701 127 2757 ,ιο
151 2672 378 2771 llicompleta
404 2675 569 2747 oratione
593 2672 705 2746 vellra
730 2670 826 2747 fimul
853 2670 961 2744 dieite
1307 2670 1371 2745 Aa
1391 2688 1529 2769 petent.

149 2776 286 2847 Arnen·
305 2786 354 2868 pt.
372 2779 513 2850 Amen.
541 2772 639 2844 State
664 2768 752 2848 loeis
779 2770 898 2848 veslr's
916 2771 960 2845 ad
1010 2770 1257 2957 Extingue
1282 2769 1320 2843 in
1346 2772 1447 2843 nobie
1477 2770 1629 2846 Domine
1641 2794 1764 2849 omnes
1778 2766 1823 2847 li·
1851 2788 1900 2866 75

148 2869 307 2947 Missam.
357 2878 361 2888 '
827 2946 835 2965 ,
1114 2872 1205 2947 bitus
1216 2868 1362 2944 carnalis
1373 2870 1749 2968 coucupiscentieaper
1760 2874 1823 2945 ab·

444 2963 670 3057 Sacrificium}
1013 2969 1172 3041 llrnenrie
1188 2966 1317 3041 sacrate
1330 2968 1499 3043 virtutem
1514 3014 1525 3037 .
1553 2972 1599 3041 Ut
1627 2990 1705 3042 cum
1722 2995 1741 3042 a
1756 2993 1822 3045 no·

263 3071 365 3146 Ferte
376 3070 533 3147 Domino
558 3070 719 3143 mundum
733 3066 963 3145 sacrificium.
1012 3065 1088 3139 liris
1104 3066 1268 3141 cordibus
1283 3064 1449 3138 radicitus
1462 3064 1583 3139 cuneta
1608 3064 1821 3140 eraserisvi·

84 3194 125 3271 25
269 3164 634 3257 uorteneoonino
662 3165 814 3265 gloriam
840 3170 874 3238 dc
895 3170 958 3243 ho·
1011 3162 1161 3237 tiaetua
1175 3162 1210 3234 iu
1227 3161 1327 3237 nobis
1344 3182 1539 3259 permaneat
1563 3163 1717 3239 charitas
1729 3161 1820 3237 sem·

147 3263 773 3342 noren.t›.1vtundunsacrificium.
804 3260 958 3355 p-Glo·
1008 3258 1172 3361 piterna.
1234 3317 1238 3323 .
1847 3252 1897 3335 80

147 3361 198 3436 tia
212 3365 248 3437 ἃ
264 3365 381 3442 honor
400 3362 496 3441 Patri
514 3367 549 3436 dt
564 3356 698 3435 Filio&
713 3360 855 3459 Spiritui
872 3364 957 3434 San·
1057 3360 1266 3455 &Aureus

148 3458 208 3531 elo
221 3462 254 3532 in
267 3460 377 3537 secula
392 3457 581 3538 seculorum
592 3462 716 3531 Amen.
727 3470 773 3531 t’.
788 3460 957 3535 Mundum
1335 3453 1486 3538 inlatio.
1590 3504 1593 3510 =

151 3556 352 3635 sacrificium
366 3608 377 3633 .
391 3556 651 3657 Kyrieleyson.
676 3554 794 3631 Tribus
811 3554 955 3631 nucibus.
1005 3554 1100 3734 D
1116 3557 1236 3655 lgnum
1248 3559 1286 3631 dt
1298 3559 1420 3643 iustum
1437 3562 1485 3634 est
1497 3559 1721 3658 omnipotens
1751 3560 1821 3639 l’t·

77 3685 127 3759 30
495 3646 617 3747 Mrffa·
1127 3677 1183 3728 ter
1199 3681 1209 3724 a
1223 3678 1288 3729 nos
1315 3656 1380 3729 tibi
1393 3660 1524 3755 semper
1541 3662 1670 3757 gratias
1685 3685 1790 3759 agere
1800 3664 1827 3732 ε’

258 3756 311 3831 les
325 3756 425 3831 felioc
444 3753 663 3831 &Dominiee
674 3750 839 3832 Paliiooit
853 3776 955 3830 reve·
1006 3751 1192 3853 perlesum
1207 3752 1380 3827 Christum
1396 3755 1502 3830 filium
1517 3778 1613 3833 tunm
1627 3758 1814 3838 Dominum
1843 3749 1890 3843 ὃς

269 3856 381 3929 tentia
396 3854 617 3928 consecratos
631 3852 801 3929 advenisse
829 3854 956 3926 fratres
1006 3851 1176 3924 nostrum.
1206 3849 1329 3944 loquo
1345 3852 1429 3926 nihil
1442 3855 1537 3929 suum
1551 3857 1815 3951 princepsmor·

145 3951 351 4027 dilecliffimi
366 3952 554 4028 sentientes
584 3976 594 4019 a
626 3946 830 4027 ambulemus
844 3950 878 4023 in
892 3951 956 4021 hu·
1005 3946 1052 4022 tis
1064 3945 1198 4022 invenit
1213 3974 1223 4017 e
1236 3947 1294 4041 qui
1312 3949 1445 4046 semper
1456 3948 1553 4024 illum
1570 3950 1708 4027 salutari
1720 3955 1815 4039 leiu-

147 4046 313 4123 militater
330 4048 582 4129 continentiam
596 4050 842 4124 conservantes
857 4093 868 4115 .
881 4046 958 4119 Ne·
1006 4044 1070 4118 nio
1081 4050 1236 4134 ieiunare
1249 4050 1446 4145 cognovit.
1473 4052 1520 4123 Ut
1537 4046 1738 4124 volentibus
1756 4050 1815 4123 vi·

77 4172 123 4251 35
146 4169 204 4221 mo
219 4147 360 4223 seculari
377 4144 560 4247 voluptate
588 4146 743 4244 pascatur
759 4166 779 4217 a
807 4146 968 4239 nequo
1000 4166 1085 4219 vere
1099 4144 1368 4220 continenter&
1384 4144 1516 4221 sobriea
1533 4142 1729 4243 principalis
1745 4148 1810 4223 lie·
1827 4216 1831 4219 .

143 4243 259 4318 rursus
276 4248 485 4322 adversitate
502 4246 703 4341 frangatur.
725 4246 771 4317 Ut
796 4244 876 4319 dum
891 4264 951 4317 ce·
1001 4260 1056 4318 rer
1071 4242 1186 4317 forma
1199 4240 1360 4329 iusticie.
1386 4245 1483 4319 Tunc
1497 4246 1589 4343 polse
1605 4243 1726 4341 repelli
1740 4247 1807 4321 do·
1837 4264 1890 4343 9ο

142 4344 294 4439 perimus
307 4342 510 4443 temporalia
540 4369 549 4413 a
577 4345 650 4417 five
673 4338 952 4417 bonafivemala
1001 4336 1269 4439 cenemalignos
1295 4341 1471 4439 lpirituss
1498 4366 1575 4418 cum
1603 4343 1742 4430 ieiuniis
1770 4349 1808 4420 de

144 4462 369 4517 contemnere
385 4441 673 4516 atuncveriffime
689 4438 953 4533 valeamusqua·
1002 4437 1218 4517 orationibus
1227 4458 1411 4517 exercetur
1423 4442 1588 4517 assedus·
1614 4443 1713 4515 Unde
1738 4465 1812 4517 me·

143 4540 308 4639 draginta
320 4536 885 4636 diebusuqnadraglntanoetious
897 4541 950 4623 ie·
1002 4536 1074 4613 rito
1097 4536 1393 4614 eumcrnelfixum
1417 4538 1668 4615 cerratremuit
1696 4566 1706 4607 a
1732 4562 1811 4613 mo·

71 4662 119 4736 40
141 4641 264 4725 iuuare
283 4689 294 4711 .
311 4642 391 4715 Poll
404 4636 574 4735 perusiam
590 4640 667 4711 vite
690 4636 790 4721 huius
805 4636 951 4731 quadra·
1001 4636 1147 4712 rientem
1160 4636 1342 4733 corruptio
1364 4660 1436 4713 non
1468 4633 1614 4709 invalira
1632 4635 1813 4733 resurgen-
1866 4708 1870 4713 ,

144 4737 306 4835 gelimam
322 4738 493 4837 recepturi
512 4734 621 4809 vitam
648 4736 719 4808 line
739 4731 809 4806 fine
824 4756 952 4831 perpe·
999 4752 1071 4811 tem
1085 4736 1227 4810 mundus
1240 4733 1386 4811 credidit
1414 4759 1425 4804 a
1446 4736 1482 4807 dt
1495 4732 1733 4810 ascendentem
1749 4757 1807 4807 ce·
1830 4747 1882 4831 95

142 4853 263 4910 ruant.
293 4838 393 4911 Nunc
407 4836 514 4933 igitur
538 4833 652 4905 Deum
676 4832 826 4905 nostrum
839 4850 952 4906 totu
1001 4828 1090 4907 lestis
1106 4830 1277 4907 exercitus
1293 4832 1451 4906 adoravit
1463 4855 1475 4903 e
1489 4831 1705 4906 reversurum
1731 4851 1807 4906 vox

140 4934 267 5006 mentis
281 4935 474 5009 devotione
488 4930 663 5027 poscamus
680 4948 742 5001 rut
756 4930 802 5004 ita
817 4952 879 5001 nos
894 4928 950 5003 sua
999 4928 1155 5029 angelica
1170 4928 1368 5004 nunciavit.
1384 4930 1451 5003 eni
1466 4931 1592 5003 merito
1603 4928 1712 5003 etiam
1726 4951 1808 5003 om·

140 5034 327 5127 preveniat
344 5030 453 5131 gratia
484 5058 493 5099 e
521 5030 556 5101 δι
573 5027 806 5101 misericordia
828 5046 951 5124 prote·
1001 5023 1425 5123 nesangeliclamarenon
1439 5025 1567 5103 cessant
1593 5053 1604 5099 e
1627 5028 1806 5103 itadiceu·

69 5151 116 5221 45
143 5148 202 5226 gar
217 5155 228 5197 a
244 5130 394 5222 qualiter
407 5130 449 5202 ad
463 5124 598 5201 celestia
610 5125 745 5224 semper
759 5126 950 5201 festinentur
1000 5144 1054 5199 res
1066 5172 1077 5195 .
1091 5139 1141 5220 gc.
1156 5118 1310 5198 sanum.
1320 5126 1477 5203 Sandus.
1490 5124 1657 5203 sanum.
1869 5173 1873 5182 ·

141 5228 548 5323 promissa-mmm.
1195 5220 1443 5306 Possumus·
1467 5228 1610 5303 Oratio·
1834 5249 1907 5309 100

136 5354 139 5361 “
435 5326 661 5400 Δὶἰαονατὶο.
931 5402 938 5431 Ι
1098 5318 1174 5392 .Ere
1190 5319 1321 5397 sardus
1346 5348 1430 5400 vere
1458 5318 1659 5401 benedidus
1685 5322 1806 5401 Domi·

231 5423 340 5500 Xaudi
355 5448 420 5500 noo
436 5426 587 5502 Domine
605 5424 719 5499 sancte
741 5428 847 5502 Patet
859 5440 954 5497 etet·
1121 5443 1183 5491 nus
1200 5421 1414 5501 nulletlesus
1427 5426 1579 5498 Christus
1597 5421 1685 5496 lilius
1700 5444 1802 5495 turrea

245 5549 287 5617 ne
305 5526 525 5621 omnipotens
538 5529 656 5601 Densa
673 5530 710 5601 δι
733 5524 947 5602 secundum:
995 5520 1052 5617 qui
1069 5518 1293 5619 qnadraginta
1319 5524 1438 5599 diebus
1449 5530 1486 5597 dt
1499 5520 1658 5596 nostibus
1669 5523 1800 5605 jejuna·

70 5644 118 5713 ,ο
139 5634 300 5720 magnam
315 5624 583 5700 misericordiam
600 5642 692 5698 ruam
719 5644 731 5693 t
762 5646 862 5722 quam
878 5640 948 5692 non
996 5620 1051 5691 vit
1075 5639 1086 5686 r
1107 5622 1143 5690 δι
1159 5616 1433 5713 polleaesuriit·
1456 5621 1646 5695 Tantorum
1669 5616 1797 5713 quippe

139 5744 246 5819 negas
276 5744 360 5821 pura
380 5722 706 5819 menteperentibue
732 5743 742 5789 e
767 5720 947 5798 orationes
996 5710 1798 5811 dietumieiunandoprotelationemexplense
1831 5734 1900 5813 105

139 5819 294 5893 omnium
311 5839 450 5917 accepta
466 5820 650 5916 propicius.
667 5816 846 5893 Sandifiea
858 5838 949 5911 ergo
996 5815 1075 5910 quia
1103 5816 1203 5886 Deus
1230 5832 1308 5888 erat
1320 5837 1330 5883 e
1343 5817 1390 5888 dc·
1408 5816 1522 5910 postea
1531 5811 1681 5891 esuriens
1694 5840 1705 5882 s
1719 5814 1800 5908 quia

141 5940 266 6013 preces
280 5919 502 6012 noslraerqnas
513 5916 679 6013 supplices
689 5914 730 5991 acl
742 5934 778 5991 te
789 5910 945 5987 humiles·
995 5911 1172 5988 hominem
1184 5932 1307 5985 verum
1321 5909 1547 6009 affumplerate
1557 5912 1711 5989 Chritus
1724 5912 1803 5988 Do·

140 6038 207 6111 que
220 6014 449 6093 effundimus:
475 6014 726 6098 &metretum
739 6018 867 6095 benum
879 6036 946 6089 no·
974 6111 975 6119 ἵ
995 6012 1104 6089 mnus
1120 6031 1160 6088 arc
1175 6012 1397 6185 Redemptpp
1411 6032 1577 6097 eternus·
1723 6102 1805 6201 Μ

131 6150 134 6157 ·
1408 6133 1430 6189 a
1759 6134 1776 6183 u
