<?xml version="1.0" encoding="UTF-8"?>
<!DOCTYPE html PUBLIC "-//W3C//DTD XHTML 1.0 Transitional//EN"
    "http://www.w3.org/TR/xhtml1/DTD/xhtml1-transitional.dtd">
<html xmlns="http://www.w3.org/1999/xhtml" xml:lang="en" lang="en">
 <head>
  <title>
</title>
<meta http-equiv="Content-Type" content="text/html;charset=utf-8" />
  <meta name='ocr-system' content='tesseract 3.04.00' />
  <meta name='ocr-capabilities' content='ocr_page ocr_carea ocr_par ocr_line ocrx_word'/>
</head>
<body>
  <div class='ocr_page' id='page_1' title='image "./missalemixtumse00leslgoog_0096.png"; bbox 0 0 4450 7209; ppageno 0'>
   <div class='ocr_carea' id='block_1_1' title="bbox 356 771 2110 5629">
    <p class='ocr_par' dir='ltr' id='par_1_1' title="bbox 356 771 2110 5629">
     <span class='ocr_line' id='line_1_1' title="bbox 483 771 1648 863; baseline -0.007 -3"><span class='ocrx_word' id='word_1_1' title='bbox 483 792 612 860; x_wconf 83' lang='lat' dir='ltr'>ixx.</span> <span class='ocrx_word' id='word_1_2' title='bbox 897 771 1648 863; x_wconf 77' lang='lat' dir='ltr'>PRAEFATIO.</span> 
     </span>
     <span class='ocr_line' id='line_1_2' title="bbox 481 879 2094 1007; baseline -0.004 -28"><span class='ocrx_word' id='word_1_3' title='bbox 481 894 563 979; x_wconf 89' lang='lat' dir='ltr'>sive</span> <span class='ocrx_word' id='word_1_4' title='bbox 591 882 691 981; x_wconf 80' lang='lat' dir='ltr'>ordo</span> <span class='ocrx_word' id='word_1_5' title='bbox 717 882 956 978; x_wconf 81' lang='lat' dir='ltr'>Gallicanus</span> <span class='ocrx_word' id='word_1_6' title='bbox 987 892 1027 977; x_wconf 94' lang='lat' dir='ltr'>in</span> <span class='ocrx_word' id='word_1_7' title='bbox 1054 891 1147 980; x_wconf 87' lang='lat' dir='ltr'>Asia</span> <span class='ocrx_word' id='word_1_8' title='bbox 1177 912 1287 976; x_wconf 80' lang='lat' dir='ltr'>ortus</span> <span class='ocrx_word' id='word_1_9' title='bbox 1316 886 1405 999; x_wconf 87' lang='lat' dir='ltr'>est,</span> <span class='ocrx_word' id='word_1_10' title='bbox 1435 916 1461 974; x_wconf 87' lang='lat' dir='ltr'>a</span> <span class='ocrx_word' id='word_1_11' title='bbox 1498 893 1537 978; x_wconf 87' lang='lat' dir='ltr'>S.</span> <span class='ocrx_word' id='word_1_12' title='bbox 1555 891 1737 1007; x_wconf 87' lang='lat' dir='ltr'>Johannc</span> <span class='ocrx_word' id='word_1_13' title='bbox 1763 881 1955 1002; x_wconf 87' lang='lat' dir='ltr'>Apollolo</span> <span class='ocrx_word' id='word_1_14' title='bbox 1987 879 2094 973; x_wconf 84' lang='lat' dir='ltr'>insti·</span> 
     </span>
     <span class='ocr_line' id='line_1_3' title="bbox 481 1006 2097 1128; baseline -0.002 -31"><span class='ocrx_word' id='word_1_15' title='bbox 481 1038 624 1097; x_wconf 85' lang='lat' dir='ltr'>tutus.</span> <span class='ocrx_word' id='word_1_16' title='bbox 664 1010 739 1099; x_wconf 86' lang='lat' dir='ltr'>Sed</span> <span class='ocrx_word' id='word_1_17' title='bbox 779 1011 970 1122; x_wconf 91' lang='lat' dir='ltr'>quoniam</span> <span class='ocrx_word' id='word_1_18' title='bbox 997 1012 1140 1098; x_wconf 81' lang='lat' dir='ltr'>Paulus</span> <span class='ocrx_word' id='word_1_19' title='bbox 1167 1010 1377 1128; x_wconf 88' lang='lat' dir='ltr'>Apostolus</span> <span class='ocrx_word' id='word_1_20' title='bbox 1417 1009 1600 1093; x_wconf 91' lang='lat' dir='ltr'>omnium</span> <span class='ocrx_word' id='word_1_21' title='bbox 1643 1007 1794 1124; x_wconf 90' lang='lat' dir='ltr'>primus</span> <span class='ocrx_word' id='word_1_22' title='bbox 1823 1006 2097 1120; x_wconf 84' lang='lat' dir='ltr'>Evangeliuin</span> 
     </span>
     <span class='ocr_line' id='line_1_4' title="bbox 483 1126 2109 1244; baseline -0.002 -28"><span class='ocrx_word' id='word_1_23' title='bbox 483 1131 526 1216; x_wconf 96' lang='lat' dir='ltr'>in</span> <span class='ocrx_word' id='word_1_24' title='bbox 555 1132 648 1218; x_wconf 84' lang='lat' dir='ltr'>Asia</span> <span class='ocrx_word' id='word_1_25' title='bbox 680 1129 943 1244; x_wconf 77' lang='lat' dir='ltr'>predicavit,</span> <span class='ocrx_word' id='word_1_26' title='bbox 976 1135 1015 1219; x_wconf 90' lang='lat'>&amp;</span> <span class='ocrx_word' id='word_1_27' title='bbox 1043 1131 1236 1221; x_wconf 74' lang='lat' dir='ltr'>Ecclesiae</span> <span class='ocrx_word' id='word_1_28' title='bbox 1267 1128 1505 1237; x_wconf 83' lang='lat' dir='ltr'>constituit,</span> <span class='ocrx_word' id='word_1_29' title='bbox 1544 1129 1688 1240; x_wconf 89' lang='lat' dir='ltr'>quibus</span> <span class='ocrx_word' id='word_1_30' title='bbox 1727 1127 1869 1238; x_wconf 88' lang='lat' dir='ltr'>utique</span> <span class='ocrx_word' id='word_1_31' title='bbox 1901 1126 2109 1239; x_wconf 53' lang='lat' dir='ltr'>Liturgiae&#39;</span> 
     </span>
     <span class='ocr_line' id='line_1_5' title="bbox 483 1246 2099 1365; baseline -0.001 -33"><span class='ocrx_word' id='word_1_32' title='bbox 483 1249 666 1335; x_wconf 87' lang='lat' dir='ltr'>ordinem</span> <span class='ocrx_word' id='word_1_33' title='bbox 698 1247 839 1360; x_wconf 89' lang='lat' dir='ltr'>dedit,</span> <span class='ocrx_word' id='word_1_34' title='bbox 882 1250 989 1336; x_wconf 87' lang='lat' dir='ltr'>haud</span> <span class='ocrx_word' id='word_1_35' title='bbox 1021 1251 1249 1337; x_wconf 86' lang='lat' dir='ltr'>incredibile</span> <span class='ocrx_word' id='word_1_36' title='bbox 1279 1247 1367 1360; x_wconf 89' lang='lat' dir='ltr'>est,</span> <span class='ocrx_word' id='word_1_37' title='bbox 1408 1246 1590 1334; x_wconf 85' lang='lat' dir='ltr'>ordinem</span> <span class='ocrx_word' id='word_1_38' title='bbox 1619 1249 1810 1336; x_wconf 78' lang='lat' dir='ltr'>Asianum</span> <span class='ocrx_word' id='word_1_39' title='bbox 1837 1274 1861 1331; x_wconf 89' lang='lat' dir='ltr'>a</span> <span class='ocrx_word' id='word_1_40' title='bbox 1892 1252 1930 1335; x_wconf 89' lang='lat' dir='ltr'>S.</span> <span class='ocrx_word' id='word_1_41' title='bbox 1950 1247 2099 1365; x_wconf 82' lang='lat' dir='ltr'>Johan·</span> 
     </span>
     <span class='ocr_line' id='line_1_6' title="bbox 483 1363 2101 1484; baseline -0.002 -30"><span class='ocrx_word' id='word_1_42' title='bbox 483 1398 534 1454; x_wconf 91' lang='lat' dir='ltr'>ne</span> <span class='ocrx_word' id='word_1_43' title='bbox 567 1369 831 1476; x_wconf 90' lang='lat' dir='ltr'>institutum,</span> <span class='ocrx_word' id='word_1_44' title='bbox 871 1371 1092 1484; x_wconf 91' lang='lat' dir='ltr'>plurimum</span> <span class='ocrx_word' id='word_1_45' title='bbox 1124 1370 1325 1456; x_wconf 78' lang='lat' dir='ltr'>retinuisse</span> <span class='ocrx_word' id='word_1_46' title='bbox 1344 1367 1601 1484; x_wconf 80' lang='lat' dir='ltr'>¹primigenia</span> <span class='ocrx_word' id='word_1_47' title='bbox 1633 1368 1737 1452; x_wconf 84' lang='lat' dir='ltr'>illius</span> <span class='ocrx_word' id='word_1_48' title='bbox 1765 1365 1958 1479; x_wconf 81' lang='lat' dir='ltr'>Liturgiae</span> <span class='ocrx_word' id='word_1_49' title='bbox 1987 1363 2101 1452; x_wconf 85' lang='lat' dir='ltr'>Asia·</span> 
     </span>
     <span class='ocr_line' id='line_1_7' title="bbox 366 1483 2103 1607; baseline -0.005 -29"><span class='ocrx_word' id='word_1_50' title='bbox 366 1516 448 1605; x_wconf 76' lang='lat'>252</span> <span class='ocrx_word' id='word_1_51' title='bbox 481 1517 539 1573; x_wconf 76' lang='lat' dir='ltr'>na</span> <span class='ocrx_word' id='word_1_52' title='bbox 559 1517 582 1574; x_wconf 89' lang='lat' dir='ltr'>a</span> <span class='ocrx_word' id='word_1_53' title='bbox 600 1490 723 1575; x_wconf 89' lang='lat' dir='ltr'>Paulo</span> <span class='ocrx_word' id='word_1_54' title='bbox 751 1486 935 1574; x_wconf 81' lang='lat' dir='ltr'>tradita.</span> <span class='ocrx_word' id='word_1_55' title='bbox 967 1492 1111 1607; x_wconf 83' lang='lat' dir='ltr'>Qualis</span> <span class='ocrx_word' id='word_1_56' title='bbox 1138 1513 1278 1576; x_wconf 88' lang='lat' dir='ltr'>autem</span> <span class='ocrx_word' id='word_1_57' title='bbox 1305 1487 1450 1599; x_wconf 91' lang='lat' dir='ltr'>suerit,</span> <span class='ocrx_word' id='word_1_58' title='bbox 1477 1487 1574 1573; x_wconf 91' lang='lat' dir='ltr'>ordo</span> <span class='ocrx_word' id='word_1_59' title='bbox 1599 1486 1666 1572; x_wconf 92' lang='lat' dir='ltr'>ille</span> <span class='ocrx_word' id='word_1_60' title='bbox 1683 1485 1879 1573; x_wconf 83' lang='lat' dir='ltr'>Asiaticus</span> <span class='ocrx_word' id='word_1_61' title='bbox 1904 1483 2103 1603; x_wconf 87' lang='lat' dir='ltr'>S.Johan·</span> 
     </span>
     <span class='ocr_line' id='line_1_8' title="bbox 485 1602 2104 1720; baseline -0.003 -26"><span class='ocrx_word' id='word_1_62' title='bbox 485 1609 577 1718; x_wconf 89' lang='lat' dir='ltr'>nis,</span> <span class='ocrx_word' id='word_1_63' title='bbox 608 1615 848 1720; x_wconf 87' lang='lat' dir='ltr'>Anonymus</span> <span class='ocrx_word' id='word_1_64' title='bbox 879 1637 958 1694; x_wconf 93' lang='lat' dir='ltr'>non</span> <span class='ocrx_word' id='word_1_65' title='bbox 988 1613 1129 1720; x_wconf 90' lang='lat' dir='ltr'>docet,</span> <span class='ocrx_word' id='word_1_66' title='bbox 1161 1638 1234 1695; x_wconf 91' lang='lat' dir='ltr'>nec</span> <span class='ocrx_word' id='word_1_67' title='bbox 1264 1608 1402 1719; x_wconf 86' lang='lat' dir='ltr'>nobis,</span> <span class='ocrx_word' id='word_1_68' title='bbox 1431 1607 1474 1693; x_wconf 96' lang='lat' dir='ltr'>in</span> <span class='ocrx_word' id='word_1_69' title='bbox 1502 1629 1620 1692; x_wconf 90' lang='lat' dir='ltr'>tanto</span> <span class='ocrx_word' id='word_1_70' title='bbox 1653 1628 1883 1720; x_wconf 90' lang='lat' dir='ltr'>temporum</span> <span class='ocrx_word' id='word_1_71' title='bbox 1909 1602 2104 1689; x_wconf 88' lang='lat' dir='ltr'>interval·</span> 
     </span>
     <span class='ocr_line' id='line_1_9' title="bbox 454 1720 2104 1838; baseline -0.005 -24"><span class='ocrx_word' id='word_1_72' title='bbox 454 1729 555 1837; x_wconf 81' lang='lat' dir='ltr'>lo,</span> <span class='ocrx_word' id='word_1_73' title='bbox 587 1730 626 1812; x_wconf 92' lang='grc'>8(</span> <span class='ocrx_word' id='word_1_74' title='bbox 658 1727 810 1813; x_wconf 91' lang='lat' dir='ltr'>rituum</span> <span class='ocrx_word' id='word_1_75' title='bbox 839 1727 1036 1813; x_wconf 89' lang='lat' dir='ltr'>sacrorum</span> <span class='ocrx_word' id='word_1_76' title='bbox 1055 1728 1342 1838; x_wconf 90' lang='lat' dir='ltr'>vicissitudine,</span> <span class='ocrx_word' id='word_1_77' title='bbox 1373 1725 1568 1838; x_wconf 87' lang='lat' dir='ltr'>conjicere</span> <span class='ocrx_word' id='word_1_78' title='bbox 1599 1726 1722 1810; x_wconf 91' lang='lat' dir='ltr'>licet.</span> <span class='ocrx_word' id='word_1_79' title='bbox 1755 1722 1803 1810; x_wconf 89' lang='lat' dir='ltr'>ld</span> <span class='ocrx_word' id='word_1_80' title='bbox 1834 1750 1962 1809; x_wconf 93' lang='lat' dir='ltr'>unum</span> <span class='ocrx_word' id='word_1_81' title='bbox 1988 1720 2104 1807; x_wconf 90' lang='lat' dir='ltr'>vide·</span> 
     </span>
     <span class='ocr_line' id='line_1_10' title="bbox 483 1841 2103 1964; baseline -0.004 -33"><span class='ocrx_word' id='word_1_82' title='bbox 483 1869 552 1931; x_wconf 91' lang='lat' dir='ltr'>tur</span> <span class='ocrx_word' id='word_1_83' title='bbox 583 1844 807 1957; x_wconf 84' lang='lat' dir='ltr'>credibile,</span> <span class='ocrx_word' id='word_1_84' title='bbox 839 1876 931 1931; x_wconf 92' lang='lat' dir='ltr'>eum</span> <span class='ocrx_word' id='word_1_85' title='bbox 965 1868 1158 1964; x_wconf 84' lang='lat' dir='ltr'>magnam</span> <span class='ocrx_word' id='word_1_86' title='bbox 1188 1848 1427 1936; x_wconf 88' lang='lat' dir='ltr'>affinitatem</span> <span class='ocrx_word' id='word_1_87' title='bbox 1460 1843 1635 1930; x_wconf 84' lang='lat' dir='ltr'>habuisse</span> <span class='ocrx_word' id='word_1_88' title='bbox 1664 1871 1758 1929; x_wconf 91' lang='lat' dir='ltr'>cum</span> <span class='ocrx_word' id='word_1_89' title='bbox 1789 1843 1859 1930; x_wconf 86' lang='lat' dir='ltr'>illa</span> <span class='ocrx_word' id='word_1_90' title='bbox 1889 1841 2103 1957; x_wconf 84' lang='lat' dir='ltr'>Liturgia,</span> 
     </span>
     <span class='ocr_line' id='line_1_11' title="bbox 483 1964 2105 2079; baseline -0.002 -28"><span class='ocrx_word' id='word_1_91' title='bbox 483 1977 606 2079; x_wconf 78' lang='lat' dir='ltr'>qua,</span> <span class='ocrx_word' id='word_1_92' title='bbox 651 1964 788 2050; x_wconf 86' lang='lat' dir='ltr'>saeculo</span> <span class='ocrx_word' id='word_1_93' title='bbox 827 1966 940 2051; x_wconf 86' lang='lat' dir='ltr'>sexto</span> <span class='ocrx_word' id='word_1_94' title='bbox 978 1992 1189 2078; x_wconf 86' lang='lat' dir='ltr'>exeunte,</span> <span class='ocrx_word' id='word_1_95' title='bbox 1230 1968 1271 2053; x_wconf 92' lang='lat' dir='ltr'>in</span> <span class='ocrx_word' id='word_1_96' title='bbox 1306 1964 1671 2079; x_wconf 83' lang='lat' dir='ltr'>Galliavigebat.</span> <span class='ocrx_word' id='word_1_97' title='bbox 1711 1968 1822 2048; x_wconf 88' lang='lat' dir='ltr'>Nam</span> <span class='ocrx_word' id='word_1_98' title='bbox 1860 1968 2105 2074; x_wconf 76' lang='lat' dir='ltr'>Anonymue</span> 
     </span>
     <span class='ocr_line' id='line_1_12' title="bbox 482 2074 2106 2205; baseline -0.006 -32"><span class='ocrx_word' id='word_1_99' title='bbox 482 2107 621 2199; x_wconf 91' lang='lat' dir='ltr'>aperte</span> <span class='ocrx_word' id='word_1_100' title='bbox 652 2085 711 2169; x_wconf 89' lang='lat' dir='ltr'>ait</span> <span class='ocrx_word' id='word_1_101' title='bbox 742 2088 1021 2205; x_wconf 74' lang='lat' dir='ltr'>S-Johannem</span> <span class='ocrx_word' id='word_1_102' title='bbox 1054 2085 1353 2202; x_wconf 83' lang='lat' dir='ltr'>Evangelistam</span> <span class='ocrx_word' id='word_1_103' title='bbox 1380 2077 1563 2200; x_wconf 84' lang='lat' dir='ltr'>primum</span> <span class='ocrx_word' id='word_1_104' title='bbox 1593 2076 1754 2195; x_wconf 80' lang='lat' dir='ltr'>cursum</span> <span class='ocrx_word' id='word_1_105' title='bbox 1783 2074 1999 2168; x_wconf 82' lang='lat' dir='ltr'>Gallorum</span> <span class='ocrx_word' id='word_1_106' title='bbox 2039 2078 2106 2164; x_wconf 93' lang='lat' dir='ltr'>de·</span> 
     </span>
     <span class='ocr_line' id='line_1_13' title="bbox 485 2199 2105 2320; baseline -0.003 -30"><span class='ocrx_word' id='word_1_107' title='bbox 485 2205 688 2311; x_wconf 87' lang='lat' dir='ltr'>cantasse,</span> <span class='ocrx_word' id='word_1_108' title='bbox 721 2202 811 2288; x_wconf 89' lang='lat' dir='ltr'>inde</span> <span class='ocrx_word' id='word_1_109' title='bbox 843 2205 974 2320; x_wconf 85' lang='lat' dir='ltr'>postea</span> <span class='ocrx_word' id='word_1_110' title='bbox 994 2215 1165 2294; x_wconf 91' lang='lat' dir='ltr'>Beatum</span> <span class='ocrx_word' id='word_1_111' title='bbox 1184 2206 1472 2318; x_wconf 85' lang='lat' dir='ltr'>Polycarpum,</span> <span class='ocrx_word' id='word_1_112' title='bbox 1505 2200 1739 2317; x_wconf 91' lang='lat' dir='ltr'>discipulum</span> <span class='ocrx_word' id='word_1_113' title='bbox 1758 2199 1938 2316; x_wconf 87' lang='lat' dir='ltr'>Apostoli</span> <span class='ocrx_word' id='word_1_114' title='bbox 1956 2200 2105 2319; x_wconf 81' lang='lat' dir='ltr'>Johan·</span> 
     </span>
     <span class='ocr_line' id='line_1_14' title="bbox 484 2315 2103 2438; baseline -0.003 -28"><span class='ocrx_word' id='word_1_115' title='bbox 484 2323 580 2432; x_wconf 89' lang='lat' dir='ltr'>nis,</span> <span class='ocrx_word' id='word_1_116' title='bbox 612 2328 651 2408; x_wconf 98' lang='grc'>8(</span> <span class='ocrx_word' id='word_1_117' title='bbox 683 2321 848 2410; x_wconf 91' lang='lat' dir='ltr'>demum</span> <span class='ocrx_word' id='word_1_118' title='bbox 880 2331 918 2414; x_wconf 89' lang='lat' dir='ltr'>S.</span> <span class='ocrx_word' id='word_1_119' title='bbox 939 2333 1172 2434; x_wconf 86' lang='lat' dir='ltr'>Irenaeum,</span> <span class='ocrx_word' id='word_1_120' title='bbox 1212 2324 1381 2408; x_wconf 90' lang='lat' dir='ltr'>tertium</span> <span class='ocrx_word' id='word_1_121' title='bbox 1411 2315 1546 2438; x_wconf 83' lang='lat' dir='ltr'>ipsum</span> <span class='ocrx_word' id='word_1_122' title='bbox 1573 2316 1734 2431; x_wconf 81' lang='lat' dir='ltr'>cursum</span> <span class='ocrx_word' id='word_1_123' title='bbox 1775 2320 1815 2404; x_wconf 93' lang='lat' dir='ltr'>in</span> <span class='ocrx_word' id='word_1_124' title='bbox 1845 2319 1978 2407; x_wconf 86' lang='lat' dir='ltr'>Gallia</span> <span class='ocrx_word' id='word_1_125' title='bbox 2008 2348 2103 2405; x_wconf 91' lang='lat' dir='ltr'>can·</span> 
     </span>
     <span class='ocr_line' id='line_1_15' title="bbox 422 2434 2108 2550; baseline -0.001 -23"><span class='ocrx_word' id='word_1_126' title='bbox 422 2501 428 2508; x_wconf 89' lang='lat'>-</span> <span class='ocrx_word' id='word_1_127' title='bbox 487 2441 582 2528; x_wconf 87' lang='lat' dir='ltr'>tasse</span> <span class='ocrx_word' id='word_1_128' title='bbox 600 2489 616 2526; x_wconf 91' lang='lat'>.·</span> <span class='ocrx_word' id='word_1_129' title='bbox 642 2450 749 2528; x_wconf 85' lang='lat' dir='ltr'>Cum</span> <span class='ocrx_word' id='word_1_130' title='bbox 781 2468 918 2529; x_wconf 88' lang='lat' dir='ltr'>autern</span> <span class='ocrx_word' id='word_1_131' title='bbox 951 2445 1108 2531; x_wconf 88' lang='lat' dir='ltr'>cursum</span> <span class='ocrx_word' id='word_1_132' title='bbox 1138 2443 1395 2550; x_wconf 82' lang='lat' dir='ltr'>Abaticum,</span> <span class='ocrx_word' id='word_1_133' title='bbox 1422 2434 1686 2527; x_wconf 79' lang='lat' dir='ltr'>&#39;Gallicanum</span> <span class='ocrx_word' id='word_1_134' title='bbox 1719 2437 1938 2545; x_wconf 89' lang='lat' dir='ltr'>nominet,</span> <span class='ocrx_word' id='word_1_135' title='bbox 1972 2439 2108 2526; x_wconf 88' lang='lat' dir='ltr'>verisi-</span> 
     </span>
     <span class='ocr_line' id='line_1_16' title="bbox 488 2559 2106 2674; baseline -0.001 -29"><span class='ocrx_word' id='word_1_136' title='bbox 488 2561 587 2646; x_wconf 89' lang='lat' dir='ltr'>mile</span> <span class='ocrx_word' id='word_1_137' title='bbox 617 2559 705 2671; x_wconf 87' lang='lat' dir='ltr'>est,</span> <span class='ocrx_word' id='word_1_138' title='bbox 746 2563 902 2648; x_wconf 90' lang='lat' dir='ltr'>cursum</span> <span class='ocrx_word' id='word_1_139' title='bbox 933 2567 1143 2651; x_wconf 83' lang='lat' dir='ltr'>Gallorum</span> <span class='ocrx_word' id='word_1_140' title='bbox 1177 2560 1302 2648; x_wconf 86' lang='lat' dir='ltr'>saeculi</span> <span class='ocrx_word' id='word_1_141' title='bbox 1335 2560 1469 2670; x_wconf 89' lang='lat' dir='ltr'>sexti,</span> <span class='ocrx_word' id='word_1_142' title='bbox 1509 2563 1548 2644; x_wconf 94' lang='grc'>8(</span> <span class='ocrx_word' id='word_1_143' title='bbox 1581 2559 1775 2674; x_wconf 85' lang='lat' dir='ltr'>septimi,</span> <span class='ocrx_word' id='word_1_144' title='bbox 1806 2587 1888 2670; x_wconf 90' lang='lat' dir='ltr'>quo</span> <span class='ocrx_word' id='word_1_145' title='bbox 1919 2581 2106 2673; x_wconf 88' lang='lat' dir='ltr'>tempore</span> 
     </span>
     <span class='ocr_line' id='line_1_17' title="bbox 487 2677 2107 2798; baseline -0.004 -30"><span class='ocrx_word' id='word_1_146' title='bbox 487 2687 728 2792; x_wconf 87' lang='lat' dir='ltr'>Anonymus</span> <span class='ocrx_word' id='word_1_147' title='bbox 760 2680 940 2798; x_wconf 80' lang='lat' dir='ltr'>scripsisse</span> <span class='ocrx_word' id='word_1_148' title='bbox 970 2683 1177 2791; x_wconf 87' lang='lat' dir='ltr'>creditur,</span> <span class='ocrx_word' id='word_1_149' title='bbox 1217 2678 1323 2765; x_wconf 86' lang='lat' dir='ltr'>haud</span> <span class='ocrx_word' id='word_1_150' title='bbox 1349 2678 1577 2765; x_wconf 80' lang='lat' dir='ltr'>dissimilem</span> <span class='ocrx_word' id='word_1_151' title='bbox 1616 2678 1726 2764; x_wconf 86' lang='lat' dir='ltr'>fuisse</span> <span class='ocrx_word' id='word_1_152' title='bbox 1767 2678 1896 2762; x_wconf 88' lang='lat' dir='ltr'>cursui</span> <span class='ocrx_word' id='word_1_153' title='bbox 1927 2677 2107 2765; x_wconf 83' lang='lat' dir='ltr'>Abatico</span> 
     </span>
     <span class='ocr_line' id='line_1_18' title="bbox 373 2795 2107 2918; baseline -0.005 -29"><span class='ocrx_word' id='word_1_154' title='bbox 373 2823 454 2914; x_wconf 78' lang='lat'>253</span> <span class='ocrx_word' id='word_1_155' title='bbox 489 2804 527 2887; x_wconf 87' lang='lat' dir='ltr'>S.</span> <span class='ocrx_word' id='word_1_156' title='bbox 545 2801 763 2918; x_wconf 71' lang='lat' dir='ltr'>lobannis.</span> <span class='ocrx_word' id='word_1_157' title='bbox 794 2809 862 2889; x_wconf 93' lang='lat' dir='ltr'>An</span> <span class='ocrx_word' id='word_1_158' title='bbox 895 2829 991 2886; x_wconf 90' lang='lat' dir='ltr'>vero</span> <span class='ocrx_word' id='word_1_159' title='bbox 1021 2802 1127 2887; x_wconf 88' lang='lat' dir='ltr'>idem</span> <span class='ocrx_word' id='word_1_160' title='bbox 1159 2801 1312 2917; x_wconf 77' lang='lat' dir='ltr'>prorsus</span> <span class='ocrx_word' id='word_1_161' title='bbox 1342 2798 1545 2883; x_wconf 89' lang='lat' dir='ltr'>habendus</span> <span class='ocrx_word' id='word_1_162' title='bbox 1576 2797 1625 2882; x_wconf 89' lang='lat' dir='ltr'>sit</span> <span class='ocrx_word' id='word_1_163' title='bbox 1655 2795 1754 2881; x_wconf 91' lang='lat' dir='ltr'>ordo</span> <span class='ocrx_word' id='word_1_164' title='bbox 1780 2798 1845 2882; x_wconf 88' lang='lat' dir='ltr'>ille</span> <span class='ocrx_word' id='word_1_165' title='bbox 1872 2796 2107 2909; x_wconf 74' lang='lat' dir='ltr'>AsiaticuS,</span> 
     </span>
     <span class='ocr_line' id='line_1_19' title="bbox 487 2915 2108 3033; baseline -0.004 -29"><span class='ocrx_word' id='word_1_166' title='bbox 487 2940 611 3029; x_wconf 87' lang='lat' dir='ltr'>atque</span> <span class='ocrx_word' id='word_1_167' title='bbox 638 2919 865 3005; x_wconf 86' lang='lat' dir='ltr'>Gallicanus</span> <span class='ocrx_word' id='word_1_168' title='bbox 892 2920 1018 3006; x_wconf 85' lang='lat' dir='ltr'>saeculi</span> <span class='ocrx_word' id='word_1_169' title='bbox 1050 2920 1175 3027; x_wconf 88' lang='lat' dir='ltr'>sexti,</span> <span class='ocrx_word' id='word_1_170' title='bbox 1201 2942 1271 3004; x_wconf 89' lang='lat' dir='ltr'>aut</span> <span class='ocrx_word' id='word_1_171' title='bbox 1300 2917 1460 3033; x_wconf 90' lang='lat' dir='ltr'>septimi</span> <span class='ocrx_word' id='word_1_172' title='bbox 1485 2917 1721 3030; x_wconf 82' lang='lat' dir='ltr'>ambiguum</span> <span class='ocrx_word' id='word_1_173' title='bbox 1750 2915 1833 3001; x_wconf 86' lang='lat' dir='ltr'>est.</span> <span class='ocrx_word' id='word_1_174' title='bbox 1864 2920 1977 3000; x_wconf 91' lang='lat' dir='ltr'>Nam</span> <span class='ocrx_word' id='word_1_175' title='bbox 1996 2922 2108 3004; x_wconf 88' lang='lat' dir='ltr'>Ano·</span> 
     </span>
     <span class='ocr_line' id='line_1_20' title="bbox 375 3033 2107 3151; baseline -0.002 -28"><span class='ocrx_word' id='word_1_176' title='bbox 375 3076 378 3080; x_wconf 95' lang='lat'>·</span> <span class='ocrx_word' id='word_1_177' title='bbox 489 3064 638 3150; x_wconf 83' lang='lat' dir='ltr'>nymus</span> <span class='ocrx_word' id='word_1_178' title='bbox 667 3035 827 3122; x_wconf 90' lang='lat' dir='ltr'>videtur</span> <span class='ocrx_word' id='word_1_179' title='bbox 857 3037 1028 3124; x_wconf 88' lang='lat' dir='ltr'>indicare</span> <span class='ocrx_word' id='word_1_180' title='bbox 1058 3037 1216 3123; x_wconf 90' lang='lat' dir='ltr'>cursum</span> <span class='ocrx_word' id='word_1_181' title='bbox 1246 3037 1502 3145; x_wconf 87' lang='lat' dir='ltr'>Asiaticum,</span> <span class='ocrx_word' id='word_1_182' title='bbox 1532 3035 1738 3151; x_wconf 88' lang='lat' dir='ltr'>postquam</span> <span class='ocrx_word' id='word_1_183' title='bbox 1771 3035 1812 3118; x_wconf 93' lang='lat' dir='ltr'>in</span> <span class='ocrx_word' id='word_1_184' title='bbox 1839 3033 1971 3122; x_wconf 85' lang='lat' dir='ltr'>Gallia</span> <span class='ocrx_word' id='word_1_185' title='bbox 1996 3062 2107 3120; x_wconf 87' lang='lat' dir='ltr'>rece·</span> 
     </span>
     <span class='ocr_line' id='line_1_21' title="bbox 487 3152 2108 3273; baseline 0 -34"><span class='ocrx_word' id='word_1_186' title='bbox 487 3178 581 3273; x_wconf 83' lang='lat' dir='ltr'>ptus</span> <span class='ocrx_word' id='word_1_187' title='bbox 611 3152 698 3266; x_wconf 84' lang='lat' dir='ltr'>cll,</span> <span class='ocrx_word' id='word_1_188' title='bbox 739 3183 858 3271; x_wconf 88' lang='lat' dir='ltr'>opere</span> <span class='ocrx_word' id='word_1_189' title='bbox 898 3154 1105 3241; x_wconf 73' lang='lat' dir='ltr'>doslorum</span> <span class='ocrx_word' id='word_1_190' title='bbox 1139 3153 1588 3262; x_wconf 71' lang='lat' dir='ltr'>virorumLedlioneS,</span> <span class='ocrx_word' id='word_1_191' title='bbox 1621 3153 1954 3262; x_wconf 68' lang='lat' dir='ltr'>ModulationeS,</span> <span class='ocrx_word' id='word_1_192' title='bbox 1984 3153 2108 3240; x_wconf 88' lang='lat' dir='ltr'>Anti·</span> 
     </span>
     <span class='ocr_line' id='line_1_22' title="bbox 489 3269 2107 3391; baseline -0.001 -32"><span class='ocrx_word' id='word_1_193' title='bbox 489 3277 675 3391; x_wconf 84' lang='lat' dir='ltr'>phonas,</span> <span class='ocrx_word' id='word_1_194' title='bbox 706 3275 988 3390; x_wconf 88' lang='lat' dir='ltr'>Responsoria,</span> <span class='ocrx_word' id='word_1_195' title='bbox 1021 3279 1241 3386; x_wconf 73' lang='lat' dir='ltr'>Sonos,=&amp;</span> <span class='ocrx_word' id='word_1_196' title='bbox 1273 3269 1476 3387; x_wconf 71' lang='lat' dir='ltr'>Alleluias</span> <span class='ocrx_word' id='word_1_197' title='bbox 1504 3273 1685 3388; x_wconf 88' lang='lat' dir='ltr'>recepisse</span> <span class='ocrx_word' id='word_1_198' title='bbox 1696 3314 1716 3378; x_wconf 91' lang='lat'>,·</span> <span class='ocrx_word' id='word_1_199' title='bbox 1742 3303 1763 3358; x_wconf 90' lang='lat' dir='ltr'>e</span> <span class='ocrx_word' id='word_1_200' title='bbox 1789 3278 1903 3359; x_wconf 86' lang='lat' dir='ltr'>Sacra</span> <span class='ocrx_word' id='word_1_201' title='bbox 1928 3277 2107 3385; x_wconf 85' lang='lat' dir='ltr'>Scriptu-</span> 
     </span>
     <span class='ocr_line' id='line_1_23' title="bbox 490 3389 2109 3507; baseline -0.001 -30"><span class='ocrx_word' id='word_1_202' title='bbox 490 3421 536 3478; x_wconf 89' lang='lat' dir='ltr'>ra</span> <span class='ocrx_word' id='word_1_203' title='bbox 566 3391 823 3507; x_wconf 81' lang='lat' dir='ltr'>desumptac,</span> <span class='ocrx_word' id='word_1_204' title='bbox 856 3422 978 3505; x_wconf 84' lang='lat' dir='ltr'>atque</span> <span class='ocrx_word' id='word_1_205' title='bbox 1004 3392 1126 3504; x_wconf 88' lang='lat' dir='ltr'>adeo,</span> <span class='ocrx_word' id='word_1_206' title='bbox 1159 3395 1341 3480; x_wconf 93' lang='lat' dir='ltr'>nonnihil</span> <span class='ocrx_word' id='word_1_207' title='bbox 1372 3417 1577 3479; x_wconf 89' lang='lat' dir='ltr'>mutatum</span> <span class='ocrx_word' id='word_1_208' title='bbox 1609 3392 1749 3477; x_wconf 86' lang='lat' dir='ltr'>fuisse.</span> <span class='ocrx_word' id='word_1_209' title='bbox 1781 3389 1882 3496; x_wconf 86' lang='lat' dir='ltr'>Sed,</span> <span class='ocrx_word' id='word_1_210' title='bbox 1913 3391 2022 3502; x_wconf 92' lang='lat' dir='ltr'>quod</span> <span class='ocrx_word' id='word_1_211' title='bbox 2041 3392 2109 3476; x_wconf 90' lang='lat' dir='ltr'>do·</span> 
     </span>
     <span class='ocr_line' id='line_1_24' title="bbox 493 3506 2110 3625; baseline 0 -28"><span class='ocrx_word' id='word_1_212' title='bbox 493 3509 658 3597; x_wconf 90' lang='lat' dir='ltr'>lendum</span> <span class='ocrx_word' id='word_1_213' title='bbox 689 3511 776 3620; x_wconf 87' lang='lat' dir='ltr'>est,</span> <span class='ocrx_word' id='word_1_214' title='bbox 815 3512 856 3596; x_wconf 94' lang='lat' dir='ltr'>in</span> <span class='ocrx_word' id='word_1_215' title='bbox 884 3537 1002 3598; x_wconf 90' lang='lat' dir='ltr'>textu</span> <span class='ocrx_word' id='word_1_216' title='bbox 1031 3515 1272 3624; x_wconf 89' lang='lat' dir='ltr'>Anonymi,</span> <span class='ocrx_word' id='word_1_217' title='bbox 1305 3515 1522 3621; x_wconf 89' lang='lat' dir='ltr'>hocloco,</span> <span class='ocrx_word' id='word_1_218' title='bbox 1554 3514 1700 3597; x_wconf 86' lang='lat' dir='ltr'>lacunae</span> <span class='ocrx_word' id='word_1_219' title='bbox 1732 3511 1992 3595; x_wconf 87' lang='lat' dir='ltr'>inveniuntur</span> <span class='ocrx_word' id='word_1_220' title='bbox 2020 3506 2110 3625; x_wconf 84' lang='lat' dir='ltr'>(a),</span> 
     </span>
     <span class='ocr_line' id='line_1_25' title="bbox 490 3628 2107 3748; baseline 0.001 -36"><span class='ocrx_word' id='word_1_221' title='bbox 490 3657 579 3741; x_wconf 83' lang='lat' dir='ltr'>quae</span> <span class='ocrx_word' id='word_1_222' title='bbox 611 3628 830 3743; x_wconf 81' lang='lat' dir='ltr'>scriptionis</span> <span class='ocrx_word' id='word_1_223' title='bbox 870 3630 1010 3718; x_wconf 88' lang='lat' dir='ltr'>seriem</span> <span class='ocrx_word' id='word_1_224' title='bbox 1049 3633 1328 3748; x_wconf 89' lang='lat' dir='ltr'>abrumpunt,</span> <span class='ocrx_word' id='word_1_225' title='bbox 1370 3631 1662 3746; x_wconf 89' lang='lat' dir='ltr'>&amp;impediunt</span> <span class='ocrx_word' id='word_1_226' title='bbox 1705 3659 1753 3714; x_wconf 89' lang='lat' dir='ltr'>ne</span> <span class='ocrx_word' id='word_1_227' title='bbox 1785 3629 2107 3744; x_wconf 84' lang='lat' dir='ltr'>dignoscamus,</span> 
     </span>
     <span class='ocr_line' id='line_1_26' title="bbox 492 3748 2108 3864; baseline 0.001 -31"><span class='ocrx_word' id='word_1_228' title='bbox 492 3777 543 3834; x_wconf 84' lang='lat' dir='ltr'>an</span> <span class='ocrx_word' id='word_1_229' title='bbox 571 3748 755 3862; x_wconf 86' lang='lat' dir='ltr'>Liturgia</span> <span class='ocrx_word' id='word_1_230' title='bbox 781 3749 985 3836; x_wconf 88' lang='lat' dir='ltr'>Gallicana</span> <span class='ocrx_word' id='word_1_231' title='bbox 1026 3750 1201 3835; x_wconf 87' lang='lat' dir='ltr'>sormam</span> <span class='ocrx_word' id='word_1_232' title='bbox 1236 3750 1458 3838; x_wconf 87' lang='lat' dir='ltr'>Asiaticam</span> <span class='ocrx_word' id='word_1_233' title='bbox 1497 3778 1637 3864; x_wconf 88' lang='lat' dir='ltr'>puram</span> <span class='ocrx_word' id='word_1_234' title='bbox 1678 3753 1717 3835; x_wconf 91' lang='grc'>8(</span> <span class='ocrx_word' id='word_1_235' title='bbox 1748 3773 1888 3864; x_wconf 86' lang='lat' dir='ltr'>putam</span> <span class='ocrx_word' id='word_1_236' title='bbox 1931 3753 2108 3834; x_wconf 87' lang='lat' dir='ltr'>retinue-</span> 
     </span>
     <span class='ocr_line' id='line_1_27' title="bbox 377 3865 2107 3987; baseline -0.005 -26"><span class='ocrx_word' id='word_1_237' title='bbox 377 3895 463 3987; x_wconf 79' lang='lat'>254</span> <span class='ocrx_word' id='word_1_238' title='bbox 492 3868 578 3977; x_wconf 92' lang='lat' dir='ltr'>rit,</span> <span class='ocrx_word' id='word_1_239' title='bbox 609 3895 659 3953; x_wconf 91' lang='lat' dir='ltr'>an</span> <span class='ocrx_word' id='word_1_240' title='bbox 691 3867 742 3951; x_wconf 83' lang='lat' dir='ltr'>ab</span> <span class='ocrx_word' id='word_1_241' title='bbox 773 3895 821 3952; x_wconf 84' lang='lat' dir='ltr'>ea</span> <span class='ocrx_word' id='word_1_242' title='bbox 851 3868 1148 3981; x_wconf 90' lang='lat' dir='ltr'>aliquantulum</span> <span class='ocrx_word' id='word_1_243' title='bbox 1189 3869 1412 3954; x_wconf 87' lang='lat' dir='ltr'>recesserit.</span> <span class='ocrx_word' id='word_1_244' title='bbox 1455 3877 1520 3956; x_wconf 85' lang='lat' dir='ltr'>Ex</span> <span class='ocrx_word' id='word_1_245' title='bbox 1548 3868 1593 3953; x_wconf 88' lang='lat' dir='ltr'>iis</span> <span class='ocrx_word' id='word_1_246' title='bbox 1621 3895 1750 3972; x_wconf 86' lang='lat' dir='ltr'>vero,</span> <span class='ocrx_word' id='word_1_247' title='bbox 1781 3897 1867 3979; x_wconf 82' lang='lat' dir='ltr'>qua</span> <span class='ocrx_word' id='word_1_248' title='bbox 1899 3865 2030 3953; x_wconf 88' lang='lat' dir='ltr'>adhuc</span> <span class='ocrx_word' id='word_1_249' title='bbox 2066 3869 2107 3953; x_wconf 93' lang='lat' dir='ltr'>in</span> 
     </span>
     <span class='ocr_line' id='line_1_28' title="bbox 356 3986 2109 4103; baseline -0.001 -30"><span class='ocrx_word' id='word_1_250' title='bbox 356 4066 360 4073; x_wconf 88' lang='lat'><em>.</em></span> <span class='ocrx_word' id='word_1_251' title='bbox 493 4012 611 4074; x_wconf 85' lang='lat' dir='ltr'>textu</span> <span class='ocrx_word' id='word_1_252' title='bbox 631 3987 841 4100; x_wconf 88' lang='lat' dir='ltr'>Anonymi</span> <span class='ocrx_word' id='word_1_253' title='bbox 870 3987 1071 4103; x_wconf 88' lang='lat' dir='ltr'>supersunt</span> <span class='ocrx_word' id='word_1_254' title='bbox 1102 3989 1217 4075; x_wconf 87' lang='lat' dir='ltr'>facile</span> <span class='ocrx_word' id='word_1_255' title='bbox 1244 3987 1298 4072; x_wconf 86' lang='lat' dir='ltr'>est</span> <span class='ocrx_word' id='word_1_256' title='bbox 1327 3988 1527 4103; x_wconf 88' lang='lat' dir='ltr'>percipere</span> <span class='ocrx_word' id='word_1_257' title='bbox 1554 3987 1708 4072; x_wconf 90' lang='lat' dir='ltr'>cursum</span> <span class='ocrx_word' id='word_1_258' title='bbox 1739 3987 1870 4091; x_wconf 89' lang='lat' dir='ltr'>hunc,</span> <span class='ocrx_word' id='word_1_259' title='bbox 1900 3987 1979 4071; x_wconf 90' lang='lat' dir='ltr'>sive</span> <span class='ocrx_word' id='word_1_260' title='bbox 1999 3986 2109 4074; x_wconf 89' lang='lat' dir='ltr'>Asia·</span> 
     </span>
     <span class='ocr_line' id='line_1_29' title="bbox 494 4106 2108 4220; baseline -0.002 -28"><span class='ocrx_word' id='word_1_261' title='bbox 494 4106 657 4218; x_wconf 87' lang='lat' dir='ltr'>ticum,</span> <span class='ocrx_word' id='word_1_262' title='bbox 689 4107 770 4192; x_wconf 87' lang='lat' dir='ltr'>sive</span> <span class='ocrx_word' id='word_1_263' title='bbox 798 4108 1049 4195; x_wconf 89' lang='lat' dir='ltr'>Gallicanum</span> <span class='ocrx_word' id='word_1_264' title='bbox 1082 4106 1262 4216; x_wconf 77' lang='lat' dir='ltr'>dixeris,</span> <span class='ocrx_word' id='word_1_265' title='bbox 1303 4108 1472 4192; x_wconf 88' lang='lat' dir='ltr'>eundem</span> <span class='ocrx_word' id='word_1_266' title='bbox 1503 4107 1613 4191; x_wconf 78' lang='lat' dir='ltr'>fuisse</span> <span class='ocrx_word' id='word_1_267' title='bbox 1651 4129 1772 4215; x_wconf 87' lang='lat' dir='ltr'>atque</span> <span class='ocrx_word' id='word_1_268' title='bbox 1804 4107 2108 4220; x_wconf 87' lang='lat' dir='ltr'>GothoHilpa·</span> 
     </span>
     <span class='ocr_line' id='line_1_30' title="bbox 492 4222 2108 4340; baseline -0.001 -28"><span class='ocrx_word' id='word_1_269' title='bbox 492 4254 627 4335; x_wconf 90' lang='lat' dir='ltr'>num,</span> <span class='ocrx_word' id='word_1_270' title='bbox 660 4249 827 4337; x_wconf 89' lang='lat' dir='ltr'>uterque</span> <span class='ocrx_word' id='word_1_271' title='bbox 858 4228 966 4311; x_wconf 90' lang='lat' dir='ltr'>enim</span> <span class='ocrx_word' id='word_1_272' title='bbox 997 4226 1134 4312; x_wconf 92' lang='lat' dir='ltr'>iisdem</span> <span class='ocrx_word' id='word_1_273' title='bbox 1167 4225 1367 4311; x_wconf 89' lang='lat' dir='ltr'>constabat</span> <span class='ocrx_word' id='word_1_274' title='bbox 1398 4226 1607 4340; x_wconf 88' lang='lat' dir='ltr'>partibus,</span> <span class='ocrx_word' id='word_1_275' title='bbox 1639 4225 1784 4313; x_wconf 90' lang='lat' dir='ltr'>scilicet</span> <span class='ocrx_word' id='word_1_276' title='bbox 1819 4222 2108 4310; x_wconf 87' lang='lat' dir='ltr'>Modulationi·</span> 
     </span>
     <span class='ocr_line' id='line_1_31' title="bbox 493 4342 2108 4457; baseline 0 -29"><span class='ocrx_word' id='word_1_277' title='bbox 493 4344 598 4452; x_wconf 85' lang='lat' dir='ltr'>bus,</span> <span class='ocrx_word' id='word_1_278' title='bbox 629 4344 774 4453; x_wconf 83' lang='lat' dir='ltr'>Sonis,</span> <span class='ocrx_word' id='word_1_279' title='bbox 805 4342 1037 4451; x_wconf 84' lang='lat' dir='ltr'>Laudibus,</span> <span class='ocrx_word' id='word_1_280' title='bbox 1067 4344 1358 4457; x_wconf 87' lang='lat' dir='ltr'>Responsoriis,</span> <span class='ocrx_word' id='word_1_281' title='bbox 1387 4345 1657 4457; x_wconf 83' lang='lat' dir='ltr'>Antiphonis,</span> <span class='ocrx_word' id='word_1_282' title='bbox 1685 4373 1777 4427; x_wconf 90' lang='lat' dir='ltr'>cum</span> <span class='ocrx_word' id='word_1_283' title='bbox 1809 4344 1884 4427; x_wconf 88' lang='lat' dir='ltr'>suis</span> <span class='ocrx_word' id='word_1_284' title='bbox 1915 4345 2108 4428; x_wconf 90' lang='lat' dir='ltr'>orationi·</span> 
     </span>
     <span class='ocr_line' id='line_1_32' title="bbox 493 4458 2110 4575; baseline -0.001 -28"><span class='ocrx_word' id='word_1_285' title='bbox 493 4463 599 4570; x_wconf 86' lang='lat' dir='ltr'>bus,</span> <span class='ocrx_word' id='word_1_286' title='bbox 630 4461 981 4575; x_wconf 70' lang='lat' dir='ltr'>&amp;scripturarum</span> <span class='ocrx_word' id='word_1_287' title='bbox 1010 4458 1268 4569; x_wconf 75' lang='lat' dir='ltr'>sessionibus,</span> <span class='ocrx_word' id='word_1_288' title='bbox 1300 4461 1641 4572; x_wconf 89' lang='lat' dir='ltr'>quemadmodum</span> <span class='ocrx_word' id='word_1_289' title='bbox 1670 4459 1975 4575; x_wconf 88' lang='lat' dir='ltr'>descriptionem</span> <span class='ocrx_word' id='word_1_290' title='bbox 1998 4470 2110 4551; x_wconf 89' lang='lat' dir='ltr'>Ano·</span> 
     </span>
     <span class='ocr_line' id='line_1_33' title="bbox 428 4578 2109 4696; baseline 0.001 -27"><span class='ocrx_word' id='word_1_291' title='bbox 428 4630 445 4645; x_wconf 82' lang='lat'>·-</span> <span class='ocrx_word' id='word_1_292' title='bbox 493 4583 611 4694; x_wconf 91' lang='lat' dir='ltr'>nymi</span> <span class='ocrx_word' id='word_1_293' title='bbox 643 4578 772 4664; x_wconf 86' lang='lat' dir='ltr'>cursus</span> <span class='ocrx_word' id='word_1_294' title='bbox 798 4580 994 4667; x_wconf 86' lang='lat' dir='ltr'>Gallicani</span> <span class='ocrx_word' id='word_1_295' title='bbox 1024 4609 1116 4664; x_wconf 93' lang='lat' dir='ltr'>cum</span> <span class='ocrx_word' id='word_1_296' title='bbox 1146 4581 1349 4669; x_wconf 87' lang='lat' dir='ltr'>Breviario</span> <span class='ocrx_word' id='word_1_297' title='bbox 1376 4582 1639 4666; x_wconf 86' lang='lat' dir='ltr'>Mozarabum</span> <span class='ocrx_word' id='word_1_298' title='bbox 1673 4581 1894 4665; x_wconf 89' lang='lat' dir='ltr'>conserenti</span> <span class='ocrx_word' id='word_1_299' title='bbox 1920 4584 2109 4696; x_wconf 84' lang='lat' dir='ltr'>patebit.</span> 
     </span>
     <span class='ocr_line' id='line_1_34' title="bbox 492 4700 2110 4816; baseline -0.002 -25"><span class='ocrx_word' id='word_1_300' title='bbox 492 4702 615 4791; x_wconf 89' lang='lat' dir='ltr'>Unde</span> <span class='ocrx_word' id='word_1_301' title='bbox 645 4700 756 4784; x_wconf 89' lang='lat' dir='ltr'>nobis</span> <span class='ocrx_word' id='word_1_302' title='bbox 782 4701 966 4816; x_wconf 89' lang='lat' dir='ltr'>colligere</span> <span class='ocrx_word' id='word_1_303' title='bbox 996 4700 1090 4785; x_wconf 93' lang='lat' dir='ltr'>licet</span> <span class='ocrx_word' id='word_1_304' title='bbox 1109 4700 1335 4815; x_wconf 86' lang='lat' dir='ltr'>Liturgiam</span> <span class='ocrx_word' id='word_1_305' title='bbox 1366 4700 1809 4789; x_wconf 86' lang='lat' dir='ltr'>Asiatico-Gallicanam</span> <span class='ocrx_word' id='word_1_306' title='bbox 1837 4700 1944 4784; x_wconf 89' lang='lat' dir='ltr'>haud</span> <span class='ocrx_word' id='word_1_307' title='bbox 1975 4701 2110 4788; x_wconf 88' lang='lat' dir='ltr'>diver·</span> 
     </span>
     <span class='ocr_line' id='line_1_35' title="bbox 373 4817 2110 4938; baseline -0.005 -23"><span class='ocrx_word' id='word_1_308' title='bbox 373 4846 457 4938; x_wconf 81' lang='lat'>255</span> <span class='ocrx_word' id='word_1_309' title='bbox 490 4820 574 4906; x_wconf 88' lang='lat' dir='ltr'>sam</span> <span class='ocrx_word' id='word_1_310' title='bbox 604 4819 777 4905; x_wconf 87' lang='lat' dir='ltr'>extitisse</span> <span class='ocrx_word' id='word_1_311' title='bbox 804 4818 1210 4934; x_wconf 84' lang='lat' dir='ltr'>aGotho·Hispana.</span> <span class='ocrx_word' id='word_1_312' title='bbox 1243 4817 1459 4905; x_wconf 82' lang='lat' dir='ltr'>Hilduinus</span> <span class='ocrx_word' id='word_1_313' title='bbox 1487 4846 1647 4930; x_wconf 90' lang='lat' dir='ltr'>quoque</span> <span class='ocrx_word' id='word_1_314' title='bbox 1678 4817 1785 4904; x_wconf 89' lang='lat' dir='ltr'>haud</span> <span class='ocrx_word' id='word_1_315' title='bbox 1817 4847 1917 4934; x_wconf 81' lang='lat' dir='ltr'>nigre</span> <span class='ocrx_word' id='word_1_316' title='bbox 1937 4827 2110 4936; x_wconf 89' lang='lat' dir='ltr'>Anony-</span> 
     </span>
     <span class='ocr_line' id='line_1_36' title="bbox 490 4937 2106 5057; baseline 0.002 -33"><span class='ocrx_word' id='word_1_317' title='bbox 490 4967 563 5024; x_wconf 92' lang='lat' dir='ltr'>mo</span> <span class='ocrx_word' id='word_1_318' title='bbox 591 4938 792 5057; x_wconf 88' lang='lat' dir='ltr'>conciliari</span> <span class='ocrx_word' id='word_1_319' title='bbox 824 4938 984 5051; x_wconf 89' lang='lat' dir='ltr'>potest,</span> <span class='ocrx_word' id='word_1_320' title='bbox 1015 4941 1138 5025; x_wconf 86' lang='lat' dir='ltr'>ambo</span> <span class='ocrx_word' id='word_1_321' title='bbox 1167 4937 1274 5022; x_wconf 85' lang='lat' dir='ltr'>enini</span> <span class='ocrx_word' id='word_1_322' title='bbox 1307 4938 1551 5023; x_wconf 90' lang='lat' dir='ltr'>conveniunt</span> <span class='ocrx_word' id='word_1_323' title='bbox 1581 4938 1622 5022; x_wconf 94' lang='lat' dir='ltr'>in</span> <span class='ocrx_word' id='word_1_324' title='bbox 1654 4937 1852 5024; x_wconf 86' lang='lat' dir='ltr'>asserenda</span> <span class='ocrx_word' id='word_1_325' title='bbox 1880 4940 2106 5052; x_wconf 87' lang='lat' dir='ltr'>antiquita·</span> 
     </span>
     <span class='ocr_line' id='line_1_37' title="bbox 491 5055 2109 5172; baseline 0.003 -29"><span class='ocrx_word' id='word_1_326' title='bbox 491 5078 535 5143; x_wconf 90' lang='lat' dir='ltr'>te</span> <span class='ocrx_word' id='word_1_327' title='bbox 559 5056 750 5169; x_wconf 79' lang='lat' dir='ltr'>Licurgiae</span> <span class='ocrx_word' id='word_1_328' title='bbox 778 5057 1025 5167; x_wconf 82' lang='lat' dir='ltr'>Gallicana,</span> <span class='ocrx_word' id='word_1_329' title='bbox 1057 5062 1096 5143; x_wconf 89' lang='grc'>8(</span> <span class='ocrx_word' id='word_1_330' title='bbox 1127 5058 1168 5143; x_wconf 96' lang='lat' dir='ltr'>in</span> <span class='ocrx_word' id='word_1_331' title='bbox 1197 5055 1281 5168; x_wconf 87' lang='lat' dir='ltr'>ejus</span> <span class='ocrx_word' id='word_1_332' title='bbox 1308 5084 1399 5140; x_wconf 90' lang='lat' dir='ltr'>cuni</span> <span class='ocrx_word' id='word_1_333' title='bbox 1427 5057 1762 5172; x_wconf 85' lang='lat' dir='ltr'>Gotho-Hispana</span> <span class='ocrx_word' id='word_1_334' title='bbox 1790 5058 1978 5145; x_wconf 90' lang='lat' dir='ltr'>consensu</span> <span class='ocrx_word' id='word_1_335' title='bbox 2010 5058 2109 5148; x_wconf 89' lang='lat' dir='ltr'>indi·</span> 
     </span>
     <span class='ocr_line' id='line_1_38' title="bbox 490 5173 2108 5292; baseline 0.002 -28"><span class='ocrx_word' id='word_1_336' title='bbox 490 5173 651 5264; x_wconf 86' lang='lat' dir='ltr'>cando.</span> <span class='ocrx_word' id='word_1_337' title='bbox 680 5181 741 5259; x_wconf 93' lang='lat' dir='ltr'>At</span> <span class='ocrx_word' id='word_1_338' title='bbox 768 5173 983 5260; x_wconf 81' lang='lat' dir='ltr'>Hilduinus</span> <span class='ocrx_word' id='word_1_339' title='bbox 1014 5204 1105 5261; x_wconf 91' lang='lat' dir='ltr'>cuni</span> <span class='ocrx_word' id='word_1_340' title='bbox 1133 5176 1248 5262; x_wconf 90' lang='lat' dir='ltr'>sciret</span> <span class='ocrx_word' id='word_1_341' title='bbox 1267 5175 1492 5291; x_wconf 80' lang='lat' dir='ltr'>Licurgiam</span> <span class='ocrx_word' id='word_1_342' title='bbox 1518 5176 1767 5263; x_wconf 88' lang='lat' dir='ltr'>Gallicanam</span> <span class='ocrx_word' id='word_1_343' title='bbox 1792 5177 1896 5292; x_wconf 85' lang='lat' dir='ltr'>apud</span> <span class='ocrx_word' id='word_1_344' title='bbox 1917 5179 2108 5267; x_wconf 88' lang='lat' dir='ltr'>Parisien·</span> 
     </span>
     <span class='ocr_line' id='line_1_39' title="bbox 490 5289 2106 5412; baseline 0.002 -31"><span class='ocrx_word' id='word_1_345' title='bbox 490 5295 595 5382; x_wconf 90' lang='lat' dir='ltr'>sesa</span> <span class='ocrx_word' id='word_1_346' title='bbox 625 5289 801 5404; x_wconf 86' lang='lat' dir='ltr'>suscepta</span> <span class='ocrx_word' id='word_1_347' title='bbox 831 5291 930 5378; x_wconf 88' lang='lat' dir='ltr'>Fide</span> <span class='ocrx_word' id='word_1_348' title='bbox 956 5293 1211 5401; x_wconf 82' lang='lat' dir='ltr'>Christiana,</span> <span class='ocrx_word' id='word_1_349' title='bbox 1245 5295 1284 5378; x_wconf 94' lang='lat' dir='ltr'>in</span> <span class='ocrx_word' id='word_1_350' title='bbox 1313 5294 1380 5378; x_wconf 89' lang='lat' dir='ltr'>usu</span> <span class='ocrx_word' id='word_1_351' title='bbox 1406 5297 1548 5403; x_wconf 86' lang='lat' dir='ltr'>fuisse,</span> <span class='ocrx_word' id='word_1_352' title='bbox 1588 5297 1731 5406; x_wconf 90' lang='lat' dir='ltr'>quibus</span> <span class='ocrx_word' id='word_1_353' title='bbox 1762 5324 1787 5380; x_wconf 87' lang='lat' dir='ltr'>a</span> <span class='ocrx_word' id='word_1_354' title='bbox 1813 5303 1852 5384; x_wconf 81' lang='lat' dir='ltr'>S.</span> <span class='ocrx_word' id='word_1_355' title='bbox 1872 5298 2106 5412; x_wconf 88' lang='lat' dir='ltr'>Dionysio,</span> 
     </span>
     <span class='ocr_line' id='line_1_40' title="bbox 489 5408 2109 5533; baseline 0.002 -29"><span class='ocrx_word' id='word_1_356' title='bbox 489 5412 671 5504; x_wconf 85' lang='lat' dir='ltr'>Ecclesiae</span> <span class='ocrx_word' id='word_1_357' title='bbox 709 5408 947 5524; x_wconf 89' lang='lat' dir='ltr'>conditore,</span> <span class='ocrx_word' id='word_1_358' title='bbox 987 5411 1138 5498; x_wconf 87' lang='lat' dir='ltr'>tradita</span> <span class='ocrx_word' id='word_1_359' title='bbox 1172 5413 1335 5524; x_wconf 88' lang='lat' dir='ltr'>suerat,</span> <span class='ocrx_word' id='word_1_360' title='bbox 1376 5414 1417 5499; x_wconf 94' lang='lat' dir='ltr'>in</span> <span class='ocrx_word' id='word_1_361' title='bbox 1448 5442 1497 5499; x_wconf 87' lang='lat' dir='ltr'>eo</span> <span class='ocrx_word' id='word_1_362' title='bbox 1536 5417 1720 5525; x_wconf 89' lang='lat' dir='ltr'>erravit,</span> <span class='ocrx_word' id='word_1_363' title='bbox 1759 5413 1868 5529; x_wconf 90' lang='lat' dir='ltr'>quod</span> <span class='ocrx_word' id='word_1_364' title='bbox 1897 5420 2109 5533; x_wconf 89' lang='lat' dir='ltr'>putaverit</span> 
     </span>
     <span class='ocr_line' id='line_1_41' title="bbox 1951 5540 2109 5629; baseline -0.032 0"><span class='ocrx_word' id='word_1_365' title='bbox 1951 5544 1992 5629; x_wconf 84' lang='lat' dir='ltr'>S·</span> <span class='ocrx_word' id='word_1_366' title='bbox 2011 5540 2109 5627; x_wconf 92' lang='lat' dir='ltr'>Dio·</span> 
     </span>
    </p>
   </div>
   <div class='ocr_carea' id='block_1_2' title="bbox 484 5670 2112 6132">
    <p class='ocr_par' dir='ltr' id='par_1_2' title="bbox 484 5670 2112 6132">
     <span class='ocr_line' id='line_1_42' title="bbox 534 5670 2112 5771; baseline 0.01 -35"><span class='ocrx_word' id='word_1_367' title='bbox 534 5678 594 5766; x_wconf 78' lang='lat' dir='ltr'>(a)</span> <span class='ocrx_word' id='word_1_368' title='bbox 619 5677 835 5760; x_wconf 85' lang='lat' dir='ltr'>Anonymiis.</span> <span class='ocrx_word' id='word_1_369' title='bbox 851 5673 1034 5744; x_wconf 74' lang='lat' dir='ltr'>Hiemem,</span> <span class='ocrx_word' id='word_1_370' title='bbox 1047 5670 1263 5756; x_wconf 78' lang='lat' dir='ltr'>qrii‘sui&#39;tEpi&#39;·</span> <span class='ocrx_word' id='word_1_371' title='bbox 1324 5671 1464 5735; x_wconf 77' lang='lat' dir='ltr'>dentium</span> <span class='ocrx_word' id='word_1_372' title='bbox 1478 5710 1505 5730; x_wconf 83' lang='grc'>..</span> <span class='ocrx_word' id='word_1_373' title='bbox 1518 5711 1528 5731; x_wconf 88' lang='grc'><strong>.</strong></span> <span class='ocrx_word' id='word_1_374' title='bbox 1542 5674 1688 5740; x_wconf 71' lang='lat' dir='ltr'>virorum</span> <span class='ocrx_word' id='word_1_375' title='bbox 1711 5679 1836 5768; x_wconf 78' lang='lat' dir='ltr'>pagi&#39;m&#39;r</span> <span class='ocrx_word' id='word_1_376' title='bbox 1861 5699 1922 5745; x_wconf 82' lang='lat' dir='ltr'>non</span> <span class='ocrx_word' id='word_1_377' title='bbox 1962 5686 2001 5746; x_wconf 81' lang='lat' dir='ltr'>de</span> <span class='ocrx_word' id='word_1_378' title='bbox 2025 5699 2112 5771; x_wconf 74' lang='lat' dir='ltr'>pro-</span> 
     </span>
     <span class='ocr_line' id='line_1_43' title="bbox 484 5758 2108 5861; baseline 0.006 -29"><span class='ocrx_word' id='word_1_379' title='bbox 484 5769 594 5860; x_wconf 75' lang='lat' dir='ltr'>fcinus</span> <span class='ocrx_word' id='word_1_380' title='bbox 625 5765 831 5850; x_wconf 77' lang='lat' dir='ltr'>Lugdiinrnfii</span> <span class='ocrx_word' id='word_1_381' title='bbox 856 5763 966 5827; x_wconf 72' lang='lat' dir='ltr'>canei·</span> <span class='ocrx_word' id='word_1_382' title='bbox 980 5803 991 5832; x_wconf 85' lang='lat'>,</span> <span class='ocrx_word' id='word_1_383' title='bbox 1024 5760 1145 5823; x_wconf 80' lang='lat' dir='ltr'>tei-riui</span> <span class='ocrx_word' id='word_1_384' title='bbox 1170 5760 1260 5845; x_wconf 73' lang='lat' dir='ltr'>ipse,</span> <span class='ocrx_word' id='word_1_385' title='bbox 1318 5762 1402 5844; x_wconf 76' lang='lat' dir='ltr'>priii</span> <span class='ocrx_word' id='word_1_386' title='bbox 1417 5800 1425 5824; x_wconf 62' lang='lat'><em>2</em></span> <span class='ocrx_word' id='word_1_387' title='bbox 1443 5758 1497 5843; x_wconf 80' lang='lat' dir='ltr'>fed</span> <span class='ocrx_word' id='word_1_388' title='bbox 1522 5765 1559 5824; x_wconf 80' lang='lat' dir='ltr'>de</span> <span class='ocrx_word' id='word_1_389' title='bbox 1581 5765 1686 5830; x_wconf 70' lang='lat' dir='ltr'>soci-ii</span> <span class='ocrx_word' id='word_1_390' title='bbox 1707 5771 1888 5851; x_wconf 72' lang='lat' dir='ltr'>scripturis</span> <span class='ocrx_word' id='word_1_391' title='bbox 1915 5785 2108 5861; x_wconf 74' lang='lat' dir='ltr'>receperunt</span> 
     </span>
     <span class='ocr_line' id='line_1_44' title="bbox 492 5849 2109 5948; baseline 0.019 -24"><span class='ocrx_word' id='word_1_392' title='bbox 492 5861 592 5948; x_wconf 72' lang='lat' dir='ltr'>ipsitm</span> <span class='ocrx_word' id='word_1_393' title='bbox 607 5855 729 5940; x_wconf 69' lang='lat' dir='ltr'>turstini</span> <span class='ocrx_word' id='word_1_394' title='bbox 741 5855 925 5918; x_wconf 77' lang='lat' dir='ltr'>decantavit</span> <span class='ocrx_word' id='word_1_395' title='bbox 942 5849 1108 5914; x_wconf 75' lang='lat' dir='ltr'>inoalleii</span> <span class='ocrx_word' id='word_1_396' title='bbox 1123 5890 1131 5908; x_wconf 90' lang='lat'><strong>·</strong></span> <span class='ocrx_word' id='word_1_397' title='bbox 1144 5889 1152 5908; x_wconf 91' lang='lat'><strong>·</strong></span> <span class='ocrx_word' id='word_1_398' title='bbox 1167 5851 1258 5912; x_wconf 54' lang='lat' dir='ltr'>dns?</span> <span class='ocrx_word' id='word_1_399' title='bbox 1322 5849 1542 5928; x_wconf 52' lang='lat' dir='ltr'>Amissum&gt;</span> <span class='ocrx_word' id='word_1_400' title='bbox 1558 5855 1602 5937; x_wconf 72' lang='lat'>&amp;¹</span> <span class='ocrx_word' id='word_1_401' title='bbox 1617 5855 1829 5941; x_wconf 61' lang='lat' dir='ltr'>R‘sssllsssla</span> <span class='ocrx_word' id='word_1_402' title='bbox 1841 5900 1851 5929; x_wconf 78' lang='lat'><strong>&gt;</strong></span> <span class='ocrx_word' id='word_1_403' title='bbox 1867 5856 1925 5944; x_wconf 60' lang='lat' dir='ltr'>sm</span> <span class='ocrx_word' id='word_1_404' title='bbox 1937 5863 2036 5929; x_wconf 57' lang='lat' dir='ltr'>ss’ml</span> <span class='ocrx_word' id='word_1_405' title='bbox 2054 5904 2109 5928; x_wconf 86' lang='lat'>···</span> 
     </span>
     <span class='ocr_line' id='line_1_45' title="bbox 492 5939 2109 6034; baseline 0.033 -71"><span class='ocrx_word' id='word_1_406' title='bbox 492 5958 514 6014; x_wconf 59' lang='lat' dir='ltr'>e.</span> <span class='ocrx_word' id='word_1_407' title='bbox 545 5945 810 6010; x_wconf 49' lang='lat' dir='ltr'>mmmm-,myas</span> <span class='ocrx_word' id='word_1_408' title='bbox 836 5986 845 6015; x_wconf 55' lang='lat'>‚</span> <span class='ocrx_word' id='word_1_409' title='bbox 887 5943 986 6029; x_wconf 55' lang='lat' dir='ltr'>serpe,</span> <span class='ocrx_word' id='word_1_410' title='bbox 1017 5939 1256 6020; x_wconf 60' lang='lat' dir='ltr'>Scripturarum</span> <span class='ocrx_word' id='word_1_411' title='bbox 1317 5939 1558 6022; x_wconf 54' lang='lat' dir='ltr'>&amp;Allelujan</span> <span class='ocrx_word' id='word_1_412' title='bbox 1584 5945 1845 6029; x_wconf 70' lang='lat' dir='ltr'>comprjiirrunr,</span> <span class='ocrx_word' id='word_1_413' title='bbox 1872 5950 1916 6031; x_wconf 55' lang='grc' dir='ltr'>ὅς’</span> <span class='ocrx_word' id='word_1_414' title='bbox 1939 5966 2000 6034; x_wconf 82' lang='lat' dir='ltr'>per</span> <span class='ocrx_word' id='word_1_415' title='bbox 2031 5954 2109 6019; x_wconf 74' lang='lat' dir='ltr'>uni·</span> 
     </span>
     <span class='ocr_line' id='line_1_46' title="bbox 491 6025 2045 6132; baseline 0.034 -80"><span class='ocrx_word' id='word_1_416' title='bbox 491 6041 569 6130; x_wconf 60' lang='lat' dir='ltr'>w,</span> <span class='ocrx_word' id='word_1_417' title='bbox 580 6056 617 6101; x_wconf 62' lang='lat' dir='ltr'>a,</span> <span class='ocrx_word' id='word_1_418' title='bbox 632 6037 751 6101; x_wconf 54' lang='lat' dir='ltr'>,emis</span> <span class='ocrx_word' id='word_1_419' title='bbox 765 6034 951 6122; x_wconf 58' lang='lat' dir='ltr'><em>Mamm„-</em></span> <span class='ocrx_word' id='word_1_420' title='bbox 976 6025 1257 6116; x_wconf 56' lang='lat' dir='ltr'>yyvyryyrumpru.</span> <span class='ocrx_word' id='word_1_421' title='bbox 1315 6027 1443 6114; x_wconf 72' lang='lat' dir='ltr'>eei&#39;suiu</span> <span class='ocrx_word' id='word_1_422' title='bbox 1459 6030 1567 6098; x_wconf 78' lang='lat' dir='ltr'>orbern</span> <span class='ocrx_word' id='word_1_423' title='bbox 1578 6047 1745 6104; x_wconf 72' lang='lat' dir='ltr'>recturum</span> <span class='ocrx_word' id='word_1_424' title='bbox 1759 6041 1835 6107; x_wconf 80' lang='lat' dir='ltr'>ordo</span> <span class='ocrx_word' id='word_1_425' title='bbox 1852 6037 1962 6128; x_wconf 73' lang='lat' dir='ltr'>cearliii</span> <span class='ocrx_word' id='word_1_426' title='bbox 1981 6045 2045 6132; x_wconf 63' lang='lat' dir='ltr'>est.</span> 
     </span>
    </p>
   </div>
   <div class='ocr_carea' id='block_1_3' title="bbox 0 0 2234 7204">
    <p class='ocr_par' dir='ltr' id='par_1_3' title="bbox 0 0 2234 7204">
     <span class='ocr_line' id='line_1_47' title="bbox 0 0 2234 7204; baseline 0 0"><span class='ocrx_word' id='word_1_427' title='bbox 0 0 2234 7204; x_wconf 95' lang='lat' dir='ltr'> </span> 
     </span>
    </p>
   </div>
  </div>
 </body>
</html>
