4450 7209
381 709 517 791 neuin
543 709 744 808 QUARTA
767 705 1014 790 DOMlNlCE
1038 709 1218 803 QJINTE
1244 701 1646 792 QUADRAGESIMEZ
1769 699 1842 796 ἰμ’

168 809 290 910 gnatio
322 813 500 891 adversum
539 811 698 888 ancillam
723 832 815 889 tuam
853 813 972 886 dicits
1024 813 1153 884 Servus
1179 809 1268 884 enim
1296 827 1374 884 tuus
1398 809 1485 889 loab
1507 809 1578 906 ipse
1597 801 1753 905 precepit
1777 806 1839 876 mi·
1873 815 1920 890 55

171 915 287 986 Trade
312 934 389 988 cum
413 913 471 1008 qui
498 915 659 1008 percuffit
681 913 823 988 fratrem
853 912 973 986 suumn
1023 910 1058 982 bi
1087 937 1097 980 s
1126 911 1164 984 δι
1192 907 1263 1005 ipse
1286 907 1402 1005 posuit
1431 909 1467 980 in
1492 931 1530 982 os
1554 903 1674 984 ancille
1689 924 1749 977 tue
1763 925 1838 975 orn·

169 1028 211 1082 ut
227 1011 423 1084 occidamus
447 1008 541 1085 illum
565 1037 630 1110 pro
652 1013 766 1088 anima
797 1007 912 1083 fratris
926 1009 976 1082 sui
1027 1006 1084 1082 nia
1110 1006 1215 1082 verba
1230 1006 1295 1079 hec
1317 1035 1327 1078 r
1351 1026 1389 1080 ut
1414 1025 1590 1081 verterem
1618 1007 1759 1102 liguram
1774 998 1842 1072 ser·

170 1130 272 1198 quem
296 1109 475 1184 interfecit
498 1111 559 1183 r&
586 1110 758 1187 deleamus
786 1111 977 1186 heredem·
1028 1105 1145 1183 monis
1180 1107 1278 1194 huius
1303 1154 1315 1176 .
1342 1108 1469 1181 Servus
1499 1122 1578 1178 tuus
1601 1098 1687 1185 Joab
1720 1119 1843 1194 prece·

121 1223 143 1297 5
174 1205 218 1278 Et
243 1224 395 1301 querunt
424 1208 634 1306 extinguere
664 1205 847 1284 scintillam
875 1229 989 1282 meam
1033 1207 1086 1304 pit
1123 1203 1246 1279 illud.
1274 1207 1327 1276 Tu
1361 1222 1480 1278 autern
1506 1201 1656 1276 Domine
1691 1197 1734 1271 mi
1762 1197 1844 1269 Rex

172 1325 241 1397 que
271 1301 389 1380 relide
418 1307 466 1379 eli
491 1335 502 1377 s
531 1328 571 1379 ut
601 1329 671 1385 noo
719 1305 862 1405 supersit
903 1305 987 1379 viro
1034 1302 1173 1397 sapiens
1201 1327 1272 1375 esa
1299 1303 1388 1375 licut
1412 1303 1520 1376 lrabet
1544 1296 1745 1396 sapientiam
1769 1295 1846 1368 An·
1874 1314 1928 1386 5,

174 1423 257 1476 meo
284 1427 412 1477 nomen
439 1432 450 1473 a
478 1401 677 1500 &reliquie
701 1403 802 1502 super
827 1423 989 1478 tertam.
1036 1399 1134 1500 gelus
1162 1400 1232 1475 Dei
1262 1428 1272 1472 r
1304 1419 1343 1474 ur
1373 1399 1546 1496 intelligas
1586 1396 1707 1471 omnia
1746 1391 1849 1487 super

176 1498 220 1572 Et
249 1497 299 1574 ait
328 1503 407 1574 Rex
434 1502 478 1577 ad
502 1502 820 1579 mulierem·Vade
850 1501 886 1572 in
920 1501 987 1576 do·
1036 1519 1163 1576 terram
1193 1548 1203 1571 .
1228 1499 1271 1572 Et
1297 1497 1344 1570 air
1365 1500 1444 1574 Rex
1470 1487 1854 1584 adloab.Ecceplaca·

177 1618 271 1672 mum
298 1615 395 1675 trram
420 1626 431 1668 a
461 1603 499 1673 dr
531 1626 605 1698 ego
638 1604 772 1689 iubebo
807 1622 880 1700 pro
913 1620 950 1674 te
977 1646 994 1669 .1
1038 1615 1094 1673 tus
1126 1597 1195 1672 feci
1220 1595 1365 1672 verbum
1396 1615 1497 1671 tuum
1518 1643 1529 1667 .
1550 1595 1648 1668 Vade
1681 1587 1852 1684 igitur&

101 1716 152 1772 10
177 1695 346 1790 Dixitque
385 1693 511 1773 mulier
533 1700 717 1772 Thecuites
756 1699 802 1773 ad
827 1700 995 1792 Regems
1039 1718 1172 1770 revoca·
1195 1718 1338 1789 puerum
1366 1691 1519 1770 Absalon
1539 1688 1771 1782 ·Cadeusque
1789 1687 1853 1761 Jo-

182 1792 219 1866 in
256 1817 312 1866 me
351 1791 504 1870 Domine
543 1796 589 1875 mi
635 1802 714 1874 Rex
751 1798 795 1873 lit
834 1794 999 1887 iniquitas
1045 1793 1091 1868 ab
1116 1791 1217 1888 super
1242 1793 1368 1868 faciem
1391 1791 1482 1870 suam
1508 1792 1542 1868 in
1568 1785 1858 1867 terramsadora·
1880 1805 1928 1894 55

178 1894 216 1965 de
249 1889 286 1964 iu
306 1893 413 1968 domo
433 1892 542 1988 patris
570 1897 639 1969 mei
666 1942 678 1967 .
705 1897 784 1970 Rex
819 1915 936 1970 autem
960 1894 1002 1966 dr
1046 1891 1100 1963 vit
1127 1896 1163 1966 δι
1191 1890 1379 1966 benedixit
1400 1891 1494 1990 Regi.
1519 1920 1529 1964 s
1557 1892 1592 1962 δι
1618 1883 1707 1966 dixit
1731 1880 1855 1966 loab·
1928 1883 1932 1894 '

179 1989 327 2065 thronus
354 1995 429 2077 ejus
453 1993 496 2066 srt
524 1993 691 2066 innocens
715 2041 726 2065 .
748 1995 791 2068 Et
814 1993 863 2067 ais
883 1996 993 2068 Rex.
1036 1991 1160 2063 Hodie·
1184 1985 1357 2064 intellexit
1380 1984 1495 2064 servus
1536 2004 1615 2062 tuus
1652 2012 1662 2054 r
1694 1981 1773 2079 quia
1800 1979 1857 2090 iu:

181 2088 252 2178 Qi
289 2089 542 2165 contradixerit
581 2092 647 2167 tibi
677 2094 793 2170 adduc
823 2115 904 2166 eum
941 2091 986 2165 ad
1036 2089 1122 2164 ueni
1144 2087 1294 2188 gratiam.
1311 2090 1344 2162 irr
1369 2083 1599 2164 oculistuiss
1634 2079 1785 2156 Domine
1810 2094 1856 2152 ιιιι

101 2205 148 2279 ις
182 2209 239 2259 me
266 2208 277 2254 e
307 2189 344 2262 dr
369 2187 459 2264 ultra
478 2212 551 2264 non
573 2192 755 2267 addeteut
782 2209 903 2306 tangar
929 2207 968 2262 te
984 2231 1002 2256 a
1047 2187 1128 2260 Rex
1158 2185 1414 2262 esseillienim·
1436 2184 1634 2260 sermonem.
1650 2176 1742 2253 servi
1768 2173 1820 2246 tui
1845 2219 1859 2248 .

178 2287 260 2376 oue
284 2287 370 2360 ait·
403 2290 623 2363 Recordetur
651 2291 731 2364 Rex
755 2289 900 2366 Domini
925 2286 1000 2360 Dei
1044 2285 1209 2360 Surrexit
1232 2299 1322 2386 ergo
1343 2287 1431 2364 Ioab
1460 2285 1501 2359 dt
1526 2282 1617 2356 abiit·
1637 2279 1679 2352 in·
1699 2275 1858 2383 Geliurf
1885 2312 1936 2390 ἶ.

180 2382 232 2455 sui
247 2409 257 2452 s
273 2387 310 2458 dr
338 2401 410 2458 non
440 2383 717 2483 multiplicentur
738 2387 892 2487 proximi
914 2385 998 2460 san·
1041 2387 1080 2459 δι
1107 2383 1253 2459 adduxit
1276 2369 1866 2460 Absaloninflierusalem.l5u1c

181 2482 300 2578 guinis
337 2484 379 2556 ad
420 2480 646 2565 ulciscendum
671 2512 683 2556 s
709 2491 750 2562 δι
781 2507 996 2581 nequaquam
1041 2479 1563 2558 autem-Rex·..Reuertaturin=
1581 2481 1724 2555 domum
1742 2470 1868 2543 suamc:

181 2580 367 2654 interliciat
390 2581 501 2656 filium
527 2608 640 2662 meum
666 2631 679 2656 .
707 2583 781 2678 Qi
808 2585 857 2659 ait
874 2581 1005 2657 .Vivie
1052 2581 1093 2652 de
1121 2582 1246 2663 faciem
1268 2603 1382 2656 eneam
1405 2603 1484 2656 nou·
1506 2577 1630 2654 videat
1652 2624 1671 2648 ··
1688 2565 1869 2652 Reversus

99 2699 151 2752 20
181 2675 357 2752 Dominus
385 2703 396 2747 r
418 2683 497 2775 quia
525 2706 595 2757 non
623 2685 726 2759 cadet
752 2684 798 2754 de
811 2678 941 2778 capillis
958 2679 1005 2752 fi·
1051 2677 1102 2749 est
1127 2680 1240 2774 itaque
1265 2675 1418 2754 Absalon
1443 2679 1478 2751 in
1505 2677 1645 2753 domum
1674 2671 1800 2746 suamc
1826 2671 1870 2743 dc

182 2774 219 2847 lii
250 2776 301 2850 tui
328 2775 433 2872 super
464 2799 592 2854 terram
621 2825 636 2850 .
662 2780 767 2854 Dixit
801 2802 890 2878 ergo
926 2798 1001 2850 mu·
1052 2773 1178 2852 sacient:
1200 2779 1316 2872 Regis
1351 2801 1428 2853 non
1448 2776 1540 2852 vidit
1577 2776 1742 2849 ..Porro
1778 2765 1863 2840 ficut
1892 2800 1945 2881 75

182 2870 249 2946 liet
277 2919 289 2941 .
317 2874 495 2971 Loquetur
526 2873 647 2951 ancilla
682 2897 744 2952 tua
783 2877 831 2949 ad
870 2872 1024 2976 Domis
1051 2871 1211 2949 Absalon·
1237 2878 1299 2949 vir·
1319 2900 1388 2950 non
1418 2893 1495 2950 erar
1533 2872 1687 2970 pulcher
1705 2868 1747 2940 in·
1769 2863 1872 2942 omni.

182 2993 266 3042 num
290 2993 401 3047 meum
427 2975 565 3070 Regem
594 2974 741 3049 verbum
780 3022 792 3045 .
831 2975 879 3049 iit
907 2974 959 3048 ait
987 3017 1005 3042 .
1050 2970 1403 3049 lsraelr&deeorus2
1422 2973 1528 3047 nimis·
1549 2998 1607 3047 aa
1634 2963 1877 3062 veliigiorpe·

183 3069 379 3164 Loquere.
407 3069 582 3167 Dixitque
603 3071 727 3146 mulier
750 3119 764 3143 .
790 3075 911 3162 Qare
937 3091 1001 3142 to·
1050 3069 1108 3140 dis
1134 3068 1243 3163 usque
1273 3074 1321 3146 ad
1348 3071 1523 3147 verticem
1541 3092 1618 3143 non
1648 3081 1729 3140 erac
1754 3061 1788 3132 in
1814 3081 1873 3133 eor

100 3188 151 3259 ²⁵
180 3164 299 3339 ilis?
325 3166 527 3341 silisis
550 3162 997 3342 {imrssssn‘ltnlslli
1045 3157 1877 3360 llis-‘imiiiellslli‘iliiiii?
1896 3275 1945 3350 ⁸0

182 3382 223 3437 ut
261 3381 382 3458 peccet
408 3389 419 3434 r
449 3367 486 3439 dt
525 3391 597 3442 non
638 3370 780 3440 reducat
818 3362 998 3438 dedum-r
1046 3363 1126 3456 quia
1161 3366 1329 3464 gravabat
1357 3387 1441 3440 eum·
1469 3365 1613 3440 cesaries
1646 3391 1664 3436 e:
1691 3355 1881 3459 pondera-r

180 3461 276 3538 suum
301 3505 314 3532 .
339 3464 476 3536 Omnes
502 3465 669 3542 morimur
694 3493 705 3536 r
732 3465 769 3536 dr
795 3462 886 3555 quali
913 3484 999 3553 aqua
1048 3459 1109 3538 bat
1151 3459 1296 3560 capillos
1337 3462 1460 3562 eapitis
1501 3465 1553 3538 sui
1588 3464 1745 3538 ducentis
1777 3452 1874 3528 siclis·

181 3556 367 3639 dilabimur
398 3562 433 3634 in
474 3579 603 3639 terram
632 3591 642 3633 r
669 3585 737 3654 que
765 3585 836 3634 non
876 3581 999 3635 rever·
1098 3561 1203 3636 ndere
1222 3559 1391 3658 publico.
1421 3561 1507 3638 Nati
1534 3565 1749 3639 suntantem·
1761 3553 1869 3630 Absa-

99 3680 151 3754 30
183 3650 309 3733 tunttr'r
347 3709 358 3733 .
393 3661 472 3733 Nec
512 3659 590 3736 vult
630 3661 745 3759 perire
787 3660 883 3732 Deus
925 3655 998 3730 ani·
1064 3681 1112 3732 on
1140 3658 1199 3734 lilii
1229 3679 1299 3734 tres
1328 3660 1536 3740 &filiauna
1562 3649 1875 3742 nomineThamar

182 3780 309 3834 mame
346 3758 600 3835 sedrenaciat
623 3758 783 3854 cogitans
823 3780 867 3829 ne
901 3755 1000 3850 peni·
1048 3753 1200 3856 eleganti
1229 3759 1339 3834 forma
1369 3811 1381 3833 .
1407 3763 1483 3837 Hec
1510 3761 1578 3835 suit
1615 3758 1650 3832 ln
1687 3751 1866 3838 matrimo-
1896 3767 1949 3860 ες

180 3879 237 3934 tus
266 3878 387 3952 pereat
409 3855 469 3952 qui
495 3856 644 3947 abjedius
672 3859 745 3930 en.
767 3857 870 3928 Nunc
886 3853 999 3951 igitur
1047 3855 1110 3928 nio
1140 3856 1301 3931 Roboam
1330 3858 1406 3935 lilio
1432 3857 1627 3935 Salomonis
1657 3885 1668 3928 a
1695 3862 1733 3931 δι
1757 3876 1867 3948 pepe·

181 3955 267 4030 veni
294 3982 305 4025 s
335 3978 374 4033 ut
416 3953 538 4050 loquar
580 3958 623 4031 au
653 3954 844 4030 Dominum
886 3973 998 4026 meum
1047 3953 1094 4027 rit
1137 3953 1169 4026 ei
1203 3955 1331 4030 Abiam
1373 4005 1384 4029 .
1421 3957 1615 4056 Manlitque
1643 3949 1795 4030 Absalon
1831 3952 1867 4025 in

181 4061 321 4151 Regem
348 4054 494 4131 verbum
518 4057 588 4131 hoc
618 4051 778 4149 presente
811 4049 947 4146 populo
984 4077 994 4119 s
1047 4049 1269 4128 Hierusalem
1300 4056 1435 4132 duobus
1475 4057 1569 4130 annis
1611 4085 1621 4128 r
1663 4057 1701 4130 δι
1740 4045 1866 4126 faciem

102 4171 151 4246 35
183 4157 221 4226 dc
250 4152 343 4228 dixit
367 4149 488 4228 ancilla
513 4155 749 4248 tua-Loquar
770 4153 816 4225 ad
828 4153 1001 4246 Regem:
1048 4149 1165 4246 Regis.
1190 4152 1398 4228 nonvidit.
1423 4153 1520 4229 Mifit
1547 4153 1665 4251 itaque
1692 4146 1860 4229 adloabr

154 4252 211 4332 ,fi
237 4275 314 4346 quo
338 4251 450 4328 modo
472 4250 581 4326 saciat
596 4253 675 4327 Rex
693 4248 842 4324 verbum
874 4244 999 4324 ancille
1047 4265 1094 4324 ut
1121 4248 1282 4326 mitteret
1305 4275 1391 4326 eum
1420 4257 1468 4330 ad
1495 4253 1634 4354 Regem
1661 4299 1679 4324 ..
1715 4250 1865 4348 Quino-
1890 4283 1950 4351 90

184 4352 249 4424 sue
271 4394 288 4421 0.
311 4351 360 4425 Et
382 4346 521 4425 audivit
538 4352 620 4423 Rert
646 4375 657 4419 r
686 4367 728 4422 ut
750 4346 918 4423 liberaret
937 4369 1005 4422 an·
1048 4345 1115 4421 luit
1141 4350 1270 4425 venire
1287 4347 1332 4427 ad
1358 4375 1441 4430 eum·
1462 4400 1479 4422 ·w
1498 4354 1596 4430 Cum
1620 4373 1694 4451 que·
1713 4349 1870 4424 secundo·
1939 4349 1944 4356 “

184 4447 299 4523 cillam
327 4447 424 4523 suam
444 4450 493 4523 de
516 4473 618 4525 manu
643 4442 800 4524 omnium
820 4445 904 4542 equi
930 4469 1005 4520 vo-
1048 4443 1187 4522 miudes
1208 4476 1223 4517 a
1243 4451 1280 4522 δι
1306 4447 1420 4528 noluit
1445 4451 1573 4527 venire·
1596 4481 1614 4524 r·
1638 4447 1731 4525 dixit·
1752 4446 1872 4520 servis

185 4547 308 4622 lebant
335 4544 453 4621 delere
482 4567 543 4621 me·
564 4577 578 4620 a
602 4547 640 4619 dr
680 4543 786 4622 filium
811 4566 926 4618 meum
952 4544 1003 4615 de.
1047 4545 1156 4618 suis.
1190 4545 1298 4622 Scitis.
1331 4571 1450 4648 agrum
1471 4550 1566 4625 Joab
1596 4553 1697 4636 insta
1740 4567 1869 4646 agrum,

103 4667 159 4739 qo
187 4644 386 4720 hereditate
415 4643 624 4721 Dei.Dicat
652 4668 748 4740 ergo·
764 4638 890 4718 ancilla
911 4659 1002 4714 tuac
1047 4667 1165 4718 meum
1184 4645 1368 4722 habentem
1404 4645 1541 4720 messem
1564 4647 1674 4734 ordei
1688 4690 1707 4715 ι
1725 4641 1800 4716 ltei
1832 4643 1862 4716 i-

185 4767 232 4821 ut
257 4745 317 4819 liat
344 4743 488 4819 verbum
516 4741 657 4820 Domini
686 4739 753 4814 mei
781 4739 896 4838 Regis·
920 4759 1011 4832 qua·
1051 4759 1112 4814 tur
1143 4744 1179 4816 dr
1210 4742 1416 4818 succendite·
1435 4766 1519 4818 eum
1540 4740 1639 4840 igni.
1666 4667 1862 4817 sescentis·
1885 4768 1943 4844 95·

187 4848 215 4920 fi
239 4840 441 4916 sacrificium
467 4841 586 4918 elicut
615 4837 711 4915 enirn
723 4834 960 4936 AngelusDei
989 4864 1007 4910 a
1050 4862 1134 4914 runt
1151 4840 1347 4937 ergoservi
1365 4837 1515 4914 Absalon
1532 4839 1800 4940 segetemignik
1816 4839 1869 4918 Et.

186 4941 233 5016 lic
273 4940 322 5013 eli
352 4938 523 5016 Dominus
563 4961 663 5026 meus
690 4937 810 5011 Rexr
843 4951 884 5008 ut
932 4957 1005 5012 nec.
1047 4935 1450 5023 venientesserriloab
1471 4937 1739 5014 scilfisuellibus
1763 4939 1872 5014 dixe·-

190 5036 438 5114 benedictione·
456 5035 1003 5114 nettmaledidiionemoueatur.¹
1046 5051 1130 5107 runt
1154 5060 1164 5102 r
1191 5037 1459 5112 succenderunt·
1494 5034 1762 5114 servinbsalon
1785 5063 1874 5136 par··¹

102 5152 157 5232 45
188 5137 294 5212 Unde
310 5142 354 5214 dt·
376 5136 547 5214 Dominus
563 5138 664 5212 Deus
682 5151 767 5208 tuus.
782 5133 837 5206 eli:
867 5150 1011 5206 tecum,
1052 5149 1128 5206 tenr-
1165 5133 1247 5230 agri
1284 5132 1364 5234 igni
1387 5184 1398 5208 .
1423 5134 1787 5234 Surexitque·soanr
1827 5138 1870 5210 dc.
1946 5153 1947 5158 ’

186 5238 236 5311 lit
257 5230 564 5332 responsensuer
587 5233 684 5309 dixit.
722 5232 770 5307 ad.
793 5229 1005 5306 mulierem..
1050 5231 1154 5306 venit·
1184 5232 1225 5304 ad
1257 5233 1417 5313 Absalon⁹
1445 5235 1487 5309 in·
1515 5237 1663 5315 domums
1692 5235 1788 5312 suam
1825 5235 1863 5308 dt
1894 5267 1974 5322 100.

186 5336 243 5409 Ne
260 5333 488 5410 abscondara
514 5357 569 5411 me
585 5334 734 5409 verbum
758 5334 849 5426 quod
879 5347 917 5402 te
944 5328 1003 5403 in··
1044 5328 1137 5404 dixit
1170 5381 1181 5403 .
1250 5355 1338 5408 nare·
1373 5333 1631 5411 succenderunt·
1667 5334 1766 5409 servi.
1808 5333 1870 5408 tui'

187 5432 544 5529 serengo-Dixitque
565 5429 687 5510 mulier
707 5476 718 5500 ·
740 5431 899 5526 Loquere
919 5426 995 5500 Do-
1042 5426 1078 5500 se
1107 5447 1198 5505 erem
1225 5433 1424 5530 meamigni
1452 5437 1468 5502 l
1492 5436 1542 5507 Et
1574 5433 1761 5531 respondit.
1784 5433 1869 5509 Ab·-

186 5532 283 5603 mine
315 5527 366 5604 mi
389 5532 466 5603 Rex
491 5576 509 5599 ·.
530 5530 577 5604 Lt
600 5533 653 5605 ait·
672 5530 757 5603 Rex
778 5576 797 5599 ι
823 5527 1006 5640 Numquid.
1048 5455 1151 5604 salon
1170 5530 1220 5604 ad
1233 5534 1321 5608 Joab
1349 5579 1368 5604 0.
1391 5529 1477 5605 Mirr
1501 5535 1551 5608 ad*
1572 5551 1616 5607 te
1636 5531 1818 5608 obsecrans
1848 5555 1868 5600 r:
1914 5621 1946 5631 ἱ.

105 5657 156 5729 50
187 5631 404 5706 manusloab
426 5644 545 5702 recum·
570 5631 619 5700 est
649 5628 684 5699 in
709 5622 875 5702 omnibus:
893 5624 1007 5697 inne
1047 5644 1087 5698 ut
1119 5631 1263 5703 venires
1284 5633 1325 5706 ad
1355 5651 1444 5705 mer·
1465 5633 1507 5706 δι.
1530 5631 1712 5706 mitterem.
1745 5635 1865 5708 tefad:
1937 5637 1945 5686 <

185 5725 389 5820 Respondit
421 5724 544 5799 mulier
575 5727 615 5798 dr
640 5729 696 5797 ait
715 5771 735 5794 ..
758 5726 834 5821 Per·
851 5722 1003 5796 salutem·
1046 5725 1182 5824 Regem
1198 5745 1262 5801 rut
1277 5729 1864 5825 diceresei.⁷Qnre‘rreniadte·de·
1893 5759 1970 5836 ως

185 5826 304 5904 anime
325 5843 388 5899 tue
400 5825 560 5900 Domine·
576 5822 626 5899 mi·
638 5826 822 5896 Rexanec:
840 5823 890 5896 ad.
909 5821 1013 5893 dex·--
1046 5823 1192 5900 Gelsr'rrr
1209 5825 1660 5904 meliusmilileratribifeffd
1673 5829 1864 5904 ..Obsecro

187 5947 298 5999 teram
325 5945 396 5998 nec
414 5924 463 6000 ad
492 5923 659 5998 sinisiram
683 5920 732 5993 est
764 5944 814 5995 ex.
838 5923 1002 5994 omnibus:
1045 5946 1186 6021 ergout
1203 5928 1336 6003 videam
1351 5927 1471 6004 satiem
1482 5925 1875 6028 uagis.Q0dnne-.'

187 6023 240 6099 bis
268 6044 336 6120 que
359 6022 502 6118 locutus
523 6025 573 6100 eli
584 6020 759 6102 Dominus
782 6023 1001 6100 mearum..
1043 6045 1128 6103 mor·
1150 6025 1203 6103 eli.
1221 6027 1413 6127 iniquitatis
1438 6051 1515 6106 mee
1532 6027 1745 6202 riuterficialt
1774 6049 1872 6198 med:
