4450 7209
687 771 1439 861 PRAEFATiO.
1753 801 1871 866 xtrrr

251 906 375 1005 quam
406 887 638 981 Occidentis
669 888 896 1005 Litutgiis,
927 886 1077 974 eaedem
1107 911 1347 976 recurrunt.
1379 897 1440 977 At
1470 886 1583 977 nobis
1615 892 1781 1007 quaellio
1812 896 1870 983 est

250 1009 296 1097 de
327 1011 409 1121 iis,
438 1015 583 1126 quibus
613 1011 794 1128 Hispana
827 1009 1009 1126 Liturgia
1039 1007 1337 1098 discriminatur
1364 1038 1389 1095 a
1420 1015 1608 1098 Romana
1640 1075 1655 1124 ,
1687 1045 1769 1102 non
1799 1045 1868 1105 ve·

249 1158 292 1216 ro
321 1131 373 1216 de
405 1131 484 1244 iis,
515 1133 732 1246 inquibus
762 1157 903 1218 omnes
932 1131 1128 1244 Liturgiae
1157 1129 1433 1218 conveniunt.
1464 1130 1540 1218 Sed
1572 1135 1865 1251 concedamus,
1900 1142 1981 1231 161

249 1246 357 1364 quod
399 1251 473 1340 vix
511 1253 649 1372 negari
688 1250 815 1368 potest
852 1242 956 1366 (a),
995 1255 1034 1340 8.
1060 1250 1257 1337 Isidorum
1288 1251 1472 1337 locutum
1501 1249 1580 1338 esse
1620 1251 1670 1338 de
1701 1256 1866 1369 Missa,

243 1396 371 1483 quam
398 1432 414 1482 ,
444 1372 514 1458 suo
545 1397 769 1488 tempore,
802 1372 843 1457 in
876 1368 1069 1484 Hispania
1099 1369 1353 1455 celebrabant
1384 1432 1399 1479 ,
1428 1368 1540 1480 cujus
1581 1375 1763 1489 primum
1793 1404 1865 1465 au·

246 1485 402 1575 florem
442 1496 481 1580 8.
509 1496 679 1582 Petrum
706 1489 921 1605 agnoscit.
963 1494 1078 1575 Num
1119 1488 1211 1575 inde
1243 1486 1384 1575 confici
1414 1489 1576 1604 possunt
1606 1495 1862 1609 Liturgiam,
1977 1569 1983 1585 ,

243 1633 370 1722 quam
401 1637 426 1696 a
455 1614 495 1699 8.
512 1619 633 1700 Petro
651 1609 821 1727 Hispani
849 1631 1112 1723 acceperunt,
1144 1616 1374 1696 Romanam
1406 1605 1619 1695 extitisse?
1650 1614 1759 1698 haud
1791 1645 1865 1731 pu·

244 1748 330 1814 to.
362 1732 509 1842 Neque
546 1731 588 1816 id
628 1732 670 1818 in
700 1752 885 1816 mentem
917 1724 1085 1814 Dodiori
1117 1729 1319 1842 Hispania
1358 1730 1496 1813 venire
1526 1730 1662 1845 potuit
1691 1796 1704 1840 ,
1736 1761 1862 1845 quem

242 1872 325 1931 non
365 1847 558 1960 latebat,
597 1874 798 1962 quantum
837 1876 862 1935 a
899 1854 1085 1935 Romana
1126 1846 1293 1933 distabat
1333 1848 1518 1964 Liturgia
1551 1849 1856 1964 Hispanienfis.

243 1961 360 2082 Quid
392 1994 486 2083 ergo
517 1994 570 2053 ex
601 1972 678 2056 hoc
709 1976 748 2059 S.
775 1966 916 2056 Isidori
947 1965 1175 2053 testimonio
1205 1965 1346 2053 confici
1377 1962 1538 2081 potest?
1570 1967 1649 2052 duo
1668 1971 1780 2083 hac,
1813 1973 1856 2059 ni
1890 1975 1971 2061 162

243 2082 401 2171 fallor.
440 2086 681 2175 Dummodo
717 2089 825 2174 locus
872 2087 1029 2200 integer
1076 2085 1165 2193 stt,
1204 2113 1277 2170 nec
1325 2087 1623 2203 interpolatus.
1670 2092 1856 2182 Primum

240 2205 280 2289 8.
309 2202 507 2290 lstdorum
537 2207 749 2323 opinatum
778 2206 858 2291 esse
889 2203 1174 2320 Apostolorum
1204 2204 1431 2319 Principem
1463 2208 1505 2291 in
1534 2205 1729 2321 Hispania
1760 2242 1857 2326 prae·

239 2316 386 2408 dicasse
418 2327 689 2442 Evangelium
717 2389 732 2438 ,
763 2330 804 2413 8<
834 2324 1027 2413 Ecclefias
1060 2323 1340 2431 constituisse,
1372 2324 1506 2436 eisque
1537 2353 1632 2410 eum
1662 2330 1856 2445 Liturgiae

237 2439 425 2528 ordinem
458 2445 692 2557 tradidisse,
721 2447 793 2558 qui
822 2443 1212 2559 Gotho-Hispanus,
1244 2445 1283 2528 8<
1314 2442 1455 2529 deinde
1485 2448 1765 2534 Mozarabicus
1797 2450 1857 2535 di·

237 2554 328 2644 sius
358 2562 442 2647 est.
474 2567 695 2674 Alterum,
726 2566 833 2677 quod
864 2592 916 2647 ex
949 2566 1080 2677 primo
1110 2561 1398 2675 consequitur,
1429 2569 1468 2652 8.
1489 2563 1686 2651 Isidorum
1718 2568 1857 2684 opina·

238 2700 332 2763 tum
363 2680 444 2766 esse
476 2683 685 2798 Apostolos
717 2684 818 2791 uni,
850 2682 1063 2792 eidemque
1095 2682 1235 2767 formae
1268 2683 1484 2797 Liturgicae
1516 2686 1742 2775 constanter
1773 2717 1856 2775 non

236 2796 476 2907 adhaesisse,
506 2802 571 2888 sed
602 2800 812 2921 (demptis
843 2799 1076 2913 quibusdam
1109 2798 1289 2916 pundiis,
1322 2830 1409 2913 quae
1441 2803 1483 2887 in
1512 2807 1626 2889 omni
1644 2807 1854 2920 Liturgia,

238 2943 336 3001 tum
369 2921 545 3032 quadarn
579 2945 714 3008 tamen
746 2922 980 3028 varietate,
1012 2914 1316 3032 inveniuntur)
1346 2950 1419 3036 pro
1451 2946 1717 3036 temporum,
1749 2929 1856 3013 loco·

234 3063 372 3144 turn,
413 3044 453 3125 8<
492 3041 675 3154 gentium
704 3104 718 3149 ,
743 3039 808 3126 'ad
850 3039 968 3124 fidem
1012 3040 1307 3145 venientium,
1346 3040 1458 3124 varia
1497 3045 1696 3150 ratione,
1730 3045 1854 3130 modo

235 3181 362 3240 unam
394 3158 569 3244 formam
599 3160 820 3247 celebrandi
853 3161 1035 3262 Divina,
1069 3158 1189 3241 modo
1218 3159 1340 3243 aliam
1374 3157 1573 3268 tenuisse,
1605 3163 1851 3250 &Ecclesris
1954 3156 1957 3163 ’

235 3274 442 3361 tradidisse
462 3274 557 3394 (b),
588 3303 712 3392 atque
744 3279 908 3393 proinde
938 3284 1103 3362 Petrum
1135 3276 1256 3361 aliam
1290 3283 1526 3385 Romanos,
1557 3280 1711 3390 aliam,
1744 3290 1853 3370 eam·

199 3393 848 3511 ·quediverlam,1.iturgiam
881 3395 1079 3508 Hispanos
1119 3392 1330 3505 docuisse.
1359 3396 1436 3483 Sed
1477 3399 1671 3513 quidquid
1712 3402 1760 3487 fit
1803 3400 1853 3489 de

233 3512 313 3599 bac
344 3513 573 3625 conjediura
600 3582 614 3627 ,
646 3519 724 3603 hoc
758 3542 874 3602 textu
906 3522 945 3605 8.
971 3514 1112 3602 isidoti
1152 3545 1198 3601 ea
1238 3514 1374 3628 opinio
1418 3516 1586 3603 minime
1618 3519 1855 3610 confirmari

218 3635 398 3749 potest,
429 3664 516 3747 quae
549 3659 661 3722 tenet
682 3636 907 3750 Hispanos,
938 3663 1031 3720 curn
1050 3632 1148 3722 Fide
1166 3633 1342 3743 Christi,
1373 3637 1600 3750 Liturgiam
1622 3648 1852 3730 Romanam

232 3756 287 3859 ab
318 3755 434 3838 initio
465 3758 698 3871 suscepisse.
730 3753 804 3842 Sed
837 3783 966 3866 neque
996 3753 1158 3869 epistola
1189 3759 1228 3843 8.
1253 3757 1436 3867 Gregorii
1468 3759 1683 3871 Septimi,
1716 3791 1849 3875 neque
1885 3756 1966 3871 163

232 3898 549 3960 monumentum
581 3874 818 3964 Seorialense
859 3873 991 3959 eidem
1032 3873 1236 3959 sententia
1277 3875 1406 3987 magis
1443 3872 1594 3962 favet.
1627 3887 1678 3964 In
1719 3885 1851 3997 Regia¹

233 3993 464 4079 Scorialensr
497 3994 746 4084 Bibliotheca
776 3995 1030 4079 conservatur
1060 3992 1220 4104 insignis
1253 3991 1541 4107 manuscriptus
1573 3995 1712 4087 Codex
1743 4009 1850 4089 Con·

232 4110 445 4217 ciliorum,
477 4142 500 4196 e
529 4111 772 4201 Monallerio
803 4117 843 4201 8.
861 4112 1096 4218 AEmiliani,
1128 4112 1246 4219 illuc,
1277 4139 1383 4197 anno
1420 4118 1558 4225 1598,
1589 4114 1766 4204 delatus.
1797 4127 1851 4208 In

232 4226 315 4314 hoc
346 4231 493 4317 Codice
535 4235 681 4350 legitur
720 4234 874 4318 celebre
914 4230 1011 4317 illud
1044 4252 1356 4317 monumentum
1398 4231 1448 4317 ad
1479 4235 1680 4348 originem
1713 4239 1849 4326 Litur·
1945 4250 1947 4255 ’

232 4346 311 4465 giae
342 4353 565 4468 Hil'panicae
596 4355 827 4470 pertinent.
857 4353 1057 4471 Johannes
1072 4349 1218 4555 fl’inius
1249 4351 1292 4437 in
1323 4350 1391 4436 suo
1422 4349 1596 4442 traslatu
1628 4356 1848 4447 Historico·

1123 4495 1147 4556 2
1722 4479 1849 4567 Chro-

277 4700 340 4791 (α)
364 4705 397 4768 S.
418 4699 604 4778 lidorum,
629 4700 662 4770 in
687 4714 763 4768 toto
788 4703 852 4767 hoc
875 4699 1012 4788 eapite,
1072 4698 1214 4787 Hispana
1231 4699 1412 4787 loquatur,
1432 4720 1531 4786 quam
1547 4701 1615 4770 suis
1630 4706 1777 4794 propriis
1794 4707 1848 4793 ina⁸

231 4808 330 4877 agere
349 4794 391 4856 de
405 4792 499 4857 Miil'a
513 4786 678 4881 Hispana,
702 4814 766 4859 non
779 4811 1011 4877 quacumque,
1072 4790 1169 4854 ditiis
1183 4835 1194 4864 ,
1220 4791 1261 4855 ab
1274 4790 1339 4855 alia
1353 4812 1560 4876 quacumque
1575 4837 1586 4869 ,
1608 4795 1784 4882 distinguit
1799 4840 1808 4859 .

234 4878 291 4947 sed
316 4882 356 4945 de
369 4899 431 4956 ea,
457 4902 550 4968 quc,
578 4882 637 4950 suo
653 4896 828 4971 tempore,
856 4875 1010 4946 celebrati
1116 4881 1176 4970 (b)
1201 4880 1379 4965 Apostolus
1394 4882 1512 4947 Petrus
1526 4880 1558 4945 in
1573 4884 1733 4951 Palestina
1747 4931 1758 4962 ,
1775 4890 1845 4953 An·

231 4967 391 5046 solebat,
411 4992 452 5037 ex
470 4987 627 5041 contextu
645 4983 806 5058 apparet.
826 4971 909 5035 Nam
934 4990 1010 5034 eum
1070 4967 1228 5039 tioenia,
1255 4970 1285 5034 St
1301 4967 1332 5032 in
1347 4970 1439 5052 Syria
1458 5017 1469 5048 ,
1494 4967 1526 5034 in
1543 4971 1674 5043 Ponto.
1696 4977 1729 5040 iu
1742 4975 1849 5040 Gala·

232 5058 371 5125 dixisset
397 5062 575 5136 Midan&
607 5061 810 5128 Orationum
834 5057 1010 5134 ordinem,
1070 5057 1145 5133 tia,
1167 5060 1305 5133 Romae,
1325 5058 1498 5134 initalia,
1524 5062 1552 5125 dr
1583 5061 1848 5131 inaliisOrien·

194 5146 198 5151 ’
255 5148 350 5215 uibus
378 5148 490 5215 oblata
514 5159 727 5220 Dromonem
751 5149 1008 5235 consecrantur,
1071 5147 1143 5221 tia,
1167 5150 1197 5214 dt
1223 5145 1418 5213 Occidentis
1443 5147 1656 5229 Provinciis,
1682 5154 1846 5219 Euchari-

257 5279 268 5299 .
285 5240 419 5303 Petrum
436 5239 607 5305 instituisse
621 5285 633 5316 ,
648 5234 759 5305 subdit
771 5242 878 5327 primo
892 5257 1010 5303 eorun-
1070 5235 1163 5300 stiam
1188 5254 1252 5299 non
1267 5230 1364 5300 semel
1383 5235 1585 5302 celebravit.
1611 5245 1699 5306 Num
1727 5242 1845 5308 eodem

234 5332 304 5392 dem
324 5321 481 5414 (scilieet
494 5329 725 5402 orationum,
751 5326 871 5409 quibua
896 5323 1009 5390 oblata
1070 5325 1192 5409 ubique
1210 5321 1307 5391 ritu?
1339 5323 1370 5387 Si
1385 5327 1501 5390 annuit
1519 5348 1531 5404 3
1553 5348 1663 5412 quaero
1680 5353 1758 5396 num
1778 5334 1845 5401 Ro.

231 5415 311 5483 Deo
323 5435 456 5480 munera
470 5415 875 5504 consecrantumorarn,
898 5420 1008 5480 adnuo·
1067 5432 1187 5486 mano,
1210 5432 1289 5476 num
1302 5411 1637 5500 Hierosolymitano?
1661 5420 1694 5484 Si
1717 5421 1844 5485 Roma.

231 5507 370 5571 n'itiont't
396 5508 434 5590 ess
459 5525 535 5592 erga
560 5513 659 5573 Deum
679 5549 687 5569 ·
715 5507 853 5573 Secrcnla
876 5505 1008 5569 invoco·
1067 5515 1138 5582 no;
1162 5522 1217 5565 cur
1240 5502 1275 5565 in
1290 5499 1429 5567 Oriente
1442 5505 1535 5570 Lirur
1560 5504 1843 5571 iaRomananui·

230 5588 335 5662 tinnit
363 5593 443 5675 alell
466 5597 567 5681 &m
593 5600 623 5663 Sc
649 5610 781 5661 ceterae
803 5593 1007 5669 Orationes,
1067 5589 1128 5656 libi
1153 5589 1301 5654 obtinuit
1328 5587 1341 5653 l
1368 5591 1401 5655 Si
1425 5530 1757 5678 Hierossulymiranot
1783 5616 1841 5664 eur

258 5683 358 5749 uibus
368 5680 746 5771 MissaGotho-Hispaua
756 5682 916 5772 precipue
930 5701 1008 5746 eon·
1067 5680 1120 5746 hic
1134 5676 1218 5744 ritus
1232 5683 1364 5754 Rome,
1389 5679 1466 5747 &in
1481 5681 1663 5748 Occidente
1682 5682 1840 5752 admissu·

228 5702 298 5839 zat
315 5818 325 5847 ,
343 5774 405 5840 &a
421 5773 547 5838 euteria
563 5771 775 5859 distinguitur
789 5816 800 5848 ,
815 5767 1007 5856 fingillarim
1067 5767 1241 5837 nonfuit?
1266 5766 1323 5833 Est
1345 5767 1450 5854 igitur
1466 5769 1620 5836 credibile
1635 5778 1667 5838 S.
1681 5776 1840 5851 Petrum,

230 5856 405 5930 enumerat
417 5903 429 5934 ,
443 5860 561 5944 easque
573 5858 742 5937 concludit
759 5863 950 5951 Apollodori,
963 5861 1007 5945 &¹
1067 5862 1097 5926 u
1118 5858 1205 5925 alios
1219 5856 1397 5944 Apostolos
1422 5857 1478 5924 uni
1497 5858 1670 5948 eidemque
1684 5862 1840 5952 Liturgioe

233 5954 432 6039 Evangelia
449 5953 589 6019 taurina
600 5952 844 6018 commendari.
874 5949 920 6011 Ut
945 5949 1010 6015 due
1067 5947 1250 6017 constanter
1263 5944 1524 6035 nouadhoesisi'e·

232 6037 411 6134 bitereyix
424 6040 598 6129 polimus,
614 6039 695 6126 quin
711 6042 750 6110 de
764 6038 859 6109 Mina
874 6038 1009 6105 Gotho·
