4450 7209
549 724 687 800 FERlA
720 722 942 800 SECUNDA
959 719 1078 801 POST
1108 717 1573 797 RESURRECTIONEMJ
1818 742 1890 809 199

231 820 322 896 sterli
337 820 459 909 hujus.
489 818 558 898 Hic
573 824 687 920 itaque
709 825 884 919 acquisivit
901 848 1023 921 agrum
1074 822 1148 893 eis:
1166 821 1346 920 assumptus
1362 823 1408 894 est
1423 819 1579 895 inceium
1602 818 1661 892 s&
1680 814 1768 890 sedit
1787 819 1878 892 ade·
1908 839 1952 913 55

231 924 276 994 de
292 923 448 994 mercede
462 916 648 1016 iniquitatis
675 951 684 992 ε
710 925 746 994 dt
763 923 932 1018 suspensus
946 946 1023 995 cre·
1070 921 1159 995 xtris
1174 922 1240 993 Dei
1258 969 1268 991 .
1297 917 1349 990 lili
1368 939 1480 993 autem
1503 916 1653 1014 prosesli
1669 916 1873 1012 predicave-

229 1018 309 1114 puit
325 1021 453 1093 medius
471 1047 480 1088 :
496 1020 664 1094 &diffusa
679 1021 754 1095 sunt
779 1025 893 1099 omnia
919 1019 1027 1097 visce·
1044 1063 1056 1082 ·
1077 1040 1161 1096 runt
1180 1018 1302 1115 ubique
1318 1017 1497 1091 :Domino
1526 1021 1793 1110 cooperante&
1809 1014 1881 1087 ser·

232 1121 397 1201 ra-ejus.
426 1119 467 1191 Et
483 1135 605 1191 notum
636 1121 760 1194 facium
788 1123 837 1196 eli
868 1119 1025 1195 omnibus
1076 1121 1457 1193 monemconfirmante
1474 1112 1852 1210 :sequentibusssgnis.

185 1224 200 1297 5
232 1214 464 1307 habitantibus
481 1215 691 1310 Hierusalem
715 1220 793 1292 :ita
818 1237 856 1294 ut
878 1217 1029 1314 appella·
1080 1231 1130 1310 Bt·
1148 1221 1283 1292 Amen.
1522 1282 1524 1285 ,

229 1334 328 1387 retur
344 1338 426 1412 ager
440 1311 497 1386 ille
512 1313 783 1391 Acheldemach:
802 1319 867 1390 hoc
882 1320 928 1391 est
944 1338 1029 1414 ager
1127 1317 1230 1387 Dicar
1255 1312 1462 1409 Presbyter.
1484 1308 1654 1384 Dominus
1682 1308 1725 1383 fit
1747 1306 1881 1404 semper
1911 1308 1962 1380 60

230 1409 422 1510 sanguinis·
436 1410 608 1508 Scriptum
620 1415 668 1487 est
682 1416 772 1488 enirn
788 1414 821 1488 in
836 1414 926 1490 libro
941 1412 1028 1509 psal·
1078 1413 1342 1502 vobiscumet.
1360 1413 1403 1483 Et
1420 1432 1519 1484 cum.
1641 1508 1643 1512 Α
1664 1464 1672 1473 .

229 1531 394 1585 morum.
422 1511 497 1583 Fiat
523 1511 757 1588 commoratio
782 1519 854 1599 ejus
870 1513 1002 1585 deserta
1016 1537 1026 1580 t
1128 1512 1242 1584 Lauda
1257 1557 1267 1578 ·
1282 1506 1433 1593 Alleluia
1448 1554 1459 1578 .
1483 1505 1531 1596 p.
1543 1506 1619 1582 Hec
1634 1507 1681 1579 esi
1693 1504 1766 1577 dies
1779 1524 1882 1597 quam

231 1609 267 1680 δι
284 1633 353 1682 non
367 1609 408 1682 lit
422 1609 480 1703 qui
498 1607 630 1683 habitet
645 1610 678 1681 in
695 1635 734 1682 ea
762 1639 772 1680 :
803 1616 838 1686 dt
852 1611 1031 1709 episcopa·
1080 1607 1165 1682 fecit
1178 1608 1351 1683 Dominus
1370 1635 1380 1677 ε
1397 1603 1587 1685 exultemus
1605 1599 1834 1702 &epulemur
1849 1599 1885 1675 iu

185 1715 207 1768 0
233 1724 306 1781 tum
322 1705 551 1800 ejusaccipiat
567 1705 672 1780 alius.
696 1710 853 1803 Oportet
883 1735 971 1809 ergo
985 1730 1031 1779 ex
1079 1731 1143 1782 ea·
1161 1716 1207 1780 Ῥ.
1220 1705 1396 1796 Alleluia·
1483 1760 1490 1777 .

233 1804 289 1877 his
305 1804 390 1880 viris
413 1805 470 1900 qui
486 1805 656 1878 nobiscum
684 1809 893 1905 congregati
912 1807 1036 1880 suntin
1370 1799 1604 1886 Sacrificium.
1823 1892 1831 1911 .
1910 1797 1959 1890 65

233 1902 506 1998 omnitempore
534 1925 606 1998 quo
627 1902 772 1977 intravit
793 1908 828 1979 ἅ
856 1908 966 1981 exivit
983 1907 1038 1978 in·
1148 1905 1183 1977 N
1206 1903 1332 1979 Pascha
1348 1899 1565 1977 Dominierit
1580 1896 1680 1974 vobis
1697 1895 1885 1973 solennitas

233 2019 290 2072 ter
307 2026 370 2075 nos
388 2002 559 2074 Dominus
576 2000 668 2086 Jesus
698 2031 708 2072 ε
735 2004 900 2101 incipiens
930 2031 948 2080 a
976 2003 1036 2076 ba·
1158 2004 1287 2098 septem
1304 2002 1423 2075 diebus
1438 2026 1447 2067 =
1461 2017 1600 2094 quarum
1613 1996 1686 2070 dies
1702 1997 1886 2094 primave·

233 2097 685 2196 ptismstelohannisusque
710 2103 751 2175 ad
773 2105 863 2176 diem
893 2128 959 2199 qua
986 2101 1036 2175 as·
1084 2099 1245 2176 nerabilis
1273 2100 1341 2174 erit
1366 2090 1693 2203 allelujanalleluia·
1723 2090 1772 2189 pb
1788 2097 1887 2167 Tunc

185 2202 203 2275 5
236 2195 382 2295 sumptus
400 2199 446 2269 ell
464 2225 483 2271 a
499 2199 601 2271 nobis
629 2225 638 2266 :
664 2200 780 2275 testem
810 2198 1035 2277 resurrectio·
1083 2200 1252 2278 Pontifex
1265 2199 1392 2273 offeret
1409 2196 1623 2274 oblationem
1638 2216 1705 2288 pro
1716 2208 1887 2287 peccatos
1959 2218 1964 2225 ·

234 2294 287 2366 nis
304 2300 378 2381 ejus
394 2296 565 2368 nobiscum
586 2298 661 2370 fieri
677 2321 722 2371 ex
736 2299 827 2371 istis.
854 2303 895 2374 Et
911 2301 1034 2373 statne·
1083 2318 1122 2371 ut
1137 2297 1298 2392 expietur
1313 2320 1380 2392 pro
1393 2299 1496 2372 vobis
1519 2308 1638 2385 preter
1649 2287 1885 2365 holocaustum
1910 2293 1963 2388 70'

233 2413 316 2467 runt
331 2396 418 2467 duos
437 2396 529 2468 viros
542 2443 557 2486 ·<
582 2395 708 2491 loseph
737 2402 795 2493 qui
814 2399 940 2472 dicitur
953 2403 1034 2475 Bar·
1084 2397 1342 2491 sempiternum:
1359 2388 1751 2492 quodsemperolsertis.
1764 2397 1810 2463 P.
1823 2386 1888 2461 Se·

236 2491 329 2565 sabas
355 2519 365 2560 ι
390 2492 447 2590 qui
476 2497 740 2590 cognominatus
762 2502 808 2571 cll
834 2499 936 2584 justu:
962 2518 971 2560 :
999 2495 1034 2566 bt
1089 2495 1339 2591 ptemdiebus.

234 2588 400 2664 Mathiam
418 2637 428 2659 .
445 2591 486 2664 Et
502 2614 639 2667 orantes
654 2592 836 2668 dixerunt.
848 2597 900 2670 Tu
920 2590 1041 2667 Domi·
1431 2589 1547 2687 Mtffa.
1995 2676 1999 2681 ‚

185 2697 208 2748 0
236 2711 278 2758 ne
294 2688 351 2783 qui
369 2690 474 2765 corda
490 2690 643 2765 omnium
662 2692 747 2764 nosti
761 2718 771 2761 :
785 2694 925 2769 ostende
939 2713 1040 2785 quem
1147 2690 1183 2763 N
1198 2707 1352 2767 eternum
1367 2687 1573 2767 diledilsrmi
1600 2694 1726 2767 fratres
1751 2706 1890 2780 perma-

239 2782 389 2883 elegeris
405 2810 449 2859 ex
466 2787 519 2858 his
532 2790 666 2863 duobus
689 2811 791 2868 unum
813 2792 968 2884 accipere
984 2785 1039 2859 lo·
1163 2807 1220 2861 net
1235 2789 1433 2865 benedictio
1447 2789 1573 2865 Christi
1597 2788 1659 2865 filii
1675 2783 1743 2860 Dei
1763 2803 1886 2877 :quam
1912 2793 1960 2877 75

235 2906 311 2959 cum
328 2884 500 2959 ministerii
529 2886 628 2972 huius
654 2886 690 2957 δι
718 2888 930 2984 apostolatus
958 2916 967 2958 :
995 2887 1039 2957 de
1088 2889 1180 2962 idem
1208 2886 1373 2962 secundus
1390 2889 1494 2963 homo
1523 2887 1682 2985 gentibus
1710 2877 1889 2954 contulit:

235 3004 304 3076 quo
320 2984 553 3079 prevaricatus
567 2987 613 3057 eli
626 2984 727 3062 ludas
755 3016 765 3058 :
789 3011 829 3062 ut
852 2988 917 3060 iret
930 2986 964 3059 in
983 2981 1039 3058 lo·
1088 3008 1128 3060 ut
1143 2985 1364 3080 transgressio
1395 2986 1496 3080 primi
1522 2984 1669 3060 hominis
1684 2976 1767 3052 nihil
1783 2996 1893 3062 truce·⁴

236 3103 313 3153 cum
327 3080 447 3153 suum.
474 3083 516 3153 Et
530 3085 700 3154 dederunt
714 3083 827 3158 sortes
845 3085 916 3157 eis:
934 3085 1038 3156 &ce·
1089 3106 1143 3157 ret
1160 3081 1309 3178 parvulis
1328 3077 1579 3158 renascentibus
1604 3111 1613 3152 :
1642 3078 1774 3175 periret
1788 3078 1893 3160 juve·
1996 3126 2007 3149 .

185 3187 206 3260 5
237 3177 418 3250 ciditsors
433 3179 722 3273 superaturum
745 3207 753 3249 :
779 3186 815 3255 δι
840 3203 1039 3255 annumera-
1089 3183 1186 3256 nibus
1215 3206 1225 3249 :
1253 3196 1479 3257 evacuaretur
1501 3182 1535 3254 in
1550 3177 1708 3252 senibus.
1735 3170 1891 3248 Secunda

237 3293 294 3348 tus
311 3277 358 3344 est
372 3297 448 3346 cum
463 3275 620 3352 undecim
639 3277 814 3370 Apostolis
828 3276 838 3351 .'
851 3286 1011 3374 &Amen
1029 3325 1039 3348 ·
1088 3307 1177 3377 ergo
1194 3278 1266 3350 dies
1279 3302 1323 3350 ex
1339 3299 1406 3372 quo
1419 3278 1608 3354 resurrexit
1624 3285 1648 3346 ἰ
1681 3267 1891 3350 resurrectio
1912 3268 1965 3347 80

285 3373 397 3444 tectio
415 3374 528 3460 firnsti
540 3375 721 3475 Evangelii
736 3377 916 3466 sesumam
943 3384 1039 3446 Mar·
1088 3398 1304 3455 mortuorum
1329 3372 1524 3451 celebratur
1556 3378 1681 3451 eodem
1713 3372 1855 3460 iubente
1879 3392 1890 3439 s

236 3492 334 3541 cum.
932 3528 934 3532 >
953 3482 1039 3544 xri.
1087 3500 1163 3551 cum
1178 3473 1290 3547 leticia
1308 3474 1514 3569 populorum
1538 3472 1713 3548 fidelium.
1734 3465 1890 3543 Proinde

240 3565 363 3750 ILlo
379 3571 586 3665 intempore
603 3599 612 3641 :
632 3573 804 3648 Dominus
822 3569 1038 3654 nollerJesus
1089 3598 1159 3648 non
1170 3572 1366 3646 dominetur
1381 3572 1528 3671 amplius
1543 3569 1701 3664 iniquitas
1725 3599 1735 3638 :
1765 3565 1888 3659 quibus

185 3679 209 3729 0
314 3667 467 3741 Christus
483 3671 697 3766 posteaquam
712 3673 926 3748 resurrexit:
942 3693 1038 3744 mor·
1091 3674 1238 3772 gratiam
1248 3669 1390 3767 superne
1400 3671 1590 3747 vocationis
1601 3665 1735 3741 indulsit
1745 3662 1892 3736 secunda

236 3767 306 3837 tuis
336 3792 345 3830 ε
378 3766 535 3861 apparuit
550 3769 665 3862 primo
682 3770 792 3844 Marie
809 3768 1038 3941 Mapdulenet
1090 3770 1341 3863 nativitasdpse
1355 3771 1482 3845 etenim
1493 3768 1584 3852 Jesus
1601 3764 1754 3838 Christus
1767 3759 1890 3836 Domi·
1914 3758 1964 3862 85,

238 3864 283 3936 de
300 3886 365 3957 qua
379 3864 483 3948 ejecit
499 3863 629 3959 septem
643 3866 803 3942 demonia
816 3916 826 3938 .
841 3866 867 3939 ll
883 3867 1039 3941 :vadens
1090 3891 1152 3940 nus
1163 3868 1276 3939 noller
1292 3866 1471 3942 secundum
1481 3863 1739 3941 multitudinem
1753 3857 1893 3934 misera·

235 3960 416 4035 nunciavit
430 3962 547 4054 hisqui
564 3986 639 4037 cum
660 3990 705 4039 eo
733 3966 870 4041 fuerant
887 3963 1038 4064 lugenti·
1089 3965 1224 4040 tionum
1241 3963 1372 4037 suarum
1398 3969 1547 4061 prestare
1563 3960 1654 4036 solus
1669 3956 1892 4035 credentibus

235 4059 540 4134 bus&flentibus.
566 4065 616 4134 At
633 4059 680 4136 illi
697 4065 872 4140 audientes
897 4063 1039 4158 quievi·
1114 4063 1204 4138 otest
1234 4089 1244 4130 :
1270 4062 1463 4140 utsecunda
1478 4062 1732 4137 innobismors
1747 4053 1893 4132 uouht·

190 4162 209 4237 5
238 4174 341 4233 veret
358 4185 367 4228 :
386 4161 421 4230 dc
437 4155 526 4230 visus
545 4163 626 4231 effet
651 4164 693 4236 ab
716 4186 757 4238 ea
772 4189 782 4231 :
796 4186 866 4239 non
881 4160 1034 4252 credide·
1089 4089 1169 4235 beat
1184 4161 1411 4257 potestatem.
1429 4176 1477 4252 ιιι.
1491 4166 1628 4236 Amen.

238 4274 345 4329 runt.
372 4255 450 4329 Poll
471 4255 534 4324 hec
549 4277 663 4330 autem
684 4258 818 4332 duobus
845 4283 889 4331 ex
903 4258 954 4330 his
969 4281 1040 4331 am·
1360 4258 1450 4333 Alia
1476 4263 1621 4334 Oratio.
1911 4262 1964 4346 90'

237 4349 434 4426 balantibus
451 4380 460 4421 :
478 4353 684 4431 ostensusest
700 4359 733 4432 in
751 4355 816 4431 alia
833 4349 1041 4456 effigie'eun·
1180 4355 1280 4431 liidie
1307 4375 1343 4429 te
1361 4358 1548 4432 Dominum
1576 4357 1618 4430 ab
1640 4352 1759 4428 inferis
1773 4349 1891 4428 sucre·

239 4449 330 4524 tibus
346 4448 379 4521 in
394 4447 536 4523 villam.
561 4453 602 4524 Et
632 4451 680 4527 illi
706 4475 829 4531 euntes
856 4453 1041 4528 nunciave·
1190 4456 1270 4528 risse
1294 4455 1482 4551 pleniffim:
1508 4458 1575 4528 fide
1599 4453 1807 4549 cognitione
1836 4451 1892 4523 fa·

238 4569 320 4620 runt
337 4549 462 4620 ceteris
496 4577 505 4617 :
531 4573 595 4621 nec
610 4549 677 4623 illis
694 4553 938 4626 crediderunt.
967 4552 1041 4624 No·
1088 4557 1244 4626 cientes:
1261 4556 1380 4629 ovanti
1396 4550 1732 4648 votodeposcinus:
1762 4567 1801 4622 ut
1830 4545 1890 4641 qul

185 4661 209 4712 0
238 4645 371 4725 viffime
392 4663 508 4719 autem
538 4650 811 4724 recumbentibus
841 4648 906 4723 illis
932 4651 1041 4721 unde·
1089 4648 1177 4724 olim
1192 4653 1224 4736 in
1243 4652 1366 4725 hacdie
1382 4653 1483 4726 fluida
1497 4651 1529 4721 in
1545 4645 1626 4721 celis
1644 4670 1804 4742 aquarum
1818 4643 1890 4718 ele·

237 4743 304 4817 cim
329 4767 340 4810 :
371 4743 530 4838 apparuit
545 4746 580 4818 δι
595 4748 826 4842 exprobravit
858 4747 1041 4821 increduli·
1089 4769 1203 4823 menta
1216 4750 1426 4847 distinguens
1453 4749 1487 4821 in
1511 4768 1627 4822 earum
1650 4744 1761 4817 medio
1777 4743 1889 4816 firma·
1909 4757 1960 4834 95

237 4859 345 4915 tatem
360 4864 480 4916 eorum
494 4844 530 4915 dt
545 4844 706 4921 duriciam
731 4843 872 4920 cordis:
896 4844 974 4937 quia
986 4845 1038 4919 his
1090 4867 1243 4922 mentum
1255 4849 1328 4921 fieri
1340 4845 1471 4942 elegisti
1495 4872 1504 4913 ε
1537 4846 1587 4920 ita
1613 4864 1674 4915 nos
1689 4841 1815 4915 efficias
1828 4841 1888 4915 fir·

237 4940 297 5033 qui
312 4939 472 5012 viderant
483 4964 560 5012 eum
575 4942 787 5020 resurrexilse
802 4971 811 5012 :
826 4966 896 5016 non
927 4944 1041 5018 credi·
1089 4967 1295 5020 mamertum
1316 4965 1374 5019 tue
1389 4943 1535 5017 Ecclelie
1566 4970 1575 5011 :
1604 4961 1643 5014 ut
1657 4936 1801 5037 Angelis
1818 4937 1889 5012 tuis

231 5041 388 5113 derunt.
414 5038 457 5109 Et
472 5037 560 5111 dixit
576 5039 652 5112 eis.
675 5041 804 5115 Euntes
832 5041 1040 5117 inmundum
1088 5065 1279 5118 mereamur
1301 5040 1493 5117 consimiles
1518 5043 1584 5115 else
1611 5086 1623 5109 ·
1655 5040 1737 5131 Qu
1765 5035 1889 5113 mortis

187 5141 205 5216 5
238 5135 434 5211 universum
460 5163 470 5206 ι
499 5136 677 5232 predicate
703 5136 921 5238 evangelium
945 5141 1038 5214 omni
1089 5138 1407 5214 acresurrestionis
1436 5162 1496 5215 tue
1532 5137 1678 5216 victoria
1704 5137 1886 5214 roborati:

236 5253 396 5308 creature
409 5236 497 5328 .Qi
511 5236 699 5312 crediderit
715 5240 749 5311 δι
767 5239 954 5333 baptizatus
965 5238 1041 5312 sue-
1089 5260 1157 5332 que
1174 5237 1388 5312 sursumsunt
1418 5238 1547 5336 semper
1567 5256 1751 5335 querentes
1773 5235 1821 5309 ita
1835 5233 1889 5309 vi·
1914 5243 1985 5308 100

238 5332 288 5409 rit
320 5359 328 5398 :
357 5328 469 5406 salvus
498 5335 592 5409 erit.
616 5336 686 5426 Qi
701 5358 790 5409 vero
804 5361 874 5410 non
888 5338 1042 5412 credide·
1090 5361 1208 5410 vamus
1224 5364 1233 5406 :
1248 5357 1285 5409 ut
1300 5355 1336 5409 te
1350 5337 1545 5431 opitulante
1561 5334 1682 5409 celesle
1699 5338 1890 5409 firmamen-

235 5432 286 5506 rit
301 5454 311 5496 :
328 5433 622 5507 condennabitur.
650 5435 755 5533 Signa
778 5454 892 5508 autem
910 5435 1039 5532 eosqui
1090 5452 1163 5508 tum
1179 5433 1290 5509 effesii
1306 5440 1487 5510 credentes
1505 5436 1569 5512 tibi
1597 5433 1640 5511 ad
1669 5431 1891 5513 desderando

195 5527 521 5608 .··crediderinthec
538 5528 743 5626 sequentur.
759 5531 796 5603 ln
811 5533 949 5606 nornine
963 5558 1039 5608 meo
1090 5530 1224 5606 celestia
1239 5533 1492 5617 inflammemur
1508 5583 1519 5607 .

185 5638 208 5689 0
239 5627 398 5700 demonia
412 5625 569 5710 ejicient:
581 5627 705 5728 linguis
721 5629 908 5724 loquentur
923 5633 1037 5708 novis.
1139 5646 1188 5724 13⁸·
1204 5633 1312 5704 Amen
1329 5683 1339 5705 .

241 5729 429 5817 Serpentes
446 5723 568 5799 tollent
585 5764 596 5798 ·.
611 5729 663 5802 ‘Et
678 5730 702 5801 ti
717 5731 931 5805 mortiferum
954 5733 1036 5823 quid
1281 5729 1359 5817 'Poll
1370 5733 1501 5805 nomina
1518 5779 1528 5800 .
1551 5735 1695 5808 oratio}
1914 5747 1982 5824 105

239 5823 390 5895 biberint
418 5851 428 5892 :
454 5823 766 5902 noneisnocebit.
796 5830 906 5922 Super
930 5853 1034 5925 egros
1185 5832 1307 5902 Larum
1335 5832 1432 5902 nobis
1452 5830 1601 5904 Domine
1629 5832 1704 5927 post
1733 5824 1884 5902 resurre-

231 5943 348 5993 manus
364 5922 604 6015 imponens&
622 5929 709 5998 bene
726 5924 1033 5999 habebuntAEtDo·
1195 5927 1343 6003 silonem
1362 5927 1422 6000 lilii
1439 5929 1490 6000 tui
1507 5932 1615 6012 majus
1646 5927 1750 6001 solito
1771 5923 1882 6000 lum'en

190 6128 196 6139 ι
232 6019 343 6094 minus
361 6021 498 6119 quidem
516 6019 610 6109 lesus
641 6026 818 6123 postquam
833 6023 967 6105 locutus
982 6027 1031 6120 eli
1080 6029 1262 6121 ethereum
1273 6026 1373 6128 jubar
1387 6023 1587 6133 elatums&
1610 6045 1778 6128 perpetue
1793 6022 1884 6199 illeiis:

1771 6146 1820 6202 uo
1856 6147 1887 6200 lb
