4450 7209
569 695 648 771 IN
696 693 1441 790 QUADR'AGBSIMA.·
1766 718 1820 805 9'7

160 798 419 877 carne.lirivit
430 798 559 895 quippe
575 800 617 870 ad
632 798 836 871 currendam
852 797 963 873 viam=
1238 835 1243 845 ι
1600 868 1604 877 ,

160 902 524 999 perfignifieationem
539 896 853 992 camisaisumpte.
879 896 965 970 Ideo
1261 890 1555 979 ‘aostsanttasi
1828 976 1833 983 ,

161 998 272 1094 igitur
287 1000 349 1071 erfi
367 998 534 1095 fatigatus
551 990 610 1067 ille
639 997 671 1067 in
687 1018 810 1092 capnca
825 1020 894 1069 non
913 1012 966 1070 ta·
1122 995 1189 1070 lite
1206 989 1349 1068 socrus
1378 1020 1463 1069 vere
1490 992 1689 1073 benedictus
1706 1000 1832 1081 Domi·

158 1120 238 1167 men
266 1118 330 1170 nos
361 1096 441 1169 sinit
470 1092 632 1167 infirmari
664 1093 709 1163 in
737 1094 794 1166 sua
824 1093 968 1168 infirmi·
1136 1119 1201 1167 nus
1219 1090 1436 1175 nollerlesns
1453 1092 1606 1167 Christus
1621 1094 1712 1171 filius
1726 1094 1831 1175 tuus.

115 1225 136 1294 5
157 1212 263 1267 tate.
289 1194 377 1267 Nam
392 1199 488 1289 quod
502 1194 675 1267 infirmum
697 1193 745 1263 est
762 1186 850 1264 illius
867 1219 877 1261 a
896 1192 969 1265 for·
1017 1193 1130 1278 Cujus
1145 1189 1321 1287 presentia
1348 1190 1490 1264 uifionis
1513 1194 1829 1271 mortificationem

157 1291 283 1363 tiuscsl
297 1292 516 1365 bominibus.
543 1290 694 1383 Ideoque
717 1310 780 1383 per
795 1283 970 1363 humilita-
1018 1308 1188 1384 operatur
1209 1284 1373 1362 sceleris.
1397 1286 1480 1360 Non
1506 1290 1557 1363 est
1580 1290 1671 1364 enim
1695 1295 1828 1371 homos
1857 1296 1907 1376 60

158 1407 232 1462 tem
259 1388 404 1463 veniens
432 1390 570 1486 eripere
591 1390 753 1464 mundum
779 1410 799 1459 a
823 1387 972 1483 potesla-
1018 1386 1077 1482 qui
1094 1392 1170 1472 ejus
1184 1403 1391 1460 contueatur
1404 1385 1523 1460 faciem
1550 1414 1561 1456 a
1588 1390 1624 1460 δι
1644 1390 1704 1462 suo
1721 1396 1828 1485 poffit

158 1480 197 1560 te
230 1487 450 1565 tenebrarum
479 1516 488 1558 a
520 1484 669 1559 sedit&
698 1482 811 1557 sitivit
834 1486 971 1581 quando
1018 1482 1187 1560 remorari
1205 1478 1421 1557 incrimine.
1446 1481 1829 1584 ,Mulietquippcidm

156 1606 278 1680 aquam
290 1582 428 1660 mulieri
441 1582 593 1681 petivit.
619 1575 682 1653 Ille
709 1582 840 1654 etenim
862 1582 972 1655 bumi-
1019 1586 1093 1669 eius
1108 1581 1318 1677 presentiam
1332 1601 1477 1653 cernens
1504 1608 1515 1650 ε
1537 1583 1828 1681 verborumque-

83 1712 131 1767 10
154 1680 261 1755 liatus
280 1700 355 1755 erat
371 1680 404 1754 in
419 1706 522 1757 carne
539 1676 703 1777 :quando
716 1678 835 1751 sedens
850 1681 892 1752 ad
903 1703 969 1773 pu·
1018 1703 1086 1775 quc
1103 1686 1177 1767 ejus
1195 1680 1323 1751 fluenta
1340 1674 1544 1753 mirabiliter
1556 1680 1691 1777 capiens
1707 1712 1717 1753 a
1733 1689 1829 1780 post·

153 1798 248 1855 teum
286 1776 494 1873 loquebatur
524 1801 603 1852 cum
626 1771 807 1853 muliere.
850 1778 969 1853 Sitivit
1017 1801 1120 1873 qnam
1136 1775 1581 1874 maniftssiffimecognovit
1597 1778 1827 1863 lesumareli·
1855 1787 1901 1879 65

151 1900 275 1973 aquam
291 1902 302 1945 a
316 1879 483 1975 &exegit
494 1877 597 1955 fidem
610 1872 652 1948 ab
663 1896 731 1947 ea.
762 1874 801 1947 In
818 1875 968 1972 caqnip-
1009 1875 1092 1970 'quit
1109 1875 1231 1949 idriam
1241 1870 1435 1949 viciorum.
1458 1875 1583 1971 Sitque
1598 1877 1715 1951 abiens
1728 1880 1761 1953 in
1778 1883 1828 1955 cia
1901 1868 1906 1883 ’

149 1998 195 2073 pe
221 1974 391 2051 mulieres
408 1978 511 2051 fidem
525 1995 628 2071 quarn
641 1970 791 2067 quefivit
815 1998 824 2041 c
848 1995 966 2066 quam·
1018 1974 1169 2051 vitatem
1182 2004 1193 2043 ε
1206 1998 1277 2047 non
1292 1990 1385 2047 tacet
1398 1975 1489 2065 quod
1501 1994 1647 2070 experta
1662 1997 1738 2052 erat
1754 1984 1827 2055 cde

149 2094 218 2168 quc
231 2073 361 2168 petivit
388 2100 402 2145 a
426 2074 551 2171 exegit
562 2086 667 2165 atque
682 2070 898 2148 venientibus
914 2071 966 2143 di·
1016 2071 1151 2147 uirtute
1163 2078 1239 2159 ejus
1252 2066 1449 2144 miraculum
1464 2074 1539 2145 .Sit
1548 2068 1664 2167 gloria
1681 2072 1742 2171 ipst
1758 2106 1768 2149 a
1782 2080 1827 2155 sit

81 2194 126 2270 ¹5
150 2173 200 2244 cit
227 2171 333 2247 deca
357 2170 532 2273 discipulis
558 2195 572 2237 a
600 2170 679 2267 Ego
704 2166 817 2243 cibum
849 2167 963 2245 babeo
1010 2164 1085 2241 laus
1102 2168 1422 2247 &honorificentia
1438 2170 1615 2246 :Domino
1641 2174 1761 2250 nosiro
1786 2179 1825 2251 dt
1861 2196 1865 2203 ·

150 2270 359 2345 manducare
373 2294 477 2369 quem
502 2290 569 2343 vos
597 2264 758 2341 nescitis.
785 2262 846 2338 Ille
861 2270 961 2353 istm
1010 2264 1213 2341 Salvatori.
1239 2268 1349 2353 Cuius
1365 2269 1528 2361 potentie
1542 2270 1669 2341 cedunt
1695 2274 1823 2350 retina.
1850 2296 1900 2373 70

149 2365 211 2463 qni
238 2367 272 2439 in
299 2392 372 2444 eam
397 2381 581 2445 creaverat
600 2360 681 2439 fidei
694 2362 822 2440 donum
852 2388 861 2431 ε
888 2362 960 2459 ipse
1009 2362 1086 2441 cula
1101 2365 1282 2439 criminum
1310 2390 1321 2434 a
1348 2387 1394 2437 ex
1409 2364 1594 2461 qnoetiam
1609 2368 1824 2447 emendatior

149 2464 313 2561 poscebat
325 2488 412 2561 aque
427 2466 487 2541 sibi
518 2466 562 2537 ab
590 2488 631 2539 ea
656 2462 793 2559 porrigi
811 2478 960 2556 potum.
1010 2462 1053 2535 fit
1069 2464 1231 2558 virapost
1247 2460 1400 2556 lapsum.
1432 2463 1625 2539 Reddamt'u
1638 2488 1725 2563 crgo
1740 2470 1772 2541 ei
1786 2470 1824 2545 in

149 2564 293 2658 Qique
308 2586 383 2642 eam
397 2559 593 2638 dilectionis
613 2561 670 2635 sue
684 2562 815 2637 flamma
828 2583 960 2633 crema·
1007 2580 1169 2653 quantum
1197 2562 1365 2654 possumus
1395 2561 1534 2637 contriti
1560 2561 1674 2637 cordia
1696 2564 1825 2643 sacriti-

73 2686 128 2744 ιο
150 2661 208 2736 bat
234 2688 246 2729 a
275 2661 345 2757 ipse
359 2662 402 2735 ab
418 2688 459 2737 ea
469 2657 630 2758 poculum
648 2681 720 2752 quo
734 2658 959 2755 refrigerare·
1006 2656 1096 2733 cium
1114 2684 1124 2727 a
1143 2659 1313 2754 perquod
1326 2656 1398 2753 ipse
1410 2661 1550 2735 testatus
1563 2659 1612 2735 eit
1641 2686 1653 2729 a
1674 2660 1710 2735 se
1723 2667 1819 2763 posse

147 2756 332 2835 tursitiens
345 2756 560 2854 postulabat·
584 2756 643 2832 Ob
669 2756 815 2831 bocnos
841 2754 883 2827 ad
901 2756 958 2829 isia
1007 2754 1156 2829 inveniri
1181 2751 1376 2848 placatum.
1407 2758 1562 2834 Christus
1587 2756 1758 2840 Dominus
1779 2786 1819 2843 ac
1847 2781 1895 2860 75

146 2876 321 2933 tantarum
332 2856 504 2931 virtutum
519 2848 680 2928 miracula
704 2852 786 2947 qnid
800 2877 958 2947 appone·
1006 2854 1210 2949 redemptor
1225 2873 1391 2935 eternus.

144 2950 957 3046 marianne&inmaculateupiituneueun

146 3053 211 3127 nisi
223 3051 465 3129 conscientiam
481 3050 713 3126 mundatur&
730 3046 955 3124 voluntatem
1307 3046 1528 3147 Podprt‘dr'e.

70 3178 122 3252 ²5
144 3148 326 3227 dilectoni
338 3168 398 3225 tue
413 3148 619 3225 omnimodo
630 3146 958 3242 preparatam.Tuo
1107 3152 1110 3161 '
1663 3189 1666 3193 ·

141 3248 256 3347 igitur
280 3245 412 3321 nomini
435 3247 626 3323 offerentes
652 3244 827 3317 victimam
858 3266 956 3317 mun·
1117 3242 1182 3317 lius
1197 3242 1254 3339 qui
1270 3242 1306 3318 in
1321 3246 1425 3320 corde
1447 3242 1599 3323 mulieris
1625 3250 1811 3327 Samarita·
1844 3254 1893 3330 8ο

146 3352 249 3423 dama
264 3368 426 3443 rogamus
441 3364 545 3441 atque
557 3340 774 3439 exposcimus
791 3368 801 3411 a
819 3360 856 3414 ut
871 3367 957 3438 ope-
1127 3366 1170 3415 ne
1177 3341 1334 3438 spiritum
1345 3364 1405 3417 tue
1418 3340 1697 3422 candidationis
1713 3351 1813 3424 dedi·

141 3447 233 3522 retis
248 3446 282 3519 in
298 3445 398 3517 nobis
409 3440 552 3519 salutem
566 3442 676 3518 a-ficut
690 3440 724 3512 in
739 3436 881 3515 muliere
896 3438 952 3514 illa
1003 3439 1041 3511 lli
1059 3472 1068 3509 ι
1087 3463 1157 3535 quo
1175 3458 1211 3513 te
1224 3443 1381 3515 crederet
1398 3461 1543 3533 equote
1559 3445 1720 3539 inspirata
1736 3447 1819 3521 sen·=

140 3561 358 3640 operatores
374 3543 505 3617 fidem.
534 3544 693 3637 Operare
712 3536 747 3611 in
773 3538 872 3613 nobis
886 3562 950 3616 ea·
1002 3535 1116 3609 tirecs
1131 3561 1199 3634 quo
1228 3540 1331 3613 etiam
1346 3543 1456 3638 podet
1482 3557 1542 3613 tue
1553 3546 1734 3627 maiestatis
1744 3572 1813 3641 pm

73 3666 121 3741 30
141 3636 569 3738 tirpationcmcarnalium
587 3636 756 3713 viciorum
783 3662 796 3705 a
827 3635 886 3731 qui
915 3637 950 3710 in
1000 3634 1142 3711 tentiam
1159 3633 1470 3725 fideliintentione.
1487 3663 1654 3715 narrare.
1683 3644 1813 3722 Emitte

139 3739 197 3814 illa
210 3736 373 3813 idolatrie
387 3734 555 3838 pertulisti
571 3738 798 3837 figmentum.
815 3733 951 3811 Sentia·
998 3732 1158 3899 {piritum
1173 3754 1268 3807 tuum
1296 3739 1341 3809 dc
1368 3733 1489 3811 sardis
1519 3735 1602 3811 celis
1622 3743 1716 3815 tuira
1740 3762 1812 3829 quo
1840 3742 1887 3835 85

137 3860 212 3911 mus
225 3858 364 3931 quoque
392 3858 429 3914 te
443 3837 476 3909 in
495 3834 553 3909 illa
569 3832 685 3911 futura
698 3832 949 3909 examinatione
1013 3834 1259 3907 anctificentur
1281 3832 1419 3909 oblata:
1451 3832 1678 3930 suscipiantur
1699 3862 1809 3917 votat

139 3937 351 4011 mitiffimum
377 3962 387 4005 ε
417 3936 503 4009 ficut
518 3932 575 4007 illa
590 3954 626 4007 te
640 3931 833 4031 promeruit
849 3932 964 4005 inve·.
996 3932 1181 4023 capientur
1199 3927 1350 4003 delicta:
1379 3934 1415 4004 dt
1447 3931 1577 4005 ennon
1603 3959 1649 4006 ex
1664 3937 1729 4007 hoc
1759 3938 1818 4015 sue

137 4036 212 4108 nire
228 4030 420 4127 placatum.
448 4037 549 4127 Opus
576 4029 668 4103 enirn
697 4050 793 4101 tunm
810 4028 946 4103 subtusa
1000 4027 1175 4101 mentibus
1202 4032 1353 4102 donetur
1383 4029 1533 4103 criminis
1565 4030 1805 4129 indulgentiis

71 4154 117 4231 35
138 4132 196 4227 qni
210 4130 273 4203 nisi
293 4154 356 4227 per
368 4151 404 4204 te
419 4127 541 4205 salvari
555 4151 623 4199 non
641 4126 835 4223 posumus.
864 4126 955 4200 Sub·
1000 4142 1102 4217 atque
1129 4143 1251 4199 eterne
1278 4125 1511 4221 promissionis
1540 4132 1664 4229 gaudia
1685 4130 1810 4235 sempi-

138 4229 220 4305 veni
235 4228 334 4302 nobis
352 4252 433 4303 vera
449 4226 659 4321 redemptior
672 4223 812 4321 pictatis
826 4224 952 4299 indefi-
1002 4240 1126 4299 terna·
1150 4238 1200 4321 lja.
1216 4229 1350 4299 Amen.
1834 4255 1888 4333 90

138 4328 233 4399 ciens
249 4324 456 4426 plenitudo.
485 4326 567 4401 Non
583 4326 705 4420 perdas
733 4326 826 4419 qnod
854 4342 955 4401 tunm

138 4427 186 4499 cst
213 4454 223 4495 a
254 4423 375 4520 quibus
395 4418 514 4498 dedisti
530 4422 673 4497 rationis
686 4438 842 4495 naturam
872 4449 882 4489 a
909 4423 953 4494 da
1147 4424 1415 4499 Adorationem
1428 4427 1664 4502 Dominicam.

138 4520 336 4597 eternitatis
384 4521 507 4595 loriam
525 4518 744 4595 indefessam·
769 4522 814 4593 Ut
841 4518 953 4611 quite

64 4646 116 4719 4ο
139 4621 174 4693 in
190 4618 337 4695 bacvita
352 4548 523 4697 fundamus
556 4646 566 4687 c
595 4620 629 4693 in
645 4639 766 4691 eterna
780 4636 951 4711 quoqne)
1087 4618 1163 4691 Ons
1182 4616 1264 4693 vite
1276 4618 1437 4715 perennis
1449 4620 1526 4696 lesu
1555 4620 1644 4693 silius
1659 4618 1726 4694 Dei
1744 4624 1809 4697 Pa·

138 4719 354 4806 beatitudine
371 4716 480 4795 multo
494 4712 603 4815 magis
622 4713 878 4815 glorificemus.
897 4712 948 4787 'lu
1098 4718 1184 4789 trist
1213 4718 1257 4790 da
1273 4720 1369 4791 nobis
1391 4739 1509 4811 aquam
1531 4721 1671 4795 vivam:
1696 4722 1738 4791 da
1763 4720 1805 4791 si·
1828 4742 1879 4819 95

138 4842 179 4889 cs
193 4818 287 4889 enim
304 4816 400 4889 Deus
429 4815 543 4890 noller
571 4840 581 4883 a
606 4838 676 4889 non
704 4810 947 4895 nosainciasa
999 4814 1160 4887 tientibus
1183 4814 1290 4887 vitam
1304 4835 1481 4889 eternam.
1501 4814 1691 4891 Efficiamur
1719 4842 1805 4913 que·

139 4916 229 4989 facie
242 4934 322 4988 tua:
338 4915 394 4989 scd
409 4918 477 4999 jam
494 4911 624 5005 respice
653 4932 741 5005 quos
753 4909 869 4981 creasti
883 4909 948 4987 nti-
996 4909 1107 4984 summ
1137 4908 1304 5005 templum
1320 4932 1445 4985 tuum:
1478 4915 1646 5007 inquibus
1670 4918 1804 4990 habites

138 5011 315 5089 se'ratione
331 5012 505 5109 gratuitae
522 5026 561 5080 ut
577 5031 652 5083 cum
666 5002 947 5083 abtuleriaano-
996 5005 1031 5075 in
1055 5028 1236 5081 eternumc
1262 5028 1301 5081 ut
1330 5012 1365 5083 &
1389 5011 1448 5107 ipsa
1476 5010 1564 5085 intra
1591 5037 1656 5085 nos
1681 5014 1806 5089 habeas

62 5130 116 5203 45
139 5110 191 5183 bis
207 5135 309 5187 omne
324 5110 475 5183 debitum
488 5103 588 5201 culpe
618 5132 628 5173 c
657 5102 852 5199 &placitos
867 5106 946 5176 red·
995 5124 1073 5176 mur
1101 5128 1247 5201 regnum
1271 5127 1390 5180 tunm.
1413 5112 1464 5180 Tu
1491 5133 1556 5183 nos
1581 5111 1803 5191 Christeiesu
1852 5166 1858 5177 .

138 5210 268 5283 dideris
285 5208 471 5305 aspectibus
493 5204 605 5303 gratie
617 5224 675 5278 tue
688 5253 699 5275 .
713 5200 809 5275 Eroti
831 5204 873 5277 ab
887 5199 945 5277 illa
994 5199 1119 5275 exaudi
1146 5202 1360 5293 desummisc
1389 5229 1466 5283 cum
1480 5206 1615 5285 Patrem
1638 5211 1722 5282 sicut
1737 5238 1800 5286 nos
1834 5240 1906 5293 100

1864 828 1909 903 55

136 5304 287 5384 noxialis
322 5306 421 5400 putei
456 5302 693 5398 profunditate
718 5298 942 5374 facinoruna
992 5296 1589 5383 iuffislicexotaverimuscterris.
1621 5311 1726 5382 Pater
1740 5332 1804 5381 no·
1952 5351 1954 5354 -
2022 5335 2027 5343 ·

134 5406 264 5481 idriam
298 5404 484 5479 nostrarum
512 5398 744 5497 relinquentes
774 5398 944 5493 cupidita·
993 5395 1082 5470 tter.
1113 5388 1303 5474 Humiliate
1319 5426 1382 5476 uos
1396 5403 1652 5481 benedictioni.
1680 5405 1802 5502 D0m17

137 5502 295 5580 tumtad
311 5500 404 5573 illam
417 5518 575 5573 eternam
592 5500 771 5575 civitatem
783 5496 945 5573 Hierusa-
993 5515 1056 5573 nus
1071 5496 1115 5571 sit
1130 5495 1267 5593 semper
1278 5500 1591 5590 uobiscum-1320&
1604 5523 1705 5574 cnm.
1808 5533 1811 5538 ·
1853 5530 1858 5537 ·

65 5622 117 5693 50
136 5598 205 5679 lem
218 5600 404 5695 poilbuius
422 5596 496 5671 vite
511 5600 686 5675 transitum
697 5592 945 5674 convolemus.
1011 5648 1018 5657 .

138 5702 274 5773 Etcum
288 5697 445 5771 omnibus
460 5693 589 5767 Sanun
603 5720 729 5771 nomen
746 5689 948 5769 tuumcele·
1168 5759 1172 5768 ,
1304 5696 1515 5769 Benedictio.
1831 5692 1900 5801 10f5

138 5796 200 5871 bre
216 5794 414 5871 nunciemus
430 5791 944 5887 :atqueitadicautumansata·⁴
1098 5788 1230 5866 Hristus
1267 5788 1356 5863 silius
1387 5792 1455 5865 Dei
1490 5790 1548 5885 qui
1587 5792 1802 5869 samaritane

138 5893 211 5973 slus
227 5939 238 5964 .
253 5890 424 5967 Sanctus.
438 5888 606 5968 Sanetus.
1105 5886 1255 5963 mulieris
1281 5888 1375 5961 sitire
1403 5893 1562 5986 dignatus
1590 5891 1637 5962 est
1665 5893 1769 5989 fidem
1792 5920 1803 5963 a

991 5978 1065 6085 ipse
1076 5983 1115 6061 in
1128 5985 1231 6064 vobis
1244 5985 1334 6064 dtin
1345 5991 1509 6065 accendat
1519 5987 1714 6085 dilectionis
1731 5988 1802 6065 suc.

224 6088 322 6195 Miss·
335 6092 469 6171 Macar·
734 6068 770 6187 J
1366 6084 1404 6159 N
1597 6101 1648 6182 132·
1660 6093 1801 6203 Amen.
