4450 7209
717 708 1498 809 nvtnalnvutolrrrs:
1898 730 1944 823 31'

273 815 415 895 Cirrillc
439 824 555 889 totum
578 812 687 904 qnod
709 810 774 884 lrec
799 808 910 909 virgo
933 808 1087 883 vicerits
1138 813 1190 886 nis
1212 811 1429 909 exempluma
1457 813 1518 888 Illa
1534 815 1681 895 credidit
1707 816 1857 919 angelos
1885 814 1945 899 issa
1978 840 2025 914 55

275 936 378 991 mum
389 910 484 1009 quod
498 909 655 983 meruitr
679 926 775 982 tuum
787 904 890 979 etiam
903 909 994 999 quod
1008 929 1086 1003 per·
1138 910 1256 986 refillir
1270 911 1430 988 inimico.
1454 909 1516 988 llla
1528 911 1636 991 cleda
1649 940 1712 1014 per
1728 939 1829 1012 quam
1839 916 1946 994 esn-

274 1006 356 1111 egit
383 1006 497 1087 .·Nec
528 1004 621 1079 enim
652 1001 721 1080 tela
748 998 940 1096 repellimus
968 1005 1092 1080 adver·
1139 1009 1204 1097 llus
1215 1005 1429 1085 nasceretura
1446 1008 1502 1084 illa
1517 1010 1677 1108 assumpta
1688 1037 1863 1110 perquam
1874 1013 1950 1088 dia·

281 1109 453 1184 santium:
474 1100 534 1176 niss
549 1119 609 1174 tue
623 1099 815 1176 divinitatis
832 1101 1001 1174 beneficio
1016 1100 1091 1173 snb-
1139 1102 1239 1181 bolus
1253 1107 1453 1181 vinceretur
1466 1154 1478 1176 .
1501 1104 1656 1209 Dignare
1669 1105 1797 1186 Eulalia
1812 1104 1951 1207 martyr

223 1208 246 1280 5
280 1205 464 1284 levemur.
487 1198 589 1272 Nunc
620 1200 729 1295 prelia
745 1195 896 1270 nobirut
917 1198 1002 1273 licut
1025 1197 1091 1270 hec
1141 1202 1292 1300 &uirgo
1309 1202 1472 1296 placitura
1484 1206 1638 1282 Domino
1664 1206 1755 1280 suos
1784 1232 1850 1303 que
1867 1207 1946 1300 Spi-

280 1302 469 1376 bcatiliima
481 1314 617 1392 martyr
641 1315 698 1368 tua
712 1296 901 1393 pugnando
923 1295 1087 1386 premium
1142 1297 1209 1370 ritu
1221 1299 1346 1374 sancto
1359 1318 1569 1397 protegente
1589 1321 1710 1376 tenero
1722 1302 1803 1376 sexu
1815 1299 1946 1377 bellum
1976 1300 2026 1376 6³·

280 1400 408 1493 adepta
419 1394 467 1467 est
481 1390 665 1467 castitatisr
692 1391 741 1464 ita
764 1414 827 1462 nos
839 1389 1089 1466 commilsorum
1137 1395 1229 1467 forte
1255 1395 1456 1469 sudaverita
1483 1401 1520 1470 δι
1548 1395 1639 1472 ultra
1666 1397 1865 1493 opinionem
1880 1396 1946 1470 hu·

279 1495 476 1568 nollrnrrrm
489 1490 531 1560 ad
545 1507 581 1560 tr
600 1486 742 1561 dimiffis
757 1487 952 1584 contagiis:
976 1487 1088 1585 adipi·
1136 1513 1231 1562 mane
1246 1491 1383 1565 virtutis
1409 1491 1680 1568 adtollerantiam
1692 1510 1856 1591 penarum
1868 1490 1945 1564 zelo

280 1591 411 1665 scamur
421 1583 553 1682 premia
567 1602 625 1658 tue
638 1582 895 1680 promistionis·
1139 1587 1192 1658 tui
1204 1586 1375 1663 amorisse
1388 1585 1576 1663 obtulerita
1595 1613 1673 1663 curn
1688 1591 1722 1661 in
1739 1590 1848 1685 specie
1865 1611 1946 1682 pre·
1985 1632 1990 1646 ι

211 1689 249 1742 ¹0
330 1685 560 1781 porimens
893 1762 899 1772 p
1139 1682 1220 1754 ciofi
1245 1683 1491 1780 Unigenitisan
1540 1686 1628 1763 inem
1653 1685 1749 1760 suum
1776 1682 1945 1757 subtelli·

1140 1776 1259 1855 monio
1273 1779 1363 1854 bone
1387 1782 1489 1854 confr
1524 1782 1609 1854 ionis
1629 1781 1813 1856 effuderirs
1835 1782 1870 1853 dc
1890 1780 1944 1852 in·
1977 1778 2029 1872 65

573 1870 816 1959 Posinominai
1142 1895 1305 1970 corrupta
1321 1875 1459 1949 flammis
1484 1878 1615 1951 viscera
1638 1880 1674 1950 in
1702 1880 1848 1955 odorem
1871 1877 1947 1948 sua·

854 1970 859 1978 ’
1145 1970 1278 2047 vissimi
1304 1972 1521 2047 thimiamatis
1536 1970 1754 2048 adoleverit.
1778 1974 1880 2047 Vadit
1902 1970 1946 2043 ad

282 2070 379 2246 D
395 2066 521 2144 Omine
549 2066 662 2141 sande
691 2069 794 2142 Pater
834 2083 959 2141 eterne
987 2060 1097 2139 omni·
1148 2064 1294 2139 tribunal
1306 2068 1440 2142 cruenti
1457 2070 1596 2162 preiidis
1615 2097 1630 2137 a,
1653 2094 1725 2145 non
1739 2070 1889 2167 quelita.
1907 2068 1947 2136 ln

211 2165 247 2238 ¹5
404 2184 530 2259 potens
551 2166 668 2239 Deusr
694 2159 1092 2248 incuiusnominebea·
1140 2187 1206 2255 qua
1221 2182 1289 2235 ram
1310 2162 1417 2239 solum
1433 2166 1500 2237 fuit
1515 2166 1645 2238 animus
1671 2166 1887 2242 incontinens
1902 2163 1946 2237 ad

283 2256 460 2337 tchlalie
476 2260 625 2358 virginis
653 2288 691 2337 ac
715 2260 875 2351 martyris
890 2279 949 2332 tue
978 2251 1095 2328 solen·
1140 2254 1950 2356 secretumrquamlocuscompetensadtrium·
1978 2274 2029 2346 70

225 2407 228 2413 -
283 2357 340 2432 nia
354 2354 593 2432 celebramusa
617 2382 683 2453 que
697 2357 775 2431 durn
790 2357 830 2426 ad
844 2353 1092 2460 confeffionem
1142 2355 1270 2450 phum.
1298 2358 1482 2435 lucratura
1514 2380 1658 2454 regnum
1681 2384 1692 2425 r
1715 2361 1949 2452 'contemptu-

283 2455 502 2528 nuceretum
540 2477 611 2529 non
647 2451 738 2528 illam
760 2451 881 2525 mortis
910 2449 1014 2523 timor
1039 2467 1093 2516 m-
1143 2475 1179 2524 ra
1196 2448 1620 2543 suppliciumrinventura
1642 2453 1808 2546 quelirum
1824 2476 1837 2518 r.
1856 2449 1955 2528 visu·

283 2550 418 2623 travit:
443 2572 506 2627 nec
529 2549 646 2622 vultus
678 2548 793 2646 pallor
821 2545 983 2619 obsedit.
1005 2542 1095 2616 Non:
1139 2571 1178 2637 ra
1194 2548 1402 2622 confeisum·
1422 2547 1503 2623 Non
1517 2548 1652 2644 trepida
1669 2549 1712 2619 de
1735 2574 1823 2646 pena
1840 2573 1853 2614 a
1873 2568 1946 2618 nou

211 2645 252 2695 ²0
284 2647 335 2721 ira
362 2646 487 2720 terruit
506 2646 740 2733 comminantis
763 2669 775 2710 r
798 2666 865 2715 non
892 2642 964 2714 dira
991 2663 1090 2714 vonas
1140 2640 1298 2738 ambigua
1318 2645 1362 2717 de
1386 2667 1548 2720 coronas
1575 2669 1646 2718 non
1663 2646 1786 2720 defelsa
1809 2646 1853 2716 de¹
1867 2665 1947 2720 rru-
1975 2669 1983 2683 ·

282 2767 355 2817 non
382 2759 523 2816 cruenta
538 2766 680 2815 manus:
709 2766 777 2816 non
807 2739 909 2812 etiam
938 2734 1094 2810 turbidus
1139 2735 1196 2812 leo
1209 2762 1223 2805 a
1248 2762 1318 2811 non
1334 2740 1438 2815 diffisa
1450 2742 1494 2814 de
1510 2741 1798 2836 premio·lnte'rr
1845 2759 1949 2814 'turs
1978 2749 2030 2824 75

281 2837 434 2935 aspedius
455 2864 474 2912 a
499 2839 677 2933 propofitn
712 2840 869 2934 paffrone-
889 2831 1059 2911 submovit
1077 2876 1092 2900 0
1138 2836 1349 2910 conlitcturr
1376 2835 1544 2913 occiditur
1556 2862 1570 2905 a
1594 2861 1804 2914 coronatur.
1838 2858 1947 2934 ngen-

285 2939 340 3010 'iu
366 2934 466 3009 nobis
494 2936 653 3028 martyris
676 2939 776 3021 hujus
798 2928 1020 3027 gaudentibus
1047 2926 1093 3027 de
1139 2932 1235 3027 tique
1250 2930 1416 3008 miraculo
1430 2935 1581 3019 maiestas
1605 2956 1663 3009 tua
1675 2934 1847 3010 exalatum
1872 2931 1946 3005 vir·

287 3030 564 3125 triumpho=&ad
582 3051 617 3105 te
628 3026 854 3108 convertendi
868 3026 997 3097 aditum
1014 3048 1095 3117 pre·
1142 3026 1229 3123 ginis
1254 3026 1442 3125 spirirum:
1467 3054 1567 3124 quern
1587 3030 1760 3128 ‘arsumpfit
1775 3053 1838 3124 pet
1852 3029 1947 3101 llam·

211 3126 248 3198 ⁸5
283 3128 354 3200 ber
382 3129 419 3200 δι
448 3125 558 3199 sande
584 3122 853 3202 conversationis
870 3121 1015 3196 tribuito
1036 3120 1089 3192 di·
1137 3124 1406 3220 mamaluscepit
1419 3153 1481 3223 per
1492 3123 1770 3204 columbam.Ut
1783 3127 1849 3200 boc
1861 3149 1945 3219 pro·

284 3227 479 3321 gnitatem.
498 3221 704 3297 concedens
734 3219 908 3316 perhanc
936 3213 1090 3290 oblatio·
1137 3217 1239 3314 digio
1252 3220 1287 3294 in
1302 3222 1384 3296 celis
1411 3245 1543 3318 martyr
1569 3224 1792 3299 ascenderets
1812 3245 1883 3317 quo
1906 3218 1943 3290 in
1978 3206 2029 3281 80

284 3344 365 3394 nrm
387 3318 483 3391 tibia
499 3317 597 3392 nobis
613 3316 787 3395 oblatama
810 3316 846 3385 δι
865 3311 1092 3387 offerentibus
1139 3315 1240 3388 terris
1268 3313 1379 3393 lilium
1404 3320 1710 3416 paterollenderat
1734 3369 1745 3391 .
1770 3316 1943 3413 Siquidem

283 3415 466 3510 perhennis
477 3407 1093 3523 gratielucrumrffleiundiiseter·
1136 3435 1204 3484 nec
1214 3412 1424 3491 inhonorum
1437 3416 1609 3512 pariantur
1624 3416 1794 3489 elementa
1820 3437 1864 3490 co
1927 3446 1945 3470 ·
2073 3474 2076 3479 .

285 3535 331 3584 ne
354 3506 754 3607 pausationirsolatium·
1139 3503 1295 3581 sculunla
1317 3514 1410 3604 quod
1431 3510 1582 3586 deciduis
1606 3514 1667 3587 nix
1689 3510 1820 3609 aspersa
1838 3535 1880 3583 ve
1908 3531 1946 3578 e-

211 3608 252 3682 30
333 3609 536 3705 &Ameria
1140 3603 1261 3705 ribusr
1288 3605 1481 3683 &virturis
1506 3607 1658 3706 rigorem
1683 3603 1942 3704 &virginitatis

768 3762 772 3769 .
1140 3700 1232 3775 recia
1244 3704 1427 3778 candorem
1438 3702 1606 3778 eluceret.
1620 3705 1762 3779 vestiret
1779 3700 1944 3776 .absc0n·
1977 3688 2029 3782 ⁸5·

591 3799 806 3901 Adparent?
1141 3801 1266 3872 deretr
1286 3799 1421 3914 superni
1432 3798 1606 3878 velaminis
1623 3800 1944 3898 operimento-ce·

1140 3891 1208 3969 lum
1220 3895 1330 3970 funeri
1345 3897 1466 3993 prestat
1474 3898 1632 3990 exequias
1647 3945 1658 3967 .
1683 3899 1718 3966 ἃ
1733 3919 1796 3990 per
1810 3893 1944 3968 mlieri-

286 3980 456 4170 DEu'r
486 4009 609 4070 eterne
635 4002 765 4082 scufus
795 3987 907 4089 gratia
934 3987 1094 4084 prosena
1138 3992 1291 4065 cordiam
1306 3993 1551 4086 Redemptoris
1572 3996 1672 4067 daret
1684 3993 1791 4065 anime
1808 3989 1941 4063 sedern:

212 4087 252 4162 35
406 4090 513 4188 virgo
525 4087 653 4167 Eulalia
664 4092 756 4165 inter
769 4089 914 4161 flammas
930 4110 999 4160 non
1015 4108 1092 4157 eru·
1141 4111 1210 4182 pro
1221 4087 1392 4184 sepultura
1421 4086 1944 4186 redderetdignfratem.1pse

284 4189 359 4261 buit
372 4187 563 4263 confiteris
585 4189 679 4281 quod
693 4211 739 4259 ex
752 4187 883 4258 flamma
898 4180 951 4256 tui
967 4180 1094 4256 amoris
1140 4205 1240 4276 quem
1252 4182 1446 4259 collaudant
1460 4209 1578 4262 ornnes
1591 4181 1739 4281 Angelis
1756 4183 1940 4276 omnelbue
1973 4190 2028 4260 90
2115 4196 2122 4215 ·

245 4352 251 4362 .
286 4283 421 4358 haurire
452 4284 676 4379 promeruit.
695 4284 826 4355 Tunos
842 4282 917 4363 ejus
947 4295 1088 4372 precatu
1139 4279 1255 4353 Sancti
1280 4282 1328 4356 ira
1351 4279 1527 4359 diceutes.
1555 4285 1655 4357 Dicat
1676 4279 1834 4376 ‚chum
1863 4281 1948 4354 San·

286 4381 379 4452 inter
399 4379 516 4456 mundi
541 4382 641 4464 huius
668 4381 874 4456 flammarum
902 4370 1093 4470 procellosa
1141 4373 1240 4449 dus.

287 4472 476 4557 discrimina
489 4497 637 4572 protege
650 4500 664 4544 r
682 4481 717 4550 &
734 4494 794 4548 tue
809 4471 901 4567 pacis
922 4468 1016 4545 multi
1021 4466 1089 4564 pli-

214 4569 257 4643 40
286 4571 550 4648 clincrrmenro
573 4569 748 4665 adimple.
773 4566 976 4657 Qouhic
1001 4567 1092 4637 bene
1404 4569 1485 4656 Post
1499 4574 1661 4647 sannas.

287 4670 471 4742 vivamus:
493 4671 531 4741 &
552 4668 595 4741 ad
607 4685 643 4740 te
658 4669 701 4740 de
722 4667 786 4740 hac
799 4664 871 4737 vita
895 4686 1095 4757 remunerar-¹
1279 4750 1283 4759 .
1749 4673 1752 4680 '
1973 4671 2026 4744 95

286 4761 356 4839 turi
373 4761 488 4839 secura
503 4761 715 4842 conscientia
730 4784 974 4860 properemus·
1250 4767 1312 4839 Ere
1326 4761 1455 4840 sanctus
1468 4791 1478 4833 r
1505 4785 1588 4841 vere
1604 4759 1803 4835 benedidus
1814 4756 1945 4833 Domi-

334 4872 385 4946 llt·
398 4862 538 4933 Amen.
1261 4886 1322 4936 nus
1338 4860 1550 4940 nollerlesus
1569 4860 1723 4932 Christus
1738 4853 1828 4931 filius
1839 4875 1916 4929 tuus
1932 4881 1946 4924 a

334 4957 439 5027 Dicat
451 4953 573 5032 Presb.
588 4956 680 5053 Opia
708 4972 747 5032 tu
762 4978 802 5028 es
824 4978 908 5033 vcra
934 4979 1005 5053 pax
1029 4957 1097 5028 no*
1168 4982 1209 5032 ro
1220 4963 1313 5044 cuius
1338 4959 1474 5034 nomine
1498 4958 1682 5029 beatillima
1698 4973 1833 5047 martyr
1843 4949 1945 5024 Eula-

213 5053 259 5128 ⁴5
289 5053 439 5128 indic·
1142 4985 1187 5126 iia
1202 5056 1415 5128 cremandum
1437 5076 1561 5146 corpus
1586 5051 1678 5125 suum
1705 5047 1832 5123 obtulit
1853 5049 1945 5122 flam·

627 5147 775 5224 inlatio·¹
1144 5149 1237 5224 misr
1261 5150 1442 5245 suscipiens
1454 5145 1722 5223 candentis'olei
1748 5143 1947 5313 supplicium
1977 5147 2048 5203 ¹0⁰

693 5278 697 5286 ·
1146 5248 1181 5320 in
1193 5244 1401 5320 mammillis:
1426 5270 1467 5321 ac
1478 5270 1539 5339 per
1554 5244 1680 5338 reliqua
1694 5266 1783 5339 supp
1798 5239 1942 5316 iciorum

290 5338 522 5519 Dignum
546 5346 583 5421 dt
604 5348 726 5431 iulium
747 5345 795 5419 est
811 5338 962 5418 Domine
978 5341 1100 5414 Deus=
1147 5367 1273 5439 genera
1288 5345 1524 5418 linemiacicns
1540 5341 1714 5436 paffionis.
1745 5337 1802 5411 illa
1815 5337 1944 5412 etenim

409 5441 467 5533 qui
495 5459 564 5517 tam
589 5444 790 5533 prudentem
812 5440 984 5534 virginem
1008 5438 1091 5512 fidei
1139 5439 1262 5514 eculeo
1276 5439 1428 5534 impolita
1442 5435 1819 5533 cruciqueappenlaste
1834 5457 1940 5504 unum

224 5551 263 5625 50
292 5530 416 5609 sociata
432 5538 532 5631 apice
548 5536 657 5634 glorie
670 5535 896 5615 consecrastis
925 5533 988 5606 ribi
1014 5557 1090 5632 gra·
1140 5537 1175 5608 δι
1188 5561 1307 5611 verum
1334 5537 1445 5608 Deum
1471 5537 1504 5607 in
1533 5534 1702 5607 Trinitate
1725 5530 1867 5621 profella
1889 5527 1940 5600 est

291 5630 503 5731 tiasagere·
532 5635 581 5708 Ut
605 5656 778 5728 perquem
805 5631 890 5706 facia
918 5631 1098 5706 elimaret
1142 5633 1176 5704 in
1197 5657 1287 5709 voce
1314 5631 1370 5705 sue
1396 5631 1643 5706 confessionisr
1666 5629 1701 5699 dc
1732 5624 1939 5702 laudemini
1966 5625 2046 5702 '105

289 5726 428 5802 Marias
451 5732 554 5804 fieret
567 5751 700 5825 martyr
715 5725 865 5802 Eulaliar
890 5723 945 5800 illa
960 5728 1094 5822 parien-
1141 5729 1324 5805 lionorisr
1359 5731 1418 5801 Ob
1454 5731 1525 5802 hoc
1553 5748 1589 5801 te
1617 5723 1761 5822 petimus
1796 5725 1943 5794 immen-

290 5822 465 5898 diaffeciu
480 5822 562 5899 felix
577 5827 657 5901 silla
670 5824 857 5899 moriendi.
873 5821 932 5896 Illa
950 5821 1094 5917 implens
1140 5826 1173 5899 sa
1198 5829 1331 5901 bonitas
1358 5823 1485 5897 summe
1511 5824 1629 5894 Deus:
1652 5840 1693 5891 ut
1716 5818 1772 5912 qui
1795 5845 1871 5892 earn
1897 5817 1945 5889 de

271 5917 535 6025 ‘normannis
548 5923 723 6015 officioma
738 5922 796 6009 ilia
810 5922 945 6021 rapiens
968 5921 1091 6019 pallio·
1140 5941 1200 6003 tot
1226 5946 1390 6024 penarum
1427 5921 1612 6021 generibus
1647 5915 1852 6016 triumphare
1871 5914 1944 6086 ἑξ·

1574 6040 1582 6051 .
1850 6032 1882 6084 0
1935 6034 1952 6095 3
