4450 7209
220 725 430 895 finiendi
447 807 611 898 Iohannis
624 802 773 902 apostoli
792 802 846 879 tui
861 802 1022 910 ἅρπυ-
1069 800 1252 885 barrius·
1279 804 1417 882 Idcirco
1428 810 1720 887 oontnrhatasnnt
1734 812 1872 888 viscera
1907 838 1956 909 55

220 915 413 1016 gelistepec
427 904 890 984 multamricuhannorum
904 917 947 1006 tn·
959 921 1022 991 pa·
1069 919 1145 971 mea
1158 893 1260 992 super
1273 924 1353 973 eum
1367 950 1379 971 .
1400 904 1591 980 Misrrcbor
1602 909 1761 984 miserans
1774 917 1876 996 ciust

218 1038 263 1090 α
275 1017 311 1085 ἃ
323 987 1023 1103 ιηιηυϋῦηῑείαίόρεκωωῆἀεῐιρο·
1073 992 1123 1067 ait
1134 989 1300 1069 Dominus
1315 1001 1558 1094 omnipotens·
1582 1010 1774 1092 melnen.

223 1107 404 1205 phlomo.
429 1107 629 1192 potinem
1122 1088 1323 1178 Psalleado.
1347 1097 1397 1170 Ea
1424 1120 1487 1169 ore
1501 1097 1725 1175 infantium&
1743 1101 1876 1176 lacten·

173 1234 193 1302 5
271 1208 372 1275 uitat
387 1194 510 1271 nms.
532 1198 603 1271 Per
634 1189 905 1299 misericordiam·
930 1201 1024 1297 tuam
1076 1183 1164 1258 tium
1186 1187 1355 1279 perfecisti
1378 1188 1510 1268 laudem
1536 1213 1681 1302 propter
1715 1198 1874 1272 inimicos

221 1283 1022 1385 Densnosterqnieshenediiins&vtu1s&
1071 1298 1173 1356 tuos·
1198 1284 1245 1354 Ut
1274 1287 1422 1359 destruas
1452 1288 1622 1365 inimicum
1649 1294 1685 1364 dt
1713 1294 1877 1369 derenso-
1908 1302 1956 1369 60

226 1382 1026 1577 amn
1075 1375 1877 1491 a

228 1588 375 1685 spiritu.
397 1578 571 1655 Solemnia
589 1575 761 1672 completa
773 1573 851 1648 sunt
863 1574 899 1646 iu
914 1567 1028 1641 nomi·
1074 1587 1115 1642 tu
1130 1571 1298 1644 sandalii.
1321 1587 1368 1647 P.
1381 1580 1447 1649 Ut.

153 1711 200 1763 ro
227 1709 272 1756 ne
286 1679 427 1756 Domini
440 1675 634 1751 nostrilesu
652 1670 794 1757 Christi:
824 1688 944 1745 uotum
962 1686 1028 1736 no·
1123 1671 1304 1761 sequentia
1327 1668 1455 1766 epistole
1470 1675 1573 1749 Pauli
1586 1678 1735 1776 Apostoli
1760 1686 1802 1755 ad
1816 1689 1878 1753 co.
1941 1710 1944 1716 ·

223 1782 328 1853 arun
357 1779 399 1850 sst
422 1789 599 1867 acceptum
632 1787 842 1862 cumpace·
876 1759 1025 1861 1)qu
1074 1762 1242 1834 sinchius.
1267 1770 1412 1856 IJaDeo
1428 1773 1582 1866 gratias.
1712 1784 1877 1874 rucupi.
1907 1781 1953 1871 65

228 1875 381 1973 gram,
1162 1860 1308 1931 Rarres·
1334 1864 1453 1940 Gratia
1481 1870 1581 1942 vobis
1609 1882 1646 1950 δι
1675 1874 1876 1967 paaneo

1161 1958 1275 2067 -Patre
1292 1963 1407 2035 nostro
1420 1967 1455 2036 δι
1469 1966 1623 2045 Domino
1631 1969 1706 2048 Jesu
1718 1972 1873 2043 Christo.

271 2066 326 2141 ΙΝ
360 2062 550 2143 NATALE
575 2050 994 2137 m-1NNocuNTuM.
1075 2053 1279 2127 Benedrdus
1296 2056 1390 2133 Deus
1417 2061 1452 2130 ἃ
1476 2062 1579 2138 Pater
1605 2066 1747 2140 Domini
1772 2066 1881 2140 nostri

156 2193 201 2268 15
1072 2146 1150 2224 iesu
1179 2150 1303 2224 Chrisii
1331 2157 1475 2230 a-Pater
1509 2158 1817 2240 misericordiarum
1843 2163 1880 2234 δι

424 2261 487 2334 Α
498 2257 654 2348 Missam,
665 2252 809 2346 officim
825 2301 838 2325 .
1076 2242 1172 2355 Deus
1186 2246 1294 2320 totius
1310 2251 1556 2327 consolationis
1572 2286 1582 2328 e
1608 2261 1664 2352 qui
1677 2255 1876 2334 consolatur
1909 2268 1955 2358 70'

336 2356 416 2433 Abo
429 2353 549 2429 sanctis
573 2354 657 2428 meis
687 2349 827 2448 primam
851 2345 1028 2419 samonem
1076 2362 1187 2412 notin
1205 2345 1296 2416 omni
1314 2347 1535 2422 tribulatione
1560 2358 1693 2429 nostrae
1721 2355 1881 2449 utpoffi·

231 2353 326 2535 D
352 2448 510 2536 alleluiae
534 2450 568 2521 in
585 2447 831 2524 resurredlione
852 2463 970 2517 eterna
992 2438 1030 2507 δί
1079 2439 1276 2536 mu³&ipfi
1290 2441 1463 2518 consolari
1482 2452 1611 2543 eosqui
1626 2453 1663 2524 in
1678 2449 1881 2546 omnipres·

231 2549 410 2641 exquiram
424 2546 501 2622 illos
515 2548 549 2620 in
567 2547 694 2646 gaudio
707 2566 789 2618 men
805 2574 814 2613 =
829 2543 864 2612 δι
877 2537 936 2613 lux
950 2561 1028 2633 per·
1076 2532 1155 2605 sura
1169 2533 1267 2649 sunta
1294 2565 1355 2636 per
1368 2544 1649 2621 exhortationem
1666 2572 1732 2642 qua
1746 2549 1880 2622 exhor·

154 2673 203 2729 ιο
232 2643 474 2743 petualucebit
489 2638 623 2733 alleluja
639 2671 650 2712 a
669 2642 704 2712 δι
716 2638 884 2713 eternitas
895 2654 1030 2730 ternpo-
1076 2631 1201 2704 mur&
1226 2637 1287 2729 spu
1310 2663 1328 2710 a
1345 2638 1449 2708 Deo·
1475 2643 1646 2730 Quoniam
1673 2648 1756 2720 sicut
1771 2649 1880 2720 abun·

152 2739 163 2837 ἶ
232 2762 308 2818 rum
324 2758 506 2837 preparata
519 2740 566 2811 eli
579 2737 712 2822 alleluia
725 2727 941 2820 alleluia-ri·
953 2733 1030 2805 Do·
1078 2727 1164 2835 dani
1177 2734 1343 2818 passiones
1356 2735 1479 2808 Christi
1494 2739 1528 2809 in
1545 2741 1665 2813 nohis:
1687 2741 1733 2814 ita
1757 2745 1794 2814 δι
1816 2766 1878 2836 per
1910 2763 1954 2844 75

236 2837 327 2913 mine
342 2837 484 2930 probasii
501 2837 600 2928 mel&
614 2834 811 2930 cognovisti
822 2851 876 2905 me
891 2853 901 2894 a
917 2848 955 2899 tu
971 2849 1033 2901 co-
1079 2821 1249 2901 Chrtsium
1261 2832 1412 2904 abundet
1427 2834 1615 2909 consolatio
1638 2841 1771 2913 nostra.
1796 2840 1880 2912 Sive
1944 2834 1948 2841 ’

234 2933 378 3034 gnovisii
396 2930 569 3008 l'effionem
581 2953 687 3004 meam
702 2934 737 3002 ἃ
751 2924 1031 3001 τείυτῐεᾶίοηεω
1080 2937 1195 3005 autem
1211 2922 1431 2999 tribulamur:
1460 2955 1526 3026 pro
1540 2930 1883 3024 vistrajexhortatio·

233 3052 364 3105 meam.
383 3040 427 3099 P.
441 3029 483 3101 Et
499 3027 556 3100 lux
578 3045 770 3121 perpetua.
796 3024 845 3113 rh.
860 3019 981 3093 Gloria
996 3022 1031 3091 ἃ
1080 3039 1122 3086 ne
1135 3018 1170 3087 dt
1186 3016 1316 3093 salute·
1339 3023 1420 3099 Sive
1448 3025 1659 3103 consolamur
1677 3055 1746 3141 pro
1767 3032 1882 3104 vestra

156 3153 202 3227 ²5
233 3127 348 3201 honor
359 3124 450 3202 Patri
465 3125 500 3196 δι
523 3121 667 3197 Filio&
687 3120 830 3219 Spiritui
857 3115 983 3190 Sandio
994 3113 1031 3190 in
1078 3111 1339 3188 consolatione.
1354 3120 1436 3190 Sive
1450 3124 1675 3198 exhortamur
1688 3150 1755 3220 pro
1769 3131 1881 3201 vesira

156 3225 159 3229 ’
235 3219 343 3297 secula
371 3217 563 3297 seculorum
592 3243 689 3294 atnen
702 3264 722 3312 ·.
736 3227 780 3290 P.
793 3216 835 3291 Et
848 3210 935 3287 lux.
1081 3208 1321 3321 exhortatione
1343 3216 1378 3285 δι
1392 3211 1523 3291 salutes
1550 3244 1615 3314 que
1638 3241 1801 3317 operatur
1812 3222 1883 3298 tol·
1913 3227 1956 3300 io'

1078 3300 1257 3381 lerantsam
1285 3313 1466 3387 earundem
1489 3318 1676 3410 paffionum
1701 3342 1818 3413 aquas
1845 3323 1883 3392 δι

572 3418 714 3493 oratio}
1077 3426 1143 3516 nos
1159 3407 1324 3504 patimure
1351 3412 1386 3481 ἃ
1400 3410 1475 3504 spes
1490 3416 1602 3488 nostra
1615 3416 1709 3489 firma
1723 3439 1792 3510 pto
1809 3441 1881 3490 vo·

334 3515 427 3593 οᾱῑς
442 3514 537 3589 nobis
561 3516 735 3589 thes2urus
749 3530 845 3588 „atus
871 3511 940 3583 est.
967 3518 1030 3606 Re·
1078 3502 1157 3574 bis·
1183 3505 1335 3578 scientes
1352 3507 1511 3599 quoniam
1531 3511 1615 3583 licut
1643 3511 1725 3586 socii
1753 3514 1881 3606 pallio·¹

158 3641 206 3715 30
354 3617 454 3782 paine
470 3629 561 3687 retro
584 3617 618 3683 in
634 3611 770 3708 hicanis
785 3610 943 3685 uomina·-
962 3607 1027 3701 fol.
1078 3621 1158 3675 uum
1172 3603 1247 3679 estis
1261 3625 1271 3672 a
1287 3604 1331 3681 iic
1350 3603 1448 3680 eritis
1463 3606 1500 3679 &
1517 3603 1783 3690 onsolstiosis.

234 3718 399 3801 XXXVI·
849 3741 852 3749 ¹
1130 3707 1329 3790 lihdmen.
1559 3717 1570 3727 ’·
1747 3730 1753 3736 ·
1915 3710 1956 3805 ⁸5

284 3801 937 3905 LepmlpmgaenmfeImpune,134
952 3806 1033 3880 Deo
1129 3801 1239 3874 reuss
1256 3803 1366 3876 Sandis·
1387 3808 1563 3905 Evangelii
1582 3804 1761 3902 seeundum
1790 3820 1885 3884 Mar·

226 3906 391 4004 muas,
868 3912 1033 4003 sapJffl,
1081 3891 1222 4010 iheum·-
1681 3906 1885 4007 XVIII.st

340 4003 383 4078 Ec
397 3999 477 4072 dicit
492 3996 803 4075 DomanS.V01ln
818 4003 923 4076 Rama
937 4001 1033 4078 audi.
1133 3994 1165 4063 N
1179 3994 1296 4068 diebus
1309 3995 1373 4071 lllld
1392 4030 1403 4071 i
1433 3999 1538 4077 Obldti
1551 4003 1627 4078 sulit
1642 4006 1802 4080 Domino
1819 4024 1884 4080 no'·

160 4124 204 4201 35
360 4118 396 4172 ta
420 4096 490 4167 est:
522 4094 774 4169 lamentationis
803 4098 902 4172 fletus
930 4101 964 4170 δι
982 4095 1034 4171 Ιιι.
1155 4090 1301 4173 strolesu
1317 4095 1623 4194 Chrisioparvulia
1644 4119 1809 4175 utmanus
1832 4102 1882 4174 eis
1950 4130 1953 4136 ·

237 4202 337 4274 fluas
367 4191 520 4290 ploratur
532 4192 567 4262 ἃ
580 4187 724 4266 ululatus
738 4191 884 4270 multus·
904 4190 1033 4267 Rachel
1083 4206 1257 4288 ponerets
1283 4194 1319 4265 du
1346 4214 1464 4269 oraret
1479 4242 1490 4264 .
1508 4193 1674 4291 Discipuli
1700 4218 1816 4272 autem
1831 4201 1885 4274 in·
1915 4215 1956 4290 90

238 4293 375 4391 plorans
388 4286 477 4364 filios
490 4287 592 4362 suos:
620 4292 656 4362 δι
673 4286 785 4364 noluit
801 4288 970 4365 consolari
982 4289 1035 4363 su·
1082 4284 1263 4382 crepabant
1288 4311 1347 4359 eoa
1361 4336 1373 4358 ·
1389 4289 1481 4368 lesus
1497 4315 1585 4366 vero
1607 4295 1653 4365 ait
1669 4294 1744 4367 eiua
1776 4297 1881 4369 finite

237 4410 376 4488 petens
397 4385 476 4478 quia
504 4406 571 4455 non
598 4387 697 4459 sunt.
720 4387 796 4461 Hec
811 4384 896 4459 dicit
911 4386 1035 4459 Domi·
1082 4378 1270 4482 parvulose
1294 4387 1330 4455 dt
1344 4383 1453 4461 nolite
1467 4411 1528 4461 eos
1557 4388 1742 4483 prohibere
1763 4397 1809 4468 ad
1826 4416 1882 4466 me

237 4510 324 4562 nus.
348 4479 508 4574 Quiescat
523 4502 596 4552 vox
612 4500 669 4556 tua
684 4509 702 4556 a
718 4478 882 4574 ploratus
908 4485 944 4554 dt
956 4505 1036 4557 ocu·
1083 4477 1222 4552 ueniret
1246 4476 1364 4551 talium
1378 4484 1425 4554 all
1445 4484 1535 4559 enim
1550 4508 1690 4583 regnunt
1704 4485 1856 4562 celorum
1872 4537 1887 4562 .

158 4608 211 4687 40
240 4581 331 4658 litui
354 4608 375 4656 2
398 4574 589 4652 lachrimise
613 4601 678 4672 que
705 4578 754 4649 eli
780 4599 910 4653 merces
937 4579 1035 4674 operi
1084 4578 1129 4650 Et
1142 4595 1218 4647 curn
1231 4574 1437 4670 imposuisset
1448 4580 1497 4651 eis
1512 4605 1644 4655 manase
1676 4583 1761 4657 abiit
1777 4582 1886 4660 inde.
1944 4608 1948 4618 ·

165 4762 169 4769 Ι
241 4700 305 4757 tuo
318 4706 329 4751 a
344 4677 390 4752 ait
402 4673 590 4749 Dominus.
607 4675 651 4747 Et
676 4678 948 4750 reuertenturde
962 4692 1034 4749 ter·
1083 4674 1124 4744 In
1137 4668 1193 4744 illa
1206 4672 1294 4746 hora
1315 4676 1519 4749 accesserunt
1541 4674 1696 4773 discipuli
1717 4681 1758 4754 ad
1771 4682 1886 4759 ,lesum
1915 4685 1956 4775 95

239 4802 280 4854 sa
301 4769 449 4849 inimici.
473 4769 516 4843 Et
537 4770 605 4844 erit
627 4770 702 4866 spes
730 4768 916 4846 noviffimis
945 4771 1035 4850 tuias
1084 4769 1257 4844 dicentes.
1286 4773 1372 4859 Qis
1399 4792 1497 4866 putas
1511 4779 1621 4859 major
1647 4776 1742 4849 estin
1767 4803 1883 4878 regno

240 4874 290 4952 ait
306 4868 472 4946 Dominam
491 4913 502 4936 .
523 4863 566 4939 Et
590 4884 811 4942 revertentur
830 4864 893 4943 liiii
915 4867 966 4937 tui
993 4868 1035 4938 ad
1085 4860 1268 4938 celorum.
1295 4866 1337 4940 Et
1361 4869 1533 4945 advocans
1553 4870 1643 4952 lesus
1681 4872 1887 4967 parvulumt

242 4967 410 5044 terminos
433 4963 511 5038 suos
536 5009 548 5030 ·
576 4963 729 5039 Audiens
754 4964 869 5038 audiui
901 4962 1035 5039 Effraim
1085 4961 1199 5035 slatuit
1224 4985 1300 5035 eum
1324 4962 1359 5033 in
1384 4968 1501 5041 medio
1527 4990 1669 5045 eorum·
1699 4973 1744 5044 Et
1772 4973 1889 5046 dixit.

157 5089 207 5168 ης
239 5062 544 5159 transmigrantem·
578 5059 755 5156 castigasti
767 5085 821 5135 me
835 5066 869 5135 δι
886 5060 1037 5133 eruditus
1088 5062 1202 5132 Amen
1216 5058 1298 5134 dico
1311 5059 1435 5135 vobisc
1468 5064 1529 5135 nifi
1543 5067 1701 5142 conversi
1717 5069 1856 5143 fueritis
1874 5097 1886 5140 a

159 5150 167 5168 ⁴
238 5161 335 5239 suma
362 5159 450 5257 quasi
473 5154 673 5244 juvenculus
690 5154 723 5228 in
738 5158 892 5233 domibus
910 5202 920 5224 .
940 5159 1036 5229 Con·
1087 5153 1326 5230 &efficiamini
1348 5157 1432 5253 ficut
1459 5158 1615 5255 paruuli:
1640 5185 1712 5238 non
1737 5163 1889 5239 intrabi·
1925 5190 1956 5242 1<

238 5276 425 5336 wmemet
454 5254 490 5327 δι
516 5272 696 5327 revertare
725 5251 806 5343 quia
836 5271 873 5325 tu
885 5275 922 5324 ea
941 5253 1037 5326 Deus
1086 5250 1132 5323 tis
1147 5249 1181 5322 in
1196 5274 1337 5349 regnum
1351 5250 1501 5329 celorum
1518 5303 1529 5325 .
1547 5257 1752 5355 Qicunque
1776 5263 1890 5337 humi·

238 5380 358 5435 meua·
388 5350 565 5443 Pollquam
580 5349 667 5422 enim
676 5346 875 5422 convertisti
889 5373 963 5422 mes
979 5350 1037 5446 egi
1085 5343 1224 5422 liaverit
1240 5348 1274 5422 se
1294 5350 1378 5422 sicut
1395 5350 1554 5445 parvulus
1572 5354 1655 5427 isle:
1687 5356 1742 5429 hic
1755 5361 1801 5432 est
1818 5383 1891 5432 ma·

239 5448 489 5555 penitentiama
506 5448 731 5543 &postquam
748 5443 916 5517 ostendisti
929 5445 1037 5518 mihis
1085 5446 1144 5526 iot
1161 5441 1194 5513 in
1210 5468 1321 5542 regno
1343 5447 1522 5522 celorum
1546 5452 1589 5524 Et
1612 5449 1670 5544 qui
1697 5452 1787 5526 susce
1836 5459 1886 5530 rit

164 5572 211 5650 50
241 5550 383 5653 percuti]
410 5548 517 5621 femur
555 5565 688 5619 meum.
710 5539 883 5615 Confusus
906 5540 976 5617 sum
1000 5541 1043 5631 ἃ
1086 5533 1265 5634 parvulum
1283 5538 1763 5622 talaminnominemeoente
1792 5551 1890 5625 usce-

239 5646 360 5725 erubui
374 5672 385 5717 a
399 5641 560 5742 quoniam
577 5637 711 5713 suliinui
724 5637 942 5735 obprobrium
955 5638 1040 5712 ado·
1088 5636 1160 5731 pit.
1184 5638 1253 5718 Qui
1278 5657 1388 5713 autem
1418 5641 1694 5722 scandalizaverit
1718 5670 1820 5722 unum
1842 5652 1888 5722 de
1927 5671 1956 5723 κ

242 5741 403 5821 lesccntle
417 5761 491 5812 mee
507 5762 518 5806 r
547 5737 573 5810 n
604 5735 693 5812 filius
709 5758 803 5807 meus
820 5732 1039 5811 'honorahihs
1089 5730 1214 5826 pusillis
1228 5733 1295 5805 iliis
1309 5739 1368 5826 qui
1382 5736 1416 5808 in
1429 5764 1482 5816 me
1498 5736 1668 5813 ciedunte
1695 5747 1837 5839 expedit
1852 5746 1890 5818 ei

242 5838 327 5919 mihi
355 5835 487 5915 hanins
505 5860 515 5902 a
540 5835 565 5908 si
598 5856 682 5931 puer
711 5831 872 5906 delicatus
887 5830 1040 5925 aquia„
1089 5844 1127 5900 ut
1139 5828 1358 5926 suspendatur
1371 5834 1460 5911 mola
1476 5837 1614 5909 asinaria
1628 5839 1661 5909 in
1675 5835 1773 5914 eollo
1787 5848 1887 5927 eiuse

240 5956 372 6039 „quo
399 5930 534 6011 loeutus
560 5930 634 6013 sum
654 5930 737 6011 Deo
752 5929 860 6012 adhue
880 5931 1042 6013 rxotda-
1088 5926 1355 6027 &demergatur
1382 5931 1416 6008 in
1443 5934 1652 6030 profundum
1674 5935 1773 6016 maris
1788 5938 1891 6105 ,ἀνί-

1831 6053 1893 6110 eie
