4450 7209
287 734 358 808 144
477 701 619 779 FERIA
642 700 845 795 QARTA
872 697 1117 776 DOMINICR
1142 698 1323 794 QJINTE
1342 696 1757 789 QIADRAGESIMEJ

282 805 454 914 Ingressus
480 801 694 898 itaqueloab
716 800 758 875 ad
771 800 906 898 Regem
923 826 932 870 a
951 798 1093 873 nuncia·
1145 802 1280 874 cebant:
1297 799 1361 871 hec
1378 804 1487 874 verba
1502 824 1572 874 non
1587 800 1664 875 sunt
1679 789 1881 874 demonium
1896 792 1964 873 ba·
1995 815 2029 895 η

286 908 386 988 vitei
404 902 542 981 omnia·
558 898 774 992 Vocatusque
793 899 841 969 est
858 895 1011 970 Absalon
1030 900 1091 971 a&
1145 897 1255 973 bentis
1270 899 1442 994 Numquid
1459 899 1653 973 demonium
1667 898 1781 995 potell
1793 918 1961 973 cecorum

285 1007 432 1085 intravit
449 1002 491 1075 ad
505 998 713 1096 Regemr&
737 994 897 1070 adoravit
919 993 1019 1093 super
1043 995 1097 1070 sa·
1145 997 1268 1072 oculos
1283 997 1417 1092 aperire
1431 1001 1447 1066 ἒ
1461 993 1654 1071 Fauasunt
1671 1016 1787 1071 autem
1812 993 1960 1071 encenia

283 1110 371 1183 ciem
384 1121 479 1176 terre
495 1121 612 1171 coram
628 1119 685 1170 eor
700 1091 936 1187 osculatusque
952 1095 1000 1168 est
1017 1094 1097 1167 Rex
1147 1096 1181 1168 in
1197 1092 1452 1191 Hierosolymis
1467 1098 1502 1166 δι
1515 1097 1637 1189 hyems
1650 1114 1736 1171 erat.
1750 1094 1793 1167 Et
1807 1090 1961 1170 ambula·

235 1218 252 1289 5
285 1199 438 1279 Absalon
453 1211 504 1287 132·
517 1201 627 1267 Amen
642 1243 654 1265 ·
1144 1193 1302 1275 batlesus
1315 1195 1349 1266 in
1369 1189 1501 1290 templo
1515 1193 1549 1265 in
1560 1193 1732 1289 porticum
1746 1188 1956 1268 Salomonis.

333 1303 436 1372 Dicat
453 1289 603 1365 Presbir.
615 1291 786 1369 Dominus
813 1289 858 1364 sit
870 1287 1007 1391 semper
1027 1309 1095 1363 vo·
1144 1291 1456 1368 Circumdederunt
1478 1315 1570 1389 ergo
1595 1290 1790 1369 eumludei
1814 1291 1852 1363 m
1869 1292 1963 1366 dice·
1987 1294 2027 1365 6·

286 1400 436 1474 bissum·
454 1404 503 1484 132·
521 1393 653 1467 Etcum
669 1440 680 1462 .
1145 1392 1227 1465 baut
1241 1392 1275 1465 ei
1288 1440 1300 1463 .
1313 1390 1503 1484 Quousque
1516 1390 1663 1464 animam
1680 1390 1830 1463 nollram
1844 1385 1961 1462 tollis?

608 1537 746 1611 mam
1144 1488 1182 1562 si
1210 1508 1248 1563 tu
1272 1514 1310 1563 es
1327 1488 1480 1563 Christus
1497 1487 1575 1563 :dic
1607 1486 1709 1563 nobis
1737 1480 1874 1583 palam.
1890 1488 1962 1560 Rev

758 1583 769 1606 '
1143 1583 1287 1683 spondit
1313 1586 1363 1660 eis
1374 1586 1466 1672 lesus
1483 1633 1493 1656 .
1509 1587 1654 1679 Loquor·
1679 1585 1783 1663 vobis
1800 1587 1862 1657 a&
1884 1607 1958 1659 non

1144 1686 1285 1763 creditis
1300 1731 1311 1755 ·
1324 1687 1445 1784 Opera
1458 1704 1525 1779 que
1544 1707 1616 1781 ego
1643 1682 1735 1758 facio
1762 1681 1957 1757 innomine

1145 1784 1251 1878 patris
1267 1785 1334 1858 mei
1350 1812 1360 1853 s
1376 1786 1442 1856 hec
1463 1779 1696 1856 testimonium
1711 1777 1899 1877 perhibent
1914 1780 1958 1854 dc
1986 1781 2024 1877 65

1144 1904 1202 1955 me
1217 1929 1229 1953 .
1244 1882 1312 1957 Sed
1329 1906 1394 1958 vos
1410 1903 1479 1953 non
1502 1877 1647 1955 creditis
1663 1906 1673 1950 r
1689 1878 1768 1975 quia
1794 1901 1866 1953 nou
1882 1878 1959 1953 eslis

1139 2002 1186 2053 er
1201 1981 1325 2055 ovibus
1343 1978 1438 2055 meisa
1450 1986 1537 2053 ovec'
1550 2000 1626 2055 ntee
1640 1998 1768 2053 vocem
1779 1997 1963 2051 meamau·

1139 2078 1238 2152 diunt
1252 2106 1261 2152 s
1274 2081 1310 2152 dt
1324 2076 1506 2177 cognosco
1534 2099 1591 2149 ear
1608 2077 1644 2149 bt
1668 2074 1857 2172 sequuntur
1871 2095 1955 2149 met

1136 2178 1171 2248 dt
1184 2200 1255 2274 ego
1270 2178 1377 2253 vitam
1389 2197 1545 2250 eternam
1560 2174 1611 2249 do
1623 2172 1697 2246 eise
1717 2176 1753 2248 bt
1769 2196 1844 2249 nou
1856 2171 1956 2267 peri·

1139 2276 1225 2349 bunt
1251 2276 1285 2349 in
1311 2274 1544 2350 eternumr&
1574 2296 1645 2348 non
1662 2270 1755 2366 rapit
1772 2294 1831 2345 eat
1858 2268 1957 2367 quih-
1984 2296 2025 2375 70

1138 2396 1237 2467 quam
1265 2372 1309 2444 de
1325 2397 1423 2447 manu
1439 2396 1537 2446 mea·
1554 2374 1659 2447 Pater
1671 2394 1765 2445 meus
1782 2375 1879 2466 quod
1893 2372 1958 2443 de·

1140 2471 1192 2544 dit
1206 2470 1289 2544 mihi
1306 2497 1316 2539 ι
1331 2477 1435 2559 majus
1448 2470 1606 2545 omuibus
1631 2469 1680 2543 esi
1693 2493 1704 2538 a
1716 2474 1753 2545 bc
1775 2491 1875 2544 uento
1888 2493 1955 2564 po·

1142 2572 1208 2645 tesl
1221 2592 1340 2665 rapere
1353 2574 1397 2646 de
1411 2592 1511 2645 manu
1527 2565 1635 2663 patris
1651 2567 1719 2642 mei
1730 2616 1742 2640 .
1753 2566 1835 2663 Ego
1845 2569 1882 2641 δι
1896 2592 1957 2664 pa·

398 1742 564 1816 Uncecce
584 1730 746 1809 derident
773 1756 827 1807 me
845 1729 973 1806 inimici
1001 1727 1093 1807 meir

400 1862 487 1911 nunc
503 1836 536 1908 in
550 1854 672 1909 eorum
689 1832 856 1905 canticum
874 1829 993 1905 versus
1008 1828 1093 1902 sume

282 1936 530 2010 abominantur
554 1956 608 2009 me
631 1960 641 1999 r
670 1929 828 2026 &longe
842 1929 984 2029 fugiunt
999 1953 1019 2001 a
1035 1949 1090 2001 me

281 2040 319 2110 dr
333 2034 453 2110 faciem
466 2056 577 2110 meant
593 2028 784 2124 conspuere
800 2050 873 2103 non
898 2041 1090 2100 verentur.

281 2128 329 2231 pl.
343 2131 399 2205 Ad
413 2134 590 2206 dexteram
601 2123 804 2201 calamitatis
820 2148 898 2198 mee
910 2123 1004 2199 illico
1018 2122 1090 2196 sur·

210 2194 253 2267 ¹5
280 2248 462 2308 rexerunt:
478 2230 582 2327 pedes
595 2248 691 2300 meos
706 2222 960 2298 subverterunt:
976 2225 1011 2294 δι
1023 2243 1089 2320 op·

280 2331 472 2428 presserunt
498 2326 588 2424 qu'asr
613 2319 771 2396 fludibus
799 2322 933 2395 senuas
962 2343 1054 2396 meas
1076 2365 1088 2391 .

281 2425 333 2527 ἦ.
345 2428 570 2524 Quapropter
585 2422 618 2494 in
637 2438 769 2513 memet
780 2419 857 2515 ipso
875 2419 998 2494 arescit
1013 2417 1089 2491 ani·

281 2548 423 2604 mamea
437 2527 496 2599 e&
510 2520 681 2619 possident
697 2542 751 2592 me
765 2518 838 2591 dies
861 2514 1059 2594 afflictionis
1076 2562 1089 2588 .

333 2627 436 2695 Dicar
448 2617 600 2696 Pressit.
615 2617 798 2691 Silentium
814 2616 940 2690 facite.

206 2683 257 2738 ιο
1143 2686 1199 2741 ter
1222 2694 1324 2743 unum
1354 2668 1466 2740 sumus
1484 2662 1721 2741 ·Suslulerunt
1753 2662 1955 2759 lapideslu·

333 2770 514 2866 Sequentia
550 2760 680 2863 epistole
710 2762 875 2853 &ohannis
899 2757 1055 2857 Apostoll
1082 2807 1093 2831 ·
1144 2766 1200 2838 dei
1215 2793 1225 2835 a
1241 2787 1280 2839 ut
1300 2763 1490 2862 lapidarent
1507 2788 1585 2842 eum
1600 2812 1611 2833 ·
1627 2761 1821 2858 Respondit
1837 2764 1953 2843 risle·
1984 2788 2022 2867 75

283 2868 426 2961 &Deo
442 2863 598 2966 gratias·
908 2867 937 2930 Ι.
955 2866 1029 2957 cap.
1046 2864 1094 2928 ΙΙ.
1145 2862 1199 2935 suc
1216 2861 1351 2937 ,Multa
1365 2864 1456 2937 bona
1474 2887 1580 2959 opera
1595 2861 1725 2936 ostendi
1743 2860 1847 2936 vobis
1860 2887 1879 2935 a
1892 2888 1955 2959 pa·

1145 2978 1201 3036 tre
1219 2984 1312 3035 meos
1323 2979 1472 3058 propter
1484 2965 1579 3057 quod
1595 2982 1683 3053 opus
1698 2982 1751 3033 me
1765 2956 1922 3053 lapidatis
1937 2964 1955 3032 l

284 3060 558 3247 CHarisfimi
587 3104 600 3129 .
621 3055 706 3135 Non
735 3081 869 3135 novum
894 3055 1094 3133 mandatum
1145 3055 1415 3154 Responderunt
1428 3084 1516 3157 ergo
1527 3057 1717 3144 ludei.De
1733 3060 1832 3133 bono
1846 3081 1956 3153 opere

207 3179 253 3250 25

283 3284 307 3356 s

395 3161 508 3237 scribo
520 3154 621 3237 vobis
635 3185 646 3230 s
661 3156 717 3232 sed
744 3159 938 3235 mandatum
965 3171 1093 3231 retusa
1143 3180 1215 3234 uon
1233 3156 1420 3254 lapidamus
1435 3177 1472 3230 te
1496 3186 1506 3227 a
1531 3159 1589 3229 sed
1604 3156 1649 3227 de
1663 3152 1897 3251 blasphemia.
1912 3156 1955 3231 Et

308 3262 379 3333 uod
392 3258 551 3335 habuistis
569 3257 610 3331 ab
628 3255 732 3332 initio
749 3257 974 3334 Mandatum
990 3272 1092 3329 vetus
1144 3256 1223 3354 quia
1238 3276 1275 3331 tu
1289 3259 1391 3333 homo
1403 3280 1479 3333 eum
1491 3255 1532 3329 lis
1543 3284 1552 3326 ι
1564 3254 1646 3331 sacis
1659 3273 1694 3328 te
1709 3254 1821 3351 ipsum
1831 3255 1957 3333 Deum
1982 3260 2020 3336 80

283 3358 332 3430 eh
359 3359 505 3434 verbum
520 3355 615 3453 quod
629 3353 786 3431 audistis.
802 3357 931 3435 Iterum
955 3354 1094 3428 manda·
1145 3355 1340 3450 Respondit
1358 3353 1686 3431 eislesus.Nonne
1715 3352 1880 3448 scriptum
1908 3355 1966 3427 est·

283 3473 358 3529 tum
375 3479 504 3531 novum
530 3454 642 3531 scribo
658 3453 763 3534 vobis
790 3457 883 3550 quod
898 3452 946 3526 est
972 3473 1094 3527 verum
1142 3454 1179 3529 in
1194 3451 1276 3550 lege
1294 3456 1405 3530 vestra
1423 3454 1527 3547 aquia
1543 3476 1614 3551 ego
1628 3450 1701 3524 dixi
1716 3450 1779 3538 Dij
1796 3448 1875 3527 effic
1889 3455 1906 3522 i
1920 3451 1957 3527 Si

283 3554 320 3625 ἃ
337 3553 370 3624 in
401 3555 523 3652 ipso&
551 3553 586 3625 in
612 3552 921 3653 nobisiQoniam
948 3551 1092 3622 tenebre
1142 3551 1222 3629 illos
1235 3551 1327 3628 dixit
1341 3554 1438 3628 Deos
1464 3551 1508 3626 ad
1521 3574 1609 3646 quos
1625 3549 1738 3625 sermo
1755 3548 1823 3621 Dei
1842 3546 1955 3623 famus

206 3672 255 3746 30
283 3652 489 3727 transerunt
510 3653 571 3725 r&
588 3649 703 3727 lumen
718 3676 841 3728 verum
870 3654 938 3736 iam
968 3646 1091 3720 lucet·
1141 3654 1212 3726 ella
1229 3654 1264 3726 dc
1291 3676 1361 3726 non
1379 3652 1492 3746 potest
1519 3646 1606 3725 solvi
1632 3647 1827 3745 scriptura:
1852 3666 1954 3733 quem

282 3750 353 3839 Qui
381 3751 466 3824 dicit
490 3747 526 3821 se
548 3748 583 3821 in
616 3747 691 3823 luce
706 3753 771 3823 esse
792 3750 828 3820 δι
844 3749 986 3824 fratrem
997 3746 1092 3823 suunt
1142 3767 1245 3847 pater
1261 3748 1488 3824 sandificavit
1506 3773 1516 3816 r
1533 3749 1569 3822 δι
1596 3746 1687 3820 mitit
1702 3748 1738 3819 in
1752 3742 1956 3824 usnemun·
1987 3753 2026 3846 85

281 3847 356 3921 odit
380 3877 391 3918 e
416 3848 450 3922 in
481 3846 633 3923 tenebris
662 3849 828 3944 estusque
845 3845 959 3923 adhuc
973 3892 984 3914 .
999 3844 1092 3920 Nam
1142 3851 1222 3923 dum
1234 3897 1245 3920 .
1257 3850 1331 3923 Vos
1345 3844 1458 3922 dicitis
1471 3846 1548 3939 quia
1562 3842 1772 3941 blasphemas
1785 3870 1795 3913 r
1808 3843 1887 3938 qula
1904 3849 1956 3923 di·

281 3947 341 4042 qui
354 3945 472 4046 diligit
487 3947 629 4021 fratrem
642 3945 737 4023 suum
750 3947 787 4020 in
810 3946 937 4023 lumine
952 3962 1067 4019 manet
1080 3972 1091 4015 a
1141 3951 1177 4026 xi
1195 3944 1285 4021 filius
1296 3947 1365 4022 Dei
1381 3948 1450 4024 sum
1464 3992 1474 4016 .
1487 3945 1524 4019 si
1539 3968 1608 4017 non
1623 3943 1713 4018 facio
1723 3966 1831 4039 opera
1844 3946 1953 4041 patris

280 4044 525 4122 &scandalum
541 4046 575 4120 ln
590 4070 633 4119 eo
645 4072 715 4121 non
733 4047 865 4139 euQi
881 4064 996 4121 autem
1012 4043 1092 4117 odit
1141 4045 1208 4120 mei
1224 4073 1234 4114 r
1248 4043 1361 4119 nolite
1388 4048 1531 4122 credere
1545 4041 1626 4116 mihi
1645 4069 1655 4112 r
1673 4042 1697 4115 sr
1713 4061 1831 4119 autem
1862 4045 1955 4122 facio

206 4159 252 4238 35
283 4142 424 4218 fratrem
438 4145 532 4221 suum
547 4172 556 4215 ι
569 4146 605 4221 in
620 4145 773 4219 tenebris
790 4148 838 4218 est
854 4172 864 4214 r
879 4146 916 4217 dl
940 4142 974 4215 in
992 4160 1091 4215 tene·
1141 4151 1179 4221 dt
1196 4143 1283 4216 mihi
1297 4168 1366 4218 non
1381 4141 1487 4217 vultis
1502 4141 1826 4235 credereroperibus
1839 4146 1953 4218 credi·

283 4239 353 4314 bris
368 4241 519 4317 ambulat
548 4242 708 4316 &nescit
735 4266 808 4336 quo
835 4239 1089 4336 cataquoniam
1142 4263 1180 4319 te
1196 4240 1492 4338 :utcognoscatis
1508 4238 1706 4315 &credatis
1733 4239 1812 4338 quia
1837 4239 1871 4315 iu
1896 4270 1952 4323 me
1986 4266 2031 4339 po

211 4336 216 4349 '
279 4338 425 4414 tenebre
442 4341 704 4416 obcecaverunt
718 4337 841 4413 oculos
856 4338 1090 4424 eiuc.Scribo
1139 4343 1481 4439 estpater&ego&
1499 4341 1533 4416 in
1549 4358 1676 4433 patre.
1807 4388 1810 4394 -

280 4434 382 4513 hobis
398 4434 500 4513 lilioli
514 4466 524 4508 r
540 4437 706 4533 quoniam
733 4439 959 4513 remittuntur
987 4435 1089 4509 vobis
1144 4445 1316 4528 132.Amen
1332 4486 1342 4509 .

282 4553 425 4633 peccata
437 4556 585 4634 propter
596 4558 721 4612 nomen
733 4540 808 4624 ejus
821 4584 831 4608 .
846 4540 1043 4632 nahmen.
1193 4541 1296 4612 Dicat
1308 4534 1458 4616 Pressit.
1471 4538 1646 4616 Dominus
1661 4539 1703 4616 fit
1731 4536 1877 4640 semper·
1891 4565 1957 4642 vq-

203 4656 255 4734 40
332 4681 446 4757 neseio
452 4684 564 4777 fiendi
575 4680 757 4783 Evangelii
772 4683 951 4776 secundum
963 4679 1095 4776 Julian·
1143 4638 1303 4832 bisqqu}
1317 4760 1396 4812 cum

231 4817 252 4846 .·
283 4803 385 4856 nem·
970 4792 1094 4882 (Μ
1192 4784 1957 4943 LeiudaAEripemeDomineQut-retro
1986 4754 2028 4833 95

134 4996 136 5000 Α
284 4923 413 5110 ILlo
429 4926 636 5029 intempore
653 4981 664 5004 .
680 4932 854 5012 Dominus
877 4932 1092 5012 nolierlesus
1141 4933 1176 5005 in
1191 4944 1232 5012 V·
1246 4937 1417 5010 noniano
1425 4938 1499 5024 fol.
1519 4948 1609 5013 CXL.

360 5027 514 5104 Chrillus
525 5028 730 5125 loquebatur
742 5034 955 5128 phariseis&
982 5028 1091 5107 turbis
1190 5049 1315 5110 Preces
1331 5082 1341 5103 .
1357 5037 1587 5113 Penitentes.

205 5142 254 5217 45
285 5122 402 5198 dicens
416 5172 427 5194 ·
441 5128 635 5221 Propterea
662 5153 715 5207 ute
741 5151 843 5225 pater
860 5131 973 5231 diligit
991 5128 1093 5225 :quia
1192 5130 1399 5216 sacrficium
1415 5181 1425 5205 .
1441 5138 1578 5211 Offerte
1595 5129 1775 5211 Domino.
1790 5142 1908 5238 Qere
1921 5136 1957 5208 in

285 5244 357 5321 ego
370 5245 466 5320 pono
480 5225 626 5304 animam
639 5252 745 5305 meam
762 5230 939 5306 utiterum
965 5229 1091 5304 sumam
1143 5233 1302 5321 inferia
1318 5239 1375 5302 .1.
1394 5232 1596 5310 hebdomade
1620 5234 1870 5335 quadragessnrc
1888 5230 1956 5333 [ab
1989 5247 2040 5309 ιω

285 5321 610 5400 eamNemotollit
624 5327 898 5399 ermamersed
911 5351 983 5425 ego
996 5348 1092 5421 pono
1142 5340 1254 5404 xcix.

285 5443 394 5497 mma
411 5419 558 5518 meipso
573 5471 584 5494 .
598 5424 810 5498 Poteliatem
827 5424 939 5496 habeo
961 5446 1093 5516 ponen·
1487 5429 1611 5525 Mlfflh

284 5516 322 5588 di
337 5519 483 5598 animam
498 5543 619 5596 meam:
633 5525 669 5595 δι
682 5522 887 5618 potestatem
900 5522 1012 5596 habeo
1026 5521 1095 5593 ite·

210 5635 257 5713 50
283 5638 363 5691 rum
378 5615 531 5693 sumendi
544 5625 738 5697 eam-Hoc
753 5621 948 5700 mandatum
975 5619 1093 5716 accepi
1271 5621 1410 5698 Emores
1435 5624 1640 5704 delidlorum
1662 5631 1860 5706 noslrorum
1884 5633 1957 5706 fra·
2029 5620 2037 5635 ’

286 5716 427 5793 aPatre
446 5721 865 5824 me9.Diffentioitaque
880 5720 1030 5796 sidiarii
1045 5719 1097 5792 iu·
1281 5743 1352 5799 tres
1374 5724 1553 5802 eharishmi
1565 5754 1576 5796 r
1590 5748 1730 5821 peccata
1759 5730 1872 5803 noslra
1895 5752 1957 5802 co·
1987 5733 2035 5809 105

284 5811 484 5897 recludens
499 5840 647 5915 propter
673 5822 848 5899 sermones
874 5819 939 5897 hos
955 5866 966 5889 .
982 5819 1093 5893 Dice·
1143 5845 1214 5898 ram
1224 5823 1373 5898 Domino
1386 5825 1592 5900 defleamus:
1607 5826 1815 5901 seminantes
1828 5824 1955 5903 lachri-

284 5914 368 5989 bant
393 5918 485 6028 enim
507 5918 604 5992 multi
633 5943 679 5994 ex
693 5918 1095 6017 ipsieremoniumha·
1140 5921 1204 5998 mis
1221 5926 1342 6019 :quod
1367 5943 1532 5999 metamus
1565 5924 1598 5996 in
1616 5925 1748 6023 gaudiis
1763 5927 1901 6001 mimus
1918 5928 1955 5999 in

283 6009 344 6088 bet
357 6038 370 6108 ξ
385 6015 569 6116 &insanire
584 6019 667 6122 quid
683 6044 761 6101 eum
776 6020 919 6100 audiris?
929 6015 1005 6103 Alii
1033 6017 1091 6105 ui«,
1137 6022 1300 6105 oratioue
1316 6021 1436 6099 alhdui
1452 6049 1462 6094 a
1478 6024 1617 6115 jejuniis
1629 6025 1782 6126 prompti
1799 6053 1810 6096 r
1835 6025 1872 6100 in
1885 6023 1958 6098 ele·

1832 6144 1956 6222 ΜΡ,
