4450 7209
470 802 584 878 :vsu
877 750 932 857 ‘i’
991 773 1033 865 R
1091 769 1147 859 Ε
1204 771 1242 858 Β
1301 766 1447 857 Aa
1504 766 1530 854 1
1589 761 1660 855 0.

468 891 753 993 canas'differre
777 891 820 977 in
846 885 1049 997 collectis,
1081 886 1124 972 in
1149 881 1414 995 leiiionibus,
1444 884 1486 972 in
1511 894 1663 974 canone
1690 885 1906 975 Missurum
1937 890 2095 977 multia
2126 986 2128 989 ,

469 1047 594 1126 rum,
625 1017 667 1105 in
692 1008 872 1127 symbolo
895 999 1212 1123 Apostolorum,
1242 1003 1350 1117 quod
1373 1006 1610 1097 Mozarabes
1636 1029 1729 1092 ante
1760 1010 1986 1096 orationem
2009 1016 2095 1096 Do·

473 1138 666 1228 minicam
706 1130 906 1233 recitant,
945 1130 985 1212 8(
1017 1127 1057 1211 in
1100 1123 1220 1211 modo
1250 1121 1455 1210 dividendi
1492 1124 1678 1214 Hostiam
1695 1187 1709 1216 .,
1737 1124 1803 1214 Ad
1833 1130 1918 1212 hac
1950 1153 2097 1215 tamen

381 1287 439 1371 79
472 1255 595 1343 sacilis
626 1251 713 1357 eli,
763 1252 803 1338 8(
834 1245 1022 1361 expedita
1053 1244 1277 1358 responsio.
1318 1244 1500 1330 Primum
1532 1245 1642 1331 enim
1674 1273 1751 1330 non
1785 1245 1875 1332 satis
1903 1248 2097 1355 constat,

471 1405 522 1465 an
553 1371 660 1458 Galli
692 1370 733 1453 in
760 1363 884 1452 Missa
915 1371 1134 1477 Hymnum
1158 1357 1300 1480 gloria
1334 1358 1392 1450 in·
1420 1358 1582 1476 excelfis
1618 1365 1905 1453 recitaverint.
1947 1373 2012 1454 De
2043 1395 2096 1451 eu

471 1491 637 1606 quidem
660 1493 831 1599 Hymno
862 1484 948 1571 silet
979 1490 1018 1573 S.
1035 1491 1260 1570 Germanus
1287 1482 1538 1591 Parisrensts,
1578 1483 1658 1571 five
1688 1485 1815 1591 alius,
1845 1486 2096 1599 quicumque

355 1628 359 1636 ’
471 1611 621 1718 suerit,
654 1604 830 1694 vetustus
861 1599 999 1689 auilor
1017 1601 1339 1716 ,explicationis
1358 1599 1487 1687 Missa
1504 1603 1751 1689 Gallicana.
1782 1604 1857 1692 Sed
1889 1633 1982 1688 cum
2016 1607 2096 1689 alia

471 1735 586 1847 plura
618 1726 828 1830 omiserit,
861 1724 1061 1813 filentium
1091 1721 1176 1832 ejus
1206 1749 1287 1806 non
1320 1719 1468 1819 evincit
1495 1722 1630 1809 Gallos
1662 1723 1768 1807 hunc
1800 1729 2018 1835 Hymnum
2051 1726 2096 1808 in

471 1848 598 1939 Missa
630 1874 708 1935 non
740 1843 946 1950 cantasse,
984 1864 1175 1926 econtra
1192 1841 1556 1937 Sacramentarium
1577 1839 1797 1945 bobiense,
1829 1844 1899 1926 lub
1935 1844 2010 1927 hoc
2045 1844 2095 1928 tia

474 1970 586 2074 tulo,
604 1959 749 2060 Gloria
776 1959 830 2050 ad
848 1956 1016 2076 Mfftm
1041 1955 1321 2070 decantanda,
1351 1957 1518 2045 exhibet
1537 1960 1743 2074 integrum
1762 1966 1982 2073 Hymnum
2004 1955 2097 2078 glo.

473 2083 539 2179 tia
567 2082 612 2179 itt
640 2076 803 2196 excelsis
829 2075 916 2198 &a
948 2085 988 2167 8(
1019 2079 1115 2166 duas
1144 2080 1342 2164 orationes
1372 2077 1530 2190 subjicit
1555 2078 1641 2192 post
1670 2084 1889 2190 Hymnum
1928 2082 2099 2166 recitan-

387 2212 444 2296 80
476 2206 544 2291 dos
559 2199 648 2320 (a).
680 2201 810 2311 ajunt
837 2198 1000 2313 quidem
1019 2199 1380 2289 Sacramentanum
1398 2199 1589 2286 Bobienle
1621 2226 1763 2313 puram
1794 2202 1834 2285 8(
1864 2224 2008 2313 putam
2028 2199 2094 2286 Li·

474 2327 651 2439 turgiam
680 2323 931 2410 Gallicanam
965 2349 1042 2406 non
1074 2321 1294 2404 exhibere.
1336 2316 1460 2438 Quod
1490 2315 1580 2403 sane
1611 2346 1756 2403 verum
1791 2318 1875 2404 eli.
1913 2325 1973 2407 At
2001 2347 2098 2404 cum

472 2444 665 2556 Litutgiae
704 2441 1010 2531 sacramentarii
1042 2439 1242 2527 Bobiensts
1271 2439 1401 2552 prima
1437 2465 1556 2551 pars,
1597 2465 1686 2548 quac
1725 2436 1775 2523 ad
1810 2435 1932 2523 finem
1971 2435 2095 2550 usque

471 2561 766 2651 contestationis
798 2546 1023 2675 pertingit,
1053 2558 1257 2647 Gallicana
1289 2557 1370 2666 sit,
1410 2560 1674 2670 &Hymnus
1713 2559 1840 2670 gloria
1873 2559 2012 2668 utiqm
2046 2553 2098 2639 aa

448 2683 577 2772 'hanc
619 2706 775 2797 partem
817 2679 1045 2793 pertineat,
1084 2677 1296 2763 dicendum
1340 2673 1499 2760 videtur
1539 2677 1663 2760 etiam
1703 2677 1840 2762 Gallos
1873 2680 2100 2787 Hymnum

459 2797 608 2918 gloria
643 2803 683 2886 in
714 2800 830 2884 Milia
862 2797 1062 2882 recitalle.
1095 2803 1213 2884 Hanc
1244 2790 1515 2904 conjeiiuram
1546 2794 1785 2879 confirmant
1818 2794 1919 2908 binae
1950 2795 2098 2879 oratio·

470 2948 541 3005 nes
583 2920 666 3033 post
701 2924 914 3027 Hymnum
958 2916 1200 3022 recitandae,
1241 2915 1283 2998 in
1312 2910 1454 2996 eodem
1486 2916 1832 3020 sacramentario,
1872 2914 2098 3027 appositae,

434 3083 440 3094 s
474 3067 567 3123 nam
602 3038 682 3122 ritu
707 3038 946 3143 Gallicam,
978 3034 1321 3147 Gotholtispano,
1354 3037 1394 3119 8(
1426 3034 1682 3118 Mozarabico
1713 3038 1932 3144 Hymnum
1963 3033 2097 3117 oratio

386 3156 755 3268 transequani.
795 3160 886 3242 Hac
920 3178 1056 3238 tamen
1096 3153 1138 3236 iu
1177 3180 1219 3237 re
1258 3175 1344 3235 erat
1375 3151 1530 3236 sortasse
1562 3151 1745 3262 quadam
1777 3151 1989 3264 disciplinae
2029 3180 2100 3236 va·

470 3278 624 3380 rictas,
672 3303 761 3385 quae
795 3337 808 3381 ,
857 3276 908 3358 ob
946 3268 1149 3356 deseelum
1198 3271 1391 3355 librorum
1432 3271 1696 3378 officialium,
1737 3272 1848 3355 nobis
1878 3270 1971 3354 satis
2008 3299 2100 3385 per«

471 3390 604 3510 speGla
635 3422 716 3478 non
756 3391 842 3500 eli,
885 3397 924 3478 8(
957 3391 1040 3476 aliae
1074 3390 1255 3476 Ecclesia
1276 3391 1501 3476 ‘Gallicana
1534 3397 1752 3504 Hymnum
1781 3384 1922 3506 gloria
1962 3413 2100 3475 canta·

470 3515 601 3621 bant,
640 3509 749 3622 quod
789 3509 838 3594 de
879 3511 926 3595 iis
964 3511 1035 3622 qui
1065 3508 1369 3621 Vifigothorum
1401 3512 1581 3625 Imperio
1622 3512 1846 3624 parebant,
1885 3512 1925 3594 8(
1965 3509 2098 3595 conci·

471 3633 619 3721 lictum
640 3630 843 3744 Hispania
861 3629 1029 3713 decretis
1047 3628 1286 3740 regebantur
1302 3690 1316 3738 ,
1335 3654 1492 3712 certum
1511 3628 1672 3714 videtur
1688 3659 1701 3739 ;
1731 3633 1817 3715 alia
1837 3657 1956 3748 varo,
1974 3657 2100 3741 quan·

471 3749 604 3863 doque
644 3753 748 3835 lumc
782 3755 1001 3860 Hymnum
1038 3747 1284 3853 cantabant,
1326 3747 1566 3858 quandoque
1606 3750 1819 3834 Canticum
1862 3749 2102 3859 Zachari25

472 3874 512 3956 8(
545 3869 711 3954 demum
742 3869 826 3953 aliae
861 3873 1076 3980 Hymnum
1109 3866 1387 3979 Angelicum,
1420 3866 1536 3950 simul
1567 3896 1659 3951 cum
1688 3869 2103 3977 CanticoZachariae,

386 3994 440 4078 82
474 3991 513 4074 in
549 3991 672 4074 Missis
714 3986 950 4073 solemnibus
990 4008 1150 4071 cantare
1191 3983 1397 4067 solebant.
1437 3991 1577 4101 Quem
1629 4015 1784 4070 morem
1826 3986 1989 4070 tenuisse
2019 3993 2102 4074 Go-

473 4109 780 4222 tho-hispanos,
819 4111 858 4190 8(
890 4104 1149 4216 Antiquiores
1182 4102 1418 4188 Mozarabes
1457 4104 1560 4186 mihi
1602 4105 1788 4191 credibile
1821 4105 1904 4187 est.
1945 4110 2101 4191 Recen-

475 4228 596 4313 tiores
624 4248 763 4308 autem
791 4223 1058 4328 Mozarabes,
1094 4221 1136 4303 in
1169 4219 1289 4305 Milia
1319 4219 1563 4306 brevitatem
1594 4223 1748 4331 secuti,
1780 4224 1996 4310 Canticum
2025 4231 2103 4309 Za·

401 4405 406 4413 -
473 4345 616 4429 charia
647 4344 878 4455 frequenter
907 4340 1096 4424 omittere
1128 4360 1362 4452 caeperunt,
1392 4343 1432 4427 8(
1464 4339 1616 4446 modo,
1648 4345 1781 4456 paucis
1814 4343 2029 4456 exceptis,
2056 4343 2103 4447 ,in

316 4531 321 4571 ·.
391 4470 444 4577 83
480 4463 605 4550 Millis
636 4461 674 4547 id
694 4460 862 4549 omnino
892 4488 971 4544 non
1002 4480 1180 4551 canunt.
1209 4456 1277 4546 Ad
1308 4457 1435 4544 ritum
1463 4461 1629 4545 canendi
1649 4459 1782 4577 Kyrie
1808 4457 1960 4573 eleison
1991 4459 2100 4572 quod

475 4584 656 4687 attinet,
698 4581 739 4667 in
768 4608 818 4667 eo
848 4576 1057 4671 discrimen
1088 4578 1197 4662 inter
1227 4580 1457 4690 Liturgiam
1489 4581 1769 4689 Gallicanam,
1801 4586 1840 4668 &
1870 4580 2098 4667 Mozarabi·

471 4731 565 4793 cam
583 4701 738 4797 fundari
756 4728 835 4786 non
856 4697 1005 4814 potest,
1024 4725 1120 4786 nam
1141 4696 1239 4782 ritus
1258 4698 1483 4785 Gallicanus
1502 4729 1581 4784 non
1601 4699 1679 4810 est,
1711 4700 1775 4786 sed
1793 4699 1947 4786 concilii
1965 4699 2099 4785 decre·

474 4843 544 4926 to,
578 4813 641 4936 (b)
671 4822 722 4909 ab
746 4819 890 4924 Italia,
922 4822 962 4904 8(
993 4817 1044 4905 ab
1075 4816 1188 4908 Urbe
1220 4821 1378 4922 Roma,
1411 4820 1701 4904 translatitius.
1732 4829 1927 4907 Praeterea
1957 4823 2100 4934 Moza

475 4941 599 5035 rabes,
621 4939 879 5050 Antiquiores
919 4937 961 5022 in
1001 4935 1122 5034 Missa
1163 4928 1297 5050 Kyrie
1334 4930 1485 5046 eleifhn
1526 4939 1793 5054 repetebant,
1835 4967 1930 5034 cum
1962 4963 2109 5053 preces.

331 5110 335 5119 ·
477 5060 702 5154 Diaconicae
731 5057 977 5143 dicerentur.
1009 5062 1066 5146 Et
1098 5053 1334 5141 recentiores
1360 5058 1593 5144 Mozarabes
1633 5061 1676 5144 in
1706 5058 1944 5171 quibusdam
1971 5058 2102 5143 Missis

391 5183 450 5289 84
481 5174 615 5291 Kyrie
649 5170 801 5283 eleison.
825 5175 1039 5287 aliquoties
1066 5172 1235 5263 dicunt.
1267 5171 1414 5267 Iisdem
1444 5175 1494 5261 de
1522 5178 1644 5265 causrs
1669 5177 1878 5267 discrunen
1909 5177 2100 5264 interli-

447 5298 653 5412 ‘turgiam
680 5295 978 5381 Mozarabicam
1011 5298 1050 5384 8(
1081 5291 1331 5380 Gallicanam
1360 5294 1545 5380 constitui
1576 5298 1716 5408 nequit
1758 5298 1799 5383 in
1832 5296 2006 5410 symboli
2039 5323 2097 5380 re·

476 5417 698 5527 citatione,
730 5441 825 5497 nam
862 5411 975 5498 valde
1002 5409 1189 5496 credibile
1217 5407 1273 5492 est
1290 5413 1457 5519 Gallos,
1488 5443 1567 5500 non
1600 5416 1704 5501 secus
1734 5441 1859 5529 atque
1877 5414 2111 5504 Gothohi?

475 5537 615 5652 spanos
646 5533 873 5648 symbolum
906 5533 947 5618 in
982 5530 1098 5617 Milia
1131 5527 1341 5635 recitasse,
1375 5529 1514 5615 saltem
1546 5535 1588 5618 in
1618 5535 1852 5645 quibusdam
1873 5535 2100 5644 Eoclefiis,

476 5679 591 5742 extat
622 5655 766 5768 enim,
796 5651 901 5771 apud
927 5650 1182 5741 Martenium
1200 5643 1292 5766 (c),
1322 5652 1516 5748 llomelia
1543 5652 1728 5767 quadam
1757 5654 1809 5747 de
1836 5650 2103 5746 dedicatione

2001 5793 2104 5862 tem·

517 5955 577 6040 (a)
601 5957 686 6018 Sacra
703 5950 963 6035 Bobiemanr.
978 5954 1053 6013 aba.
1371 5950 1427 6039 (c)
1452 5949 1635 6017 Matienius
1662 5951 1702 6016 de
1737 5953 1843 6036 antiq.
1875 5947 2109 6022 liedes-ritib.

520 6043 582 6130 (b)
606 6038 956 6123 C⁰ssllli¹⁸¹¹²lllllltnse
977 6057 1082 6108 tana·
1327 6037 1700 6134 totu·a·lilt.3.cep.13.
1713 6042 1860 6112 culm·
2014 6098 2017 6105 .
2051 6093 2056 6103 .
2092 6088 2095 6103 .
