4450 7209
649 682 1329 783 QUADRAGESIME:
1467 724 1473 735 ·
1760 726 1826 779 tot

147 816 207 870 rer
223 786 421 866 filiosmeos
436 785 708 863 aefilias.stulte
724 812 890 887 operatus
905 816 963 863 es.
1053 797 1105 870 stis
1131 843 1142 865 .
1174 798 1217 869 Et
1240 795 1350 879 Jacob
1373 818 1573 871 :acervum
1602 794 1787 875 testimonii
1814 848 1826 870 .
1854 816 1897 889 55

146 892 193 963 Et
208 911 299 970 nunc
311 888 408 965 valet
435 886 570 982 quidem
598 912 713 963 manus
728 914 804 963 mea
817 890 964 963 reddere
1055 918 1160 988 erque
1183 898 1281 982 iuxta
1305 893 1559 989 proprietatem
1589 892 1711 992 lingue
1737 899 1825 971 sue.

149 986 214 1061 tibi
240 984 388 1061 malum.
417 986 484 1059 Sed
513 985 609 1059 Deus
636 986 742 1082 patris
761 988 864 1062 vestri
890 987 964 1061 heri
1014 993 1184 1081 Dixitque
1197 991 1335 1067 baban.
1363 989 1528 1067 Tumulus
1548 993 1606 1065 ille
1634 994 1724 1067 testis
1753 996 1825 1071 erit

148 1084 243 1159 dixit
256 1086 368 1157 mibi.
392 1086 492 1157 Cave
509 1114 518 1155 ι
536 1110 576 1159 ne
592 1081 741 1177 loquaris
767 1110 842 1160 cum
856 1087 976 1165 Jacob·
1015 1088 1227 1165 interme&
1243 1090 1424 1165 tehodie.
1456 1091 1501 1161 Et
1528 1086 1657 1164 idcirco
1672 1089 1825 1187 appella-

88 1199 113 1267 ς
148 1184 326 1281 quicquam
341 1184 483 1257 durius·
508 1186 550 1258 Et
577 1184 603 1255 fi
627 1203 664 1255 tu
692 1185 733 1256 ad
749 1202 829 1256 tuos
844 1187 968 1259 irecu-
1017 1203 1074 1261 tus
1090 1190 1139 1261 est
1151 1210 1276 1262 nomen
1288 1192 1364 1274 ejus
1380 1181 1589 1261 Galaadaid
1605 1190 1653 1259 est
1674 1187 1822 1263 tumulus
1893 1215 1897 1222 ·

147 1280 285 1377 piebasa
307 1287 344 1356 δι
359 1284 531 1358 defiderio
548 1280 612 1353 tibi
626 1302 700 1354 erat
719 1286 842 1355 domus
858 1280 966 1375 patris
1015 1284 1137 1359 testis.
1168 1286 1348 1359 intueatur
1359 1284 1535 1359 Dominus
1551 1284 1827 1371 &judicetinter
1848 1285 1898 1353 60

149 1379 202 1453 tui
216 1407 225 1449 r
239 1400 299 1454 cur
313 1382 449 1455 furatus
464 1406 501 1453 es
516 1383 612 1454 Deos
627 1402 723 1451 meos
741 1384 756 1449 Ρ
773 1376 970 1473 Respondit
1016 1408 1082 1457 nos
1113 1408 1124 1451 a
1139 1382 1287 1478 quaudo
1295 1382 1522 1457 recesserimus
1538 1381 1695 1455 avobis·
1719 1384 1755 1455 Si
1772 1388 1824 1455 af·

142 1476 279 1554 iacob.
307 1482 412 1572 Qud
429 1469 537 1552 inscio
549 1496 587 1549 te
601 1478 779 1571 probatus
808 1476 878 1551 sum
894 1502 904 1546 a
921 1476 968 1549 ti·
1015 1479 1148 1555 dixeris
1165 1479 1252 1554 filias
1265 1503 1358 1554 meas
1372 1508 1381 1550 a
1394 1479 1472 1553 &ti
1488 1478 1722 1553 introduxeris
1739 1502 1827 1551 uxo-

146 1574 275 1650 mulne
292 1574 472 1653 violenter
488 1579 640 1651 auferres
655 1572 739 1651 filias
755 1596 842 1649 tuas.
857 1573 965 1663 Quod
1014 1600 1071 1655 res
1087 1576 1169 1655 alias
1182 1578 1352 1674 superrat
1369 1607 1379 1648 a
1395 1572 1508 1651 nullus
1539 1574 1701 1651 sermonis
1716 1576 1826 1656 nostri
1892 1569 1898 1579 ’

72 1688 121 1745 10
148 1691 264 1748 autem
278 1673 366 1751 furti
383 1699 439 1749 me
456 1675 571 1775 arguis
585 1695 597 1755 5
612 1675 702 1765 apud
716 1696 965 1770 quemcumque
1016 1678 1106 1753 tellis
1122 1677 1171 1750 esi
1187 1677 1313 1771 absque
1326 1678 1409 1753 Deo
1434 1705 1444 1745 a
1467 1671 1525 1771 qui
1547 1675 1686 1771 presens
1716 1673 1824 1769 respi.

147 1770 437 1850 inveneritDeos
454 1796 534 1849 tuos
559 1800 569 1843 a
595 1790 739 1846 necetur
762 1794 876 1848 coram
891 1773 962 1845 fra·
1013 1776 1089 1851 eit.
1116 1773 1218 1849 Dixit
1235 1774 1348 1851 rursus
1360 1774 1492 1852 Jacob.
1517 1772 1568 1844 Eu
1593 1766 1744 1847 tumulus
1768 1772 1823 1844 hic
1847 1769 1894 1860 65
1964 1798 1975 1815 ·

146 1869 257 1944 tribus
272 1874 412 1947 nostris.
444 1876 607 1945 Scrutare
622 1869 791 1962 quicquid
819 1890 961 1947 tuorum
1011 1876 1047 1949 δι
1064 1869 1151 1969 lapis
1164 1897 1264 1968 quern
1280 1872 1377 1945 erexi
1394 1874 1485 1945 inter
1506 1870 1610 1945 me&
1627 1888 1663 1943 te
1693 1898 1703 1938 a
1732 1870 1828 1952 tellis

144 1990 231 2065 erga
246 1992 301 2043 me
316 1971 486 2046 inveneris
501 1998 511 2037 a
528 1971 562 2041 δι
576 1966 696 2040 aufer.
724 1968 799 2040 Hec
821 1966 938 2041 dicens
953 1994 966 2041 r
1017 1970 1085 2044 erit
1102 1968 1247 2047 tumulus
1262 1969 1468 2066 inquamille
1482 1966 1617 2062 &lapis
1645 1970 1688 2043 stt
1715 1966 1751 2041 in
1766 1987 1826 2041 te·

146 2064 338 2161 ignorabat
367 2071 462 2163 quod
485 2059 615 2141 Rachel
628 2062 742 2140 furata
755 2064 965 2141 effetidola·
1016 2068 1212 2143 stimonium
1226 2068 1286 2145 ·Si
1300 2086 1359 2142 aut
1372 2090 1445 2163 ego
1453 2064 1621 2139 transiero
1634 2062 1726 2141 ilium
1743 2088 1825 2161 per·

78 2174 116 2255 15
146 2162 318 2263 Ingressus
343 2166 459 2260 itaque
490 2164 601 2240 laban
633 2160 966 2255 tabernaculalacob
1018 2190 1102 2265 gens
1118 2167 1162 2242 ad
1174 2185 1209 2241 te
1236 2191 1248 2237 a
1280 2184 1338 2241 aut
1350 2180 1389 2239 tu
1403 2162 1601 2259 preterieris
1631 2158 1822 2241 amalum,

146 2262 183 2335 δι
199 2262 259 2336 Lie
273 2268 310 2338 dt
324 2262 502 2359 utriusque
523 2256 650 2337 familie
681 2286 692 2331 a
717 2285 786 2335 non
806 2260 963 2335 invenit.
1015 2262 1399 2360 mibicogitansaDeus
1416 2263 1565 2336 Abraam
1590 2288 1600 2330 a
1630 2258 1727 2334 Deus
1750 2261 1823 2336 Na·
1845 2278 1895 2355 70

143 2360 306 2456 Cumque
320 2361 472 2435 intrass'et
488 2357 746 2435 tabernaculum
774 2357 957 2433 Rachelisa
1008 2362 1092 2437 chor
1123 2392 1133 2432 a
1161 2362 1295 2447 iudicet
1317 2361 1411 2435 inter
1433 2382 1499 2435 nos
1512 2359 1609 2433 Deus
1639 2356 1747 2453 patris
1760 2382 1824 2434 eo·

145 2455 205 2534 illa
222 2461 377 2535 festinans
391 2456 569 2533 abscondit
596 2454 729 2534 idolum
743 2454 862 2530 subter
875 2457 958 2531 lira·
1006 2484 1101 2535 rum.
1126 2459 1261 2544 Juravit
1285 2459 1391 2544 Jacob
1420 2481 1484 2552 per
1512 2458 1673 2532 timorem
1701 2457 1812 2551 patris

143 2576 263 2631 menta
282 2554 417 2632 camelli
434 2560 488 2629 r&
502 2554 588 2628 sedit
602 2555 749 2649 desuper
762 2604 772 2626 .
785 2556 957 2631 scrutati·
1006 2556 1058 2631 sui
1085 2558 1178 2633 Isaac
1192 2587 1202 2625 ι
1216 2554 1469 2651 immolatisque
1484 2553 1635 2631 victimis
1660 2552 1697 2625 in
1715 2576 1814 2631 mon-

78 2666 120 2721 20
143 2676 212 2751 que
224 2680 329 2729 omne
345 2656 536 2731 tentorium
566 2680 576 2724 a
602 2659 637 2727 δι
664 2648 750 2725 nihil
765 2652 956 2727 invenienti
1007 2672 1042 2728 te
1070 2680 1080 2725 a
1108 2656 1252 2734 vocavit
1267 2654 1515 2729 fratressuosa
1541 2671 1581 2728 ut
1594 2653 1741 2728 ederent
1757 2678 1819 2749 pa·

143 2755 292 2830 aitaNe
308 2753 472 2827 irascatur
486 2751 657 2825 Dominus
677 2772 771 2824 meus
783 2749 876 2848 quod
890 2772 954 2824 co-
1002 2776 1104 2830 nem·
1129 2751 1201 2847 Qi
1228 2776 1307 2829 cum
1329 2750 1552 2829 comedissent
1582 2779 1593 2821 a
1620 2748 1816 2827 manserunt
1844 2769 1892 2845 75

143 2876 216 2929 ram
236 2870 272 2924 te
287 2849 427 2949 surgere
442 2846 954 2944 nequeoaquiaiuxtaconsuc·
1002 2850 1077 2924 ibi.
1105 2852 1217 2927 laban
1246 2873 1333 2924 vero
1365 2853 1409 2924 de
1439 2847 1543 2925 noue
1567 2848 1779 2944 consurgens
1802 2871 1815 2917 a

142 2950 300 3022 tudinem
314 2950 517 3023 feminarum
529 2971 618 3022 nunc
632 2944 757 3021 accidit
772 2944 855 3021 mihi
872 2994 883 3017 .
898 2945 954 3019 Sic
1004 2945 1176 3023 osculatus
1192 2950 1240 3045 est
1250 2946 1344 3023 salios
1359 2970 1398 3023 ac
1411 2945 1497 3022 filias
1521 2944 1596 3019 suas
1621 2972 1632 3014 ε
1662 2946 1698 3017 &
1712 2946 1817 3018 bene·

143 3045 261 3120 delusa
277 3044 473 3123 sollicitudo
486 3045 660 3141 querentis
687 3044 761 3116 est.
790 3041 953 3117 Tumens·
1005 3046 1097 3121 dixit
1111 3044 1203 3121 illisa
1219 3044 1442 3137 reversusque
1454 3046 1503 3115 est
1515 3042 1553 3115 in
1569 3038 1683 3116 locunt
1694 3040 1811 3118 suuma
2041 3098 2059 3137 ·.

68 3160 88 3209 2
94 3158 113 3231 5
144 3168 212 3243 qne
222 3144 323 3229 lacob
336 3168 413 3217 cum
425 3146 543 3243 jurgio
555 3145 618 3218 ait.
632 3146 743 3235 Quam
757 3141 803 3214 ob
817 3137 954 3235 culpam
1000 3144 1108 3229 Jacob
1118 3166 1257 3239 quoque
1270 3140 1355 3216 abiit
1368 3141 1493 3231 itinere
1505 3161 1577 3235 quo
1592 3160 1732 3235 ceperat
1746 3187 1759 3213 0
1835 3142 1945 3206 1¹¹1!

144 3268 256 3318 meam
289 3272 299 3315 a
327 3243 426 3317 &ob
439 3243 532 3338 quod
546 3258 722 3337 peccatum
749 3238 794 3311 sic
808 3237 955 3313 exarsisti
1055 3254 1105 3331 132.
1124 3244 1260 3315 Amen.
1840 3239 1890 3313 80

141 3342 221 3515 {191st
234 3366 288 3415 me
317 3346 353 3415 δι
380 3340 548 3527 srguffncsi
578 3364 616 3456 es
633 3334 956 3507 omaemdsuppelgg·
1051 3337 1231 3432 Dominus
1241 3338 1283 3413 fit
1294 3336 1430 3435 semper
1443 3332 1621 3415 vobiscum
1633 3334 1704 3431 &ea
1793 3381 1795 3384 -

181 3464 258 3513 rem
285 3462 397 3511 meam
492 3463 524 3511 ur
578 3458 736 3512 invenit
789 3457 955 3509 ecuna

143 3538 324 3613 subilantia
335 3540 461 3611 domus
475 3558 534 3609 tue
553 3540 569 3607 i
585 3541 680 3613 Pone
694 3532 749 3607 hic
760 3555 876 3609 coram
887 3534 957 3607 fra·
1335 3532 1491 3610 Tralles}

69 3651 116 3723 30
145 3632 258 3711 tribus
273 3635 584 3710 meis&sratribus
599 3636 666 3708 tuis
697 3660 707 3701 ι
735 3634 770 3705 &
799 3629 956 3715 iudicent
1587 3678 1594 3692 .

143 3756 262 3810 corant
274 3732 605 3808 me&te.ldcirco
633 3728 883 3827 vigintiannos
904 3728 953 3805 fui
1118 3729 1272 3807 Educattt
1299 3728 1392 3813 oculi
1421 3727 1488 3804 mei
1515 3726 1707 3816 lachrymas
1733 3731 1743 3796 ἰ’
1773 3727 1811 3800 81
1838 3730 1887 3823 85

145 3851 260 3907 tecum
275 3855 387 3907 toves
402 3852 461 3905 tue
477 3833 512 3905 ἃ
526 3854 628 3926 capre
653 3852 722 3903 non
737 3829 877 3902 fuerunt
892 3830 955 3901 sle·
1126 3828 1289 3925 palpebre
1304 3857 1379 3906 mee
1394 3830 1498 3901 fluant
1510 3850 1630 3921 aquasa
1645 3830 1724 3923 quia
1737 3847 1812 3902 sox

143 3928 247 4003 rilesa
269 3931 400 4004 arietes
415 3929 532 4100 gregis
547 3931 596 4002 tui
611 3953 677 4000 non
692 3926 829 4006 comedi
858 3954 868 3997 a
890 3948 954 3997 nee
1003 3923 1265 4002 lamentationis
1280 3926 1455 4003 auditaest
1469 3924 1572 4019 super
1584 3922 1706 4022 ure-ql.
1720 3927 1810 4000 Pro·

71 4134 114 4209 as
143 4023 954 4222 {lllltlltltff-‹s‘tbqllalttpltllll
1002 4022 1809 4215 {bstulitfltllttgllztttlzllla
1882 4194 1889 4207 .

144 4248 232 4301 ame
248 4225 438 4323 exigebas.
464 4224 533 4297 Die
549 4220 723 4315 nosluque
735 4222 805 4297 eliu
819 4220 953 4299 arebam
1003 4237 1178 4295 suntme.
1210 4221 1259 4311 p.
1285 4220 1338 4293 Ve
1364 4218 1446 4297 mihi
1460 4217 1539 4315 quia
1555 4218 1683 4293 defecit
1694 4216 1807 4291 anima
1833 4231 1888 4312 90

142 4323 181 4395 δι
209 4320 288 4421 gelu
319 4350 329 4393 ι
357 4321 580 4420 fugiebatque
611 4316 748 4395 somnus
774 4320 816 4393 ab
842 4316 951 4394 oculis
1000 4317 1253 4393 mea&seusus
1277 4317 1393 4396 cordis
1421 4316 1489 4395 mei
1517 4315 1646 4391 turbati
1672 4312 1810 4393 suntin

141 4420 253 4493 rucis.
280 4422 335 4494 Sit
362 4443 423 4517 per
439 4418 565 4519 viginti
582 4440 688 4493 annua
716 4416 752 4489 in
768 4418 879 4494 domo
892 4437 952 4492 tua
1001 4438 1083 4491 me.

144 4515 277 4591 servivi
294 4517 355 4593 tibi
386 4544 396 4587 a
422 4516 678 4612 quatuordecim
706 4514 952 4612 prusiliabusa
1007 4574 1010 4583 .
1050 4516 1153 4589 Dicat
1164 4512 1286 4591 vresb.
1300 4512 1481 4591 silentium
1497 4510 1629 4608 fraite‚

66 4630 114 4703 40
141 4614 202 4687 sex
218 4640 284 4711 pro
301 4615 464 4715 gregibus
480 4616 572 4691 tuis.
601 4611 784 4691 immutasti
814 4638 952 4710 quoque
1879 4704 1888 4717 ¹

143 4714 337 4787 mercedem
363 4734 472 4789 meam
497 4712 614 4789 decem
640 4710 796 4793 vicibus.
820 4714 862 4787 Et
883 4712 947 4785 nisi
1016 4738 1020 4743 ·
1286 4762 1292 4771 ·
1832 4732 1881 4806 95
1972 4765 1981 4782 .

142 4812 241 4885 Deus
255 4810 362 4908 patria
375 4814 603 4889 meiAbraam
625 4812 661 4885 δι
675 4809 778 4886 timor
794 4809 882 4887 Isaac
896 4812 949 4886 af·
1006 4860 1011 4869 -
1094 4815 1273 4910 Sequentia
1281 4803 1418 4908 Epistola
1426 4796 1713 4903 &archiapostoli

139 4908 253 4985 suiset
265 4907 349 4983 mibi
364 4934 374 4979 a
390 4909 529 4985 forfiran
544 4912 669 4985 nudum
685 4931 738 4981 me
755 4909 949 4985 dimisisses.
1209 4912 1252 4986 ad
1263 4917 1340 4983 ΧΠ.
1354 4900 1493 4981 tribur.
1517 4900 1601 4977 Deo
1637 4996 1642 5005 Ι

141 5004 378 5084 Afflislionem
396 5030 503 5084 meam
532 5009 568 5081 &
595 5008 744 5084 laborent
761 5028 949 5083 manuum,
1332 4998 1487 5106 gratias.

67 5112 110 5187 45
142 5126 294 5179 mearum
307 5104 461 5199 respexit
477 5106 573 5181 Deus
587 5136 595 5177 ι
609 5108 645 5178 dt
660 5129 696 5178 ar
724 5102 774 5181 uit
802 5126 838 5181 te
851 5103 956 5178 heri.

140 5202 335 5296 Respondit
352 5204 490 5279 Laban·
518 5200 595 5277 Filii
620 5205 656 5275 δι
679 5130 751 5277 fiiie
771 5204 808 5281 dl
827 5224 955 5305 greges
1120 5296 1123 5301 .
1767 5207 1815 5287 ΙΙ.
1840 5197 1912 5277 ιόσ

142 5301 194 5375 tui
212 5304 246 5371 dt
264 5302 459 5396 omniaque
476 5302 588 5377 cernis
618 5324 694 5376 mea
722 5300 828 5377 sunt.
857 5300 951 5394 Qiql
1089 5302 1239 5379 Ratres.
1262 5300 1390 5383 Nolite
1414 5303 1450 5379 in
1477 5297 1810 5400 personarumacce·

142 5398 275 5495 possum
291 5398 403 5473 facere
418 5398 497 5475 filiis
511 5402 546 5472 dl
560 5400 746 5497 nepotibus
759 5403 866 5477 meisa
882 5400 953 5473 Ve·
1103 5402 1222 5496 ptione
1247 5403 1374 5479 habere
1401 5405 1506 5478 sidem
1529 5398 1669 5473 Domini
1698 5407 1807 5483 nostri

140 5494 178 5569 ni
192 5518 283 5594 ergo
299 5496 491 5575 &iniamus
506 5499 602 5575 sedus
633 5526 643 5569 a
675 5514 714 5573 ut
738 5499 779 5574 fit
795 5500 950 5575 testimo·
995 5496 1072 5581 lesia
1085 5499 1210 5575 curisti
1225 5500 1340 5599 glorie
1355 5550 1367 5573 .
1389 5498 1566 5575 Etenimsi
1583 5497 1755 5580 introierit
1769 5507 1807 5585 in

69 5606 112 5679 50
142 5595 238 5668 nium
253 5595 407 5667 interme
422 5598 456 5669 dt
471 5616 507 5671 te
523 5595 642 5671 .i'ulit
657 5596 885 5689 itaquelacob
901 5592 951 5671 la·
1000 5619 1216 5674 conventum
1233 5601 1381 5675 vestrum
1404 5628 1415 5667 a
1444 5600 1501 5674 vir
1516 5617 1654 5688 aureum
1669 5602 1808 5681 anulum
1844 5656 1847 5664 ·
1869 5662 1875 5679 .

145 5692 262 5790 pidem
277 5720 288 5761 a
305 5695 340 5766 dr
355 5694 470 5769 erexit
484 5690 579 5770 illum
595 5724 604 5766 a
619 5695 775 5789 dixitque
790 5694 952 5771 fratribus
1001 5694 1130 5770 babens
1143 5697 1178 5771 in
1193 5699 1286 5773 velle
1297 5698 1465 5774 candida.
1491 5692 1672 5785 introierit
1687 5720 1806 5778 autem
1838 5714 1906 5783 105

145 5790 214 5863 suis
235 5790 394 5865 ·All'erte
408 5790 561 5887 lapides.
587 5792 657 5887 qu
674 5814 925 5895 congregantes
941 5819 951 5863 a
973 5796 1037 5867 ⁴&
1054 5820 1185 5891 pauper
1202 5797 1236 5868 in
1249 5794 1393 5877 sordido
1405 5794 1525 5871 habitu
1540 5826 1549 5869 ι
1566 5800 1601 5868 &
1623 5791 1807 5876 intendatis
1892 5860 1897 5867 .

137 5888 370 5983 feceruntque
386 5886 550 5962 tumulum
566 5920 576 5961 a
591 5890 882 5991 comederuntque
895 5890 950 5965 su·
1000 5890 1034 5965 in
1048 5917 1125 5968 eum
1139 5892 1197 5991 qui
1212 5894 1352 5975 indutus
1382 5899 1429 5969 esi
1456 5892 1546 5970 veile
1563 5892 1715 5987 preclara
1738 5928 1748 5969 ι
1770 5904 1808 5974 dt

140 6010 207 6086 per
221 6008 442 6092 eumqquem
465 5989 610 6071 vocarit
629 5990 773 6074 labana
802 5988 949 6083 tumulus
999 5990 1157 6073 dixeritis
1187 5993 1222 6072 ei
1249 6022 1260 6067 a
1289 6015 1329 6076 tu
1358 5994 1437 6075 sede
1460 5991 1518 6072 hic
1532 6024 1543 6075 a
1559 5993 1816 6109 benemaupq

452 6130 468 6171 Ι
1350 6157 1355 6163 ·
1783 6115 1819 6175 sl
