4450 7209
512 722 1689 827 strennutrnoromnurrutm
1883 714 1928 857 p

217 876 221 881 -
271 829 337 903 nis
353 828 450 907 nobis
474 829 592 904 extitit
616 827 855 923 nonequalis.
875 829 964 901 Nam
980 827 1075 901 inter
1522 849 1531 863 “

268 928 553 1003 hominesnoslre
568 927 775 1021 pravitatisr
798 929 1075 1020 nostrequecon·
1139 984 1145 993 .
1317 931 1396 1020 Poll
1410 942 1563 1013 numina·
1580 946 1718 1024 orarios

270 1022 444 1098 ditionisr
472 1021 691 1098 nativitatis=
718 1022 832 1122 legia:
860 1025 919 1101 vel
946 1020 1074 1096 sortiar

271 1118 401 1213 primus
413 1121 498 1193 hanc
512 1121 602 1196 viam
615 1122 806 1216 Stephanus
820 1143 952 1218 martyr
967 1120 1075 1194 intra·
1230 1132 1356 1206 Omine
1366 1134 1447 1211 Jesu
1464 1136 1598 1213 Christe
1614 1167 1625 1210 r
1647 1143 1705 1239 qui
1729 1145 1929 1226 beatissimo

221 1259 241 1327 5
273 1216 352 1286 vit:
382 1216 544 1291 duriciam
568 1217 665 1290 ardui
694 1219 828 1292 itineris
855 1221 969 1293 vicit:
999 1217 1075 1311 pal·
1245 1231 1418 1324 primoque
1439 1240 1588 1330 martyri
1622 1259 1685 1315 tuo
1722 1244 1927 1336 stephanos

269 1311 1072 1506 hta‘'tlsltthhtltt‘lhtall
1123 1325 1829 1507 tlssffttltslhhthffl'‘t‘d‘t‘
1842 1343 1930 1509 s‘s‘
1965 1346 2017 1441 ⁶⁰·

1067 1460 1078 1482 ·
1319 1450 1329 1492 ε
1613 1459 1686 1507 ure
1729 1459 1778 1508 ree
1910 1485 1936 1504 ..

270 1515 367 1579 Ante
381 1505 489 1600 ipsum
513 1507 652 1600 quidem
665 1509 843 1585 Christusa
873 1513 931 1583 sed
963 1527 1076 1582 tamen
1125 1518 1292 1592 orificium
1305 1523 1476 1598 nollrum=
1495 1527 1532 1596 ἃ
1545 1531 1655 1620 presta
1669 1461 1767 1604 mibi,
1799 1462 1928 1610 finialis

269 1602 401 1695 primus
413 1605 485 1699 ipse
496 1607 573 1699 post
584 1605 781 1679 Christum.
809 1609 873 1682 Hic
889 1608 996 1683 homo
1025 1609 1074 1679 se·
1124 1613 1215 1685 tuis:
1246 1634 1282 1689 ut
1295 1642 1400 1715 prece
1416 1622 1514 1707 hujus
1541 1629 1704 1718 martyris
1722 1643 1789 1700 taur'
1804 1634 1929 1711 viven-
2021 1640 2025 1650 ‘

211 1742 242 1795 to
269 1700 320 1773 cit
333 1700 471 1783 adjutus
485 1727 506 1773 a
521 1701 629 1776 Deos
653 1705 748 1796 quod
764 1706 809 1776 ibi
824 1709 927 1803 homo
958 1706 1072 1801 perse·
1123 1709 1213 1782 tibus
1238 1736 1338 1806 quam
1353 1717 1523 1789 defundis
1548 1720 1699 1796 donetur
1716 1723 1926 1824 indulgentis
1979 1788 1982 1795 .

268 1797 446 1870 citunitua
462 1800 496 1870 in
513 1800 616 1871 Deo.
642 1798 705 1872 Ille
717 1800 820 1875 servo
836 1803 973 1899 presius
987 1827 996 1867 r
1012 1802 1071 1873 iste
1122 1808 1323 1885 criminum:
1350 1839 1525 1912 perquem
1553 1813 1641 1893 olim
1666 1822 1850 1899 confutata
1879 1827 1927 1898 eli
1958 1826 2009 1914 65

268 1890 445 1966 conservis
460 1890 547 1966 ,llle
565 1893 773 1994 generaliter
785 1922 848 1993 pro
858 1897 1067 1995 magisterio:
1120 1902 1303 1978 infidelitas
1315 1912 1529 1988 Judeorutn.
1923 1918 1925 1922 ’

268 1987 530 2085 istenspecialiter
543 2016 612 2087 pto
624 1995 796 2090 magistro·
809 1997 875 2072 llic
890 1997 964 2091 egit
976 1993 1071 2072 suum
1171 2007 1372 2094 hothmen.
1474 1993 1485 2012 ’
1520 1999 1528 2009 ’

269 2087 494 2180 martyrium
516 2082 575 2160 ille
592 2088 799 2164 multorum.
816 2095 879 2165 Iste
907 2095 942 2164 in
957 2090 989 2160 se
1002 2115 1070 2166 non
1376 2117 1379 2128 ·
1612 2164 1617 2171 .

211 2224 242 2295 15
270 2181 504 2280 ingloriosus:
531 2183 588 2257 illc
616 2212 682 2281 pro
708 2189 866 2262 omnibus
884 2186 1066 2286 gloriosus·
1135 2239 1139 2246 ·
1243 2200 1246 2205 ’
1419 2206 1637 2302 Adparent}

269 2279 431 2356 Perseos
446 2284 560 2380 igitur
573 2283 658 2355 fides
671 2288 827 2360 honoret
844 2286 1070 2360 tellemtlau·
1275 2356 1277 2360 .
1359 2334 1392 2349 „

269 2378 331 2449 det
343 2377 517 2492 audiotem
530 2381 566 2451 &
578 2381 635 2453 sua
648 2384 768 2478 cuique
786 2384 902 2490 debita
917 2384 1069 2456 discretis
1125 2386 1219 2562 D
1238 2392 1301 2464 Eus
1314 2394 1371 2489 qui
1385 2398 1595 2491 Stephanum
1612 2399 1749 2494 plenum
1762 2404 1875 2498 gratia
1887 2409 1924 2480 &

269 2476 544 2549 reddaroffichs:
571 2477 710 2552 &zelo
738 2480 937 2555 imitationis
953 2505 1072 2554 accen·
1252 2490 1380 2563 virtute
1411 2492 1541 2569 levitici
1568 2499 1698 2571 ordinis
1733 2503 1921 2576 ministerio

268 2571 390 2685 [μᾷ
420 2573 598 2657 adjutorio
627 2579 783 2685 proficiat
812 2580 847 2648 &
887 2576 1070 2672 exemplos
1123 2586 1450 2679 perApostolorum
1475 2610 1614 2669 tuorum
1644 2591 1848 2670 electionem
1865 2594 1923 2669 vel

211 2709 246 2760 to
271 2667 463 2743 lidtlhndle
478 2678 515 2745 δι
528 2669 685 2748 Domttm
698 2673 826 2748 serviat
840 2675 875 2745 ἃ
888 2692 1043 2766 patrono
1058 2721 1072 2746 .
1121 2681 1372 2774 impetitionem
1386 2709 1544 2757 manuum
1560 2691 1780 2766 consecrastis
1796 2715 1832 2764 tu
1846 2717 1926 2787 pte·

316 2771 524 2861 lyr-Amen.
1119 2775 1166 2846 sla
1188 2779 1284 2851 nobis
1301 2800 1338 2851 ut
1363 2785 1418 2876 qui
1441 2786 1575 2857 addufli
1603 2786 1766 2860 firmusin
1794 2788 1922 2862 sortem
1959 2807 2005 2879 75

345 2875 367 2903 N
1121 2887 1179 2943 tue
1208 2878 1431 2950 vocationist
1460 2879 1556 2952 limus
1584 2881 1645 2952 lilii
1673 2885 1792 2978 paciss
1818 2906 1922 2959 terro·

1969 881 2011 953 55

1958 2278 2009 2399 ff

214 2966 232 3007 ‘
553 2967 795 3044 dliaoratr'oi
899 2996 902 3002 ·
1122 2991 1263 3063 remque
1293 2973 1494 3046 retineamus
1526 2976 1677 3068 perfedle
1703 2978 1921 3052 dileslionirr

1122 3085 1192 3155 quo
1207 3066 1320 3163 gratia
1337 3090 1393 3141 tua
1415 3094 1483 3161 que
1510 3071 1543 3141 in
1558 3078 1735 3167 Stephano
1768 3095 1921 3167 martyre

211 3191 245 3264 ²5
270 3162 388 3342 TE
402 3161 556 3239 Domine
572 3168 650 3245 Jesu
671 3163 803 3235 Christe
821 3161 1065 3249 benedicimusa
1120 3183 1204 3233 vere
1216 3165 1460 3255 predicationis
1474 3169 1557 3251 jecit
1572 3170 1779 3243 fundaminar
1806 3173 1840 3240 in
1858 3195 1925 3254 no·

374 3280 480 3355 teque
516 3261 715 3337 laudamus:
745 3258 801 3353 qui
831 3277 901 3331 tam
926 3261 1066 3338 beatum
1115 3254 1165 3328 bis
1180 3258 1424 3353 fincerepacis
1450 3269 1484 3335 dt
1511 3265 1685 3339 charitatis
1710 3264 1919 3361 multiplicet
1957 3266 2006 3336 80
2136 3341 2138 3345 .

268 3375 403 3450 umque·
430 3360 619 3453 perfectum
653 3377 839 3451 martyrem
864 3370 959 3431 tuum
989 3365 1067 3434 Ste.
1117 3354 1418 3452 nutrimentadjn
1435 3363 1572 3432 Amen.

268 3454 415 3548 phanum
442 3456 493 3527 tui
518 3457 709 3531 imitatione
735 3451 839 3525 fecisti
867 3478 877 3519 s
907 3474 944 3524 ut
971 3463 1066 3551 quod
1226 3469 1228 3472 ’

269 3549 365 3625 etism
384 3553 420 3620 in
432 3549 570 3646 reliquis
583 3554 702 3626 sanctis
722 3574 832 3623 rarum
845 3548 963 3642 'satque
978 3555 1066 3630 diffi·
1454 3554 1596 3627 ratario.

212 3678 247 3747 30
269 3642 411 3719 cileestr
438 3649 483 3720 lic
498 3650 742 3744 persecutionis
758 3666 930 3721 tormenta
944 3672 1065 3746 porta·
1444 3682 1446 3687 ·

269 3764 346 3815 retr
376 3764 416 3819 ut
441 3744 581 3821 ultionis
607 3766 693 3822 vota
712 3748 755 3818 de
784 3742 1065 3839 persequentibus
1220 3744 1243 3814 .l
1293 3766 1347 3829 um
1376 3750 1412 3821 &
1436 3752 1559 3835 justum
1583 3751 1664 3821 ests
1696 3750 1917 3847 pulcrumque
1956 3750 2006 3839 85

268 3864 336 3912 non
363 3842 531 3929 haberetr
550 3846 585 3916 St
602 3867 724 3918 eorum
753 3841 989 3935 impunitatem
1015 3849 1066 3919 in·
1239 3770 1315 3916 igniis
1330 3846 1396 3914 ests
1423 3870 1486 3920 nos
1502 3848 1565 3918 tibi
1580 3850 1616 3922 in
1632 3849 1686 3920 die
1703 3849 1805 3922 sandi
1822 3872 1914 3920 tnar·
2001 3934 2013 3949 1

269 3939 402 4031 trepide
428 3939 463 4010 in
478 3939 713 4036 persecutione
735 3957 900 4032 peterere
925 3964 1067 4034 quorum
1116 3943 1202 4032 tyris
1220 3940 1269 4011 tui
1283 3943 1449 4033 Stephani
1470 3966 1582 4015 annuo
1598 3946 1695 4017 nobis
1713 3946 1851 4021 'circulo
1867 3968 1921 4016 re·

268 4032 478 4129 impietatem
505 4038 597 4110 inter
625 4037 703 4112 saxa
732 4034 876 4107 sentiret
904 4081 915 4103 ·
940 4038 1067 4135 Utique
1113 4036 1257 4110 voluto:
1275 4033 1379 4109 laudis
1395 4037 1516 4113 hostias
1531 4039 1705 4113 immolare
1719 4039 1920 4116 sacrificium

211 4155 245 4227 35
268 4152 339 4206 tum
352 4129 403 4204 illi
418 4129 549 4228 lapides
562 4132 742 4207 mitterent
765 4132 866 4226 super
886 4157 981 4208 cumr
1007 4133 1065 4208 ille
1114 4131 1254 4207 solenne
1267 4130 1468 4227 persolvere
1481 4182 1492 4204 .
1506 4137 1618 4224 Qrem
1634 4136 1681 4209 ita
1696 4136 1840 4210 Domini
1857 4162 1924 4211 no·

269 4252 334 4320 pro
347 4231 402 4300 eis
418 4253 536 4325 preces
550 4231 714 4304 fundebat
727 4229 770 4301 ad
784 4227 916 4302 Deum.
938 4230 1065 4305 Domi·
1114 4229 1170 4301 llri
1181 4228 1257 4309 Jesu
1280 4229 1407 4314 Christi
1422 4229 1485 4303 filii
1501 4232 1551 4302 tui
1569 4231 1681 4328 gratia
1694 4231 1830 4331 elegit:
1853 4235 1918 4305 do·
1954 4251 2006 4323 9o

267 4349 307 4395 ne
317 4324 393 4406 lesu
409 4353 419 4395 a
441 4350 485 4399 ne
497 4328 565 4402 hoc
581 4325 646 4398 illis
663 4329 785 4400 statuas
804 4326 845 4398 ad
864 4348 1062 4420 peccatum.
1112 4323 1222 4397 &rina
1236 4325 1363 4398 erudiit
1383 4351 1393 4391 a
1425 4328 1583 4420 potentia
1595 4331 1844 4402 confirmavit.
1873 4334 1920 4404 Ut

268 4423 436 4496 Certabat
459 4422 690 4517 impatientias
722 4446 798 4494 cum
825 4422 1063 4521 indulgentia.
1111 4420 1203 4492 inter
1217 4422 1357 4497 Levitae
1386 4424 1552 4514 premium
1568 4450 1583 4492 r
1617 4424 1709 4498 inter
1735 4423 1921 4520 discipulus

265 4516 317 4590 Illi
332 4517 478 4593 vulnera
491 4519 640 4594 inferrer
665 4520 724 4590 isle
737 4518 816 4589 odia
825 4542 893 4595 non
906 4523 1036 4593 referre
1052 4567 1064 4589 .
1112 4541 1257 4614 regnum
1272 4546 1283 4586 r
1309 4519 1402 4589 inter
1417 4541 1585 4612 martyres
1611 4539 1728 4594 teneat
1742 4523 1915 4617 priucipa-

211 4638 241 4708 ιο
266 4612 318 4687 llli
329 4614 511 4690 doloribus
525 4639 594 4689 uon
617 4618 764 4689 cederes
792 4614 850 4687 iste
876 4641 941 4710 pro
958 4616 1062 4690 holli-
1112 4635 1211 4690 tum·
1238 4613 1308 4703 Qui
1322 4613 1482 4687 veritatis
1506 4616 1615 4688 verbo
1629 4638 1781 4690 errantes
1805 4616 1919 4688 conii·

265 4711 325 4784 bus
338 4710 554 4807 supplicare·
580 4716 753 4788 l’ollremo
770 4731 844 4785 erat
858 4712 893 4783 in
909 4713 1064 4809 benigni·
1114 4710 1248 4783 dentius
1261 4709 1459 4805 arguendos
1476 4708 1522 4780 ibi
1537 4714 1681 4784 studeret
1697 4736 1826 4808 ponere
1839 4733 1919 4783 cau·
1952 4727 2000 4797 95

265 4829 338 4883 tate
357 4812 538 4900 martyris:
559 4813 652 4901 quod
667 4834 737 4883 non
750 4826 824 4880 erat
836 4809 869 4880 in
882 4808 1062 4884 voluntate
1112 4807 1182 4879 sam
1200 4833 1211 4876 r
1239 4806 1293 4880 ubi
1310 4802 1524 4901 intelligeret
1540 4810 1691 4900 pendere
1707 4809 1887 4884 victoriam
1905 4855 1916 4879 .

263 4906 433 4979 carnificis
450 4953 462 4975 .
477 4901 585 4979 Nolle
601 4908 666 4979 hos
694 4905 827 5000 puniris
854 4927 916 4999 per
931 4928 1016 4997 quos
1029 4906 1064 4975 se
1113 4906 1160 4976 Ut
1178 4900 1359 4988 objedoin
1377 4902 1621 4977 faciemludeis
1637 4904 1824 4998 impietatis
1841 4902 1918 4978 elo-

266 5001 407 5075 videbat
421 5001 582 5078 coronari
595 5049 606 5070 .
621 5004 696 5074 Hec
711 5000 894 5098 igituttam
912 4999 1064 5099 gloriosa
1115 5000 1199 5095 gio:
1223 5000 1329 5070 srnon
1347 4997 1535 5090 corriperet
1548 5000 1671 5074 devios
1687 5028 1696 5067 a
1729 5025 1798 5075 non
1814 4999 1917 5075 time·

211 5120 240 5191 ις
265 5099 409 5194 pietasr
445 5121 516 5174 tam
551 5098 705 5194 petsecia
740 5098 952 5194 benignitas:
993 5121 1060 5191 que
1110 5094 1312 5167 retiratos.
1342 5091 1458 5164 Sciens
1480 5095 1513 5166 in
1530 5092 1730 5169 alterutrum
1764 5095 1950 5173 fructus*

265 5220 328 5289 pto
343 5193 409 5266 illis
422 5219 556 5291 precem
569 5196 749 5270 fundebats
767 5190 1062 5287 credentiun’po·
1111 5190 1180 5262 sam
1197 5188 1467 5283 predicationem
1496 5194 1560 5263 else
1572 5194 1727 5276 =jullicier
1752 5196 1777 5265 st
1796 5213 1853 5267 aut
1867 5192 1918 5264 illi
1957 5207 2029 5256 100·

266 5290 426 5386 polorum
440 5314 524 5366 vota
539 5291 777 5366 commendet:
806 5287 955 5364 fidelium
968 5290 1060 5383 spem
1109 5287 1262 5381 suscepta
1279 5286 1467 5379 penitentia
1487 5285 1640 5383 placeret
1669 5288 1803 5362 oblatio
1833 5288 1919 5360 sani·

266 5389 447 5462 confortet
460 5415 472 5455 s
499 5387 723 5483 spedantium
737 5389 950 5460 necessitates
966 5388 1061 5470 adju·
1110 5384 1214 5456 tatis:
1243 5401 1301 5454 aut
1316 5381 1376 5452 fibi
1399 5383 1547 5456 excitata
1562 5384 1692 5458 invidia
1706 5389 1805 5458 fieret
1819 5404 1918 5456 occa·

268 5503 327 5558 vet
341 5513 352 5554 s
367 5482 621 5581 supplicantium
634 5482 751 5579 culpas
763 5485 899 5555 excuset
913 5509 922 5548 a
947 5483 980 5554 δι
996 5504 1061 5576 pro
1109 5480 1161 5553 fio
1175 5478 1354 5573 passionis.
1380 5481 1460 5552 Erat
1474 5481 1520 5552 ibi
1535 5481 1659 5552 Christi
1676 5484 1711 5551 ὅτ
1728 5490 1910 5575 proxlnro·

212 5594 245 5663 50
269 5578 410 5654 Ecclelie
424 5583 559 5655 unitate
584 5584 618 5653 &
646 5606 728 5676 pace
755 5576 925 5653 catholice
954 5574 1061 5671 plebis
1110 5599 1186 5648 rum
1201 5577 1233 5646 in
1247 5572 1307 5648 tali
1318 5573 1496 5650 voluntate
1510 5574 1651 5649 dilectio
1666 5596 1722 5647 aut
1739 5579 1782 5648 de
1796 5600 1916 5652 emen·

271 5675 455 5775 invigilet.
481 5676 549 5751 Hic
577 5681 707 5772 seper
720 5701 782 5773 pro
806 5671 963 5760 subiediis
984 5675 1063 5749 dum
1111 5672 1198 5746 datis
1225 5673 1384 5767 gaudium
1412 5691 1534 5765 optare
1567 5671 1749 5768 cognatis:
1782 5692 1839 5745 aut
1870 5674 1915 5744 de
1952 5690 2019 5760 105

270 5792 368 5868 rogat
382 5773 561 5853 obtineres
588 5774 646 5869 qui
668 5798 736 5870 pro
756 5773 895 5849 inimicis
909 5773 990 5846 dum
1013 5767 1064 5841 la·
1111 5766 1214 5840 illatis
1229 5768 1393 5863 premium
1406 5768 1588 5860 expedi-are
1602 5767 1795 5860 suppliciiss
1815 5771 1909 5840 suum

270 5869 442 5964 pidaretur
453 5870 600 5945 orabat.
659 5938 666 5949 ,
763 5936 766 5941 ,
1113 5865 1249 5958 quidem
1275 5867 1439 5938 honorem
1460 5861 1569 5933 alieno
1586 5864 1725 5935 crimine
1742 5889 1810 5936 non
1830 5874 1915 5955 que-

313 5974 512 6061 Mmen·
1113 5960 1239 6059 rebat}
1272 5959 1329 6032 sed
1358 5961 1498 6034 videbat
1520 5977 1715 6128 Futrumque
1755 5960 1813 6036 libi
1842 5959 1912 6124 salne

1573 6077 1592 6130 2
1836 6079 1918 6152 go·
