4450 7209
283 668 359 769 178
657 671 960 752 snuunto
997 667 1262 745 sAtho
1303 662 1596 744 inseite.

280 787 399 847 torum
426 767 601 848 celebrare
627 771 797 848 curriculo
825 792 1090 845 mereamuran-
1139 769 1176 839 δε
1199 763 1337 860 spiritus
1354 763 1497 843 Domini
1518 763 1748 843 ferebatursu
1796 765 1961 864 requae}
1990 791 2028 868 55

205 902 213 932 ·.
281 890 424 947 norum·
452 887 501 965 132.
520 876 653 947 Amen.
685 873 799 945 Pressa
821 894 883 967 per
897 868 1088 944 Dominum
1140 865 1313 957 Dixitque
1330 861 1543 941 Deua.Piat
1558 863 1745 942 lox-Etsa
1782 864 1965 943 aclllux.

279 972 434 1046 nostrum
470 971 582 1049 selum
616 970 787 1044 Christum
826 967 933 1064 tilium
962 986 1083 1042 tuum:
1137 963 1519 1042 EtviditDeuslucem
1534 968 1631 1061 quod
1646 966 1965 1042 euetbonuorcti-

282 1089 361 1144 cum
388 1092 459 1162 quo
483 1068 546 1142 tibi
576 1068 622 1139 ell
639 1092 704 1142 una
732 1073 768 1141 δι
786 1065 957 1162 coequalis
974 1067 1084 1141 essen·
1135 1064 1218 1140 visit
1243 1059 1355 1139 lucem
1372 1092 1392 1140 a
1407 1063 1586 1141 tenebris.
1610 1060 1963 1161 Appellavitquelu·

231 1189 253 1263 ,ς
283 1167 334 1241 tia
363 1167 397 1239 in
414 1165 548 1239 unitate
574 1163 723 1261 Spiritus
748 1165 887 1242 Sandis
920 1167 953 1238 in
976 1163 1089 1241 secula
1137 1185 1212 1241 cem
1226 1162 1320 1236 diem
1340 1193 1350 1235 a
1371 1166 1407 1239 δι
1423 1162 1584 1241 tenebras
1600 1162 1767 1240 nodem-
1796 1162 1961 1240 Fauno

284 1263 497 1341 seculorum.
525 1277 574 1358 131.
589 1271 719 1339 Amen.
750 1272 860 1340 Amen
877 1288 976 1339 amen
991 1289 1089 1353 ameu
1137 1262 1429 1360 queestvespere
1451 1263 1861 1364 &manediesprimua.
1892 1262 1960 1338 Di·
1989 1269 2030 1342 60

285 1364 328 1437 ad
355 1381 390 1437 tc
417 1359 630 1438 descendat·
656 1380 705 1460 132.
723 1367 860 1440 Amen.
885 1366 958 1439 Pax
984 1365 1091 1438 inec·
1138 1361 1193 1437 arit
1220 1383 1363 1458 quoque
1387 1363 1511 1439 Deus.
1541 1363 1619 1439 Fiat
1644 1365 1900 1439 firmamentum
1926 1363 1965 1439 iti

282 1457 347 1536 lo·
373 1463 541 1557 &Amen
559 1512 569 1533 .
595 1466 667 1538 Pax
691 1465 725 1537 in
753 1482 870 1538 terra.
897 1475 946 1553 132·
960 1468 1091 1542 Amen·
1139 1459 1260 1538 medio
1273 1485 1455 1557 aquarum:
1470 1465 1506 1538 ds
1520 1463 1654 1541 dividat
1670 1464 1775 1559 aquas
1789 1461 1834 1535 ab
1843 1461 1964 1557 aquit.

282 1558 359 1634 Pax
384 1564 420 1635 ὃ(
446 1557 627 1655 plenitudo
652 1581 710 1638 tua
726 1560 878 1642 Domine
908 1563 1091 1658 supernos
1141 1559 1186 1633 lit
1214 1559 1297 1634 fecit
1324 1563 1419 1636 Deus
1446 1564 1697 1638 firmamentum
1721 1590 1733 1635 a
1768 1561 1961 1656 divifitque

211 1680 258 1741 to
283 1657 494 1733 descendat.
534 1664 750 1753 uurlmen.
790 1666 863 1738 Pax
877 1662 1092 1759 Regibus&
1142 1680 1243 1753 aquas
1270 1682 1337 1753 que
1355 1682 1455 1738 crant
1484 1661 1544 1734 sub
1566 1663 1817 1739 firmamentoa
1845 1658 1889 1732 ab
1904 1659 1960 1732 bis

281 1758 512 1854 poteslatibus
532 1756 689 1833 fidelibus
709 1760 808 1834 seculi
826 1762 953 1845 hujus.
978 1773 1026 1856 132.
1041 1767 1093 1836 A·
1141 1779 1209 1851 que
1223 1778 1322 1831 erant
1342 1757 1442 1854 super
1458 1761 1714 1835 firmamentum
1730 1807 1742 1831 .
1772 1758 1815 1831 lit
1830 1755 1960 1832 sadum
1987 1761 2028 1857 65

282 1880 361 1932 men
390 1905 400 1926 .
442 1859 513 1928 Pax
538 1854 684 1929 Ecclefie
713 1880 772 1932 tue
788 1856 994 1935 catholicae:
1023 1883 1090 1954 que
1140 1856 1188 1928 css
1203 1855 1274 1929 ita.
1292 1859 1508 1956 vocavitque
1525 1860 1619 1932 Deus
1632 1858 1890 1935 firmamentum
1903 1881 1964 1932 ce·

285 1957 333 2031 cst
364 1955 398 2027 in
430 1955 522 2045 hunc
547 1955 662 2029 locum
694 1959 921 2034 constituta:
962 1964 997 2032 ds
1028 1982 1090 2050 per
1141 1949 1235 2026 lunt.
1262 1955 1303 2027 lit
1321 1954 1509 2032 rauumest
1524 1957 1671 2052 vespere
1702 1959 1856 2033 &mane
1883 1956 1960 2029 diet

285 2052 482 2130 universum
521 2057 641 2132 orbem
683 2074 851 2131 terrarum
901 2057 934 2131 in
971 2079 1090 2154 pace)
1139 2050 1330 2126 secundus.
1361 2055 1961 2152 DixitvcroDeua.Congrcgeu·

211 2172 255 2249 15
286 2151 430 2227 diffusa.
1145 2168 1204 2224 tur
1217 2176 1303 2247 aque
1317 2177 1383 2249 que
1397 2150 1549 2233 subcelo
1562 2152 1638 2228 suut
1654 2150 1690 2223 in
1706 2149 1826 2226 locum
1839 2175 1962 2227 uuumr

334 2264 384 2342 132.
401 2253 537 2324 Amen.
1146 2248 1356 2348 &appareat
1373 2253 1491 2325 arida.
1520 2254 1724 2347 Fadumque
1746 2254 1795 2327 eu
1809 2252 1862 2325 ita
1878 2297 1892 2322 .
1919 2253 1962 2326 Et
1987 2278 2026 2357 po

333 2351 461 2423 Deinde
489 2349 581 2424 dicat
603 2347 780 2450 Episcopus
804 2355 990 2430 mationem
1017 2369 1097 2429 autc
1146 2349 1543 2426 vocavitDeusaridam
1563 2369 1726 2428 terrama
1763 2373 1965 2450 congrega·

284 2447 440 2528 Δίωνι.
1145 2445 1327 2544 tionesque
1352 2474 1515 2543 aquarum
1540 2444 1730 2544 appellavit
1745 2448 1856 2524 maria
1875 2495 1889 2517 ·
1920 2449 1963 2521 Er

1039 2603 1043 2612 .
1146 2545 1236 2621 vidit
1254 2550 1349 2621 Deua
1364 2551 1457 2643 quod
1471 2547 1554 2621 esset
1571 2547 1718 2621 bonumr
1730 2549 1768 2622 dt
1783 2547 1856 2622 ait.
1872 2545 1964 2620 Get·-

190 2659 261 2739 ,βο
619 2648 763 2723 orario.
1144 2647 1253 2720 minet
1287 2667 1381 2722 terra
1408 2648 1547 2721 herbam
1571 2645 1748 2719 virentem
1769 2647 1808 2721 δι
1826 2645 1959 2720 facien·

1149 2761 1220 2818 tem
1235 2745 1347 2819 semen
1364 2775 1374 2816 r
1397 2748 1432 2819 &
1448 2744 1582 2844 lignum
1600 2745 1814 2840 pomiferum
1829 2744 1959 2820 sacient
1985 2766 2026 2850 75

375 2839 535 2937 Xptsiati
549 2841 717 2938 temporis
741 2841 946 2924 dilet‘iiffimi
971 2841 1098 2922 frutres
1149 2840 1297 2918 fructum
1322 2851 1421 2930 juxta
1448 2869 1556 2942 genus
1570 2843 1687 2923 suum·
1712 2845 1828 2930 Cuius
1844 2843 1960 2921 semen

254 2944 257 2949 ’
389 2939 704 3016 seila-solemnitas:
731 2946 935 3019 &annuum
963 2945 1095 3041 perse·
1148 2940 1182 3013 in
1198 2941 1383 3038 semetipso
1403 2944 1445 3016 fit
1461 2945 1562 3038 super
1580 2960 1738 3018 terram.
1764 2943 1809 3017 Et
1833 2942 1960 3020 nctuu

283 3037 362 3113 cula
385 3037 478 3113 sacre
495 3037 756 3116 resurrectionis
773 3040 957 3118 archanum
971 3043 1098 3118 votive
1147 3040 1194 3112 eu
1212 3041 1285 3112 ita.
1312 3040 1355 3114 Et
1387 3039 1538 3132 protulit
1564 3061 1656 3115 terra
1682 3041 1824 3116 herbam
1839 3045 1959 3117 viren-

206 3154 255 3240 η
285 3134 398 3212 noctis
422 3137 594 3213 advenit.
618 3139 700 3215 Hoc
715 3135 797 3211 illud
818 3141 971 3238 estquod
990 3141 1023 3214 in
1040 3167 1100 3237 pe-
1150 3157 1248 3213 temr
1281 3141 1318 3212 dt
1349 3141 1550 3216 afferentem
1583 3139 1693 3215 semen
1725 3145 1827 3224 iuxta
1849 3163 1960 3238 genus

281 3257 429 3314 tenuem
449 3237 651 3313 memoriam
668 3236 909 3315 consecratum
926 3239 1100 3316 credenti·
1149 3235 1271 3314 suume
1296 3234 1493 3335 lignumque
1517 3236 1643 3316 satiens
1662 3241 1810 3314 frustum
1841 3242 1878 3312 bs
1900 3241 1959 3314 ha·
1986 3247 2031 3322 80

282 3334 347 3412 bus
363 3332 504 3433 populis
521 3333 680 3411 altiffima
710 3338 755 3413 de
769 3336 853 3415 celis
912 3341 980 3414 atia
996 3339 1097 3434 spiri·
1148 3335 1235 3409 bens
1263 3339 1527 3432 unumquodque
1552 3338 1665 3411 semen
1684 3338 1869 3412 secundum
1883 3338 1960 3432 spe·

279 3429 361 3509 telis
388 3433 590 3509 attribuit.
629 3432 767 3509 Hilarcs
795 3437 831 3512 vi
859 3435 934 3511 'ias
962 3434 1099 3535 glorio·
1147 3427 1237 3510 ciem
1251 3432 1369 3512 suam.
1393 3435 1435 3510 Et
1463 3434 1664 3512 viditDeus
1680 3437 1774 3534 quod
1791 3438 1878 3511 esset
1896 3435 1961 3510 bo·

279 3533 324 3610 iis
352 3528 509 3607 laudibus
536 3533 791 3629 perferamusr
855 3535 990 3631 lemque
1018 3536 1099 3609 vin·
1146 3557 1253 3611 numa
1278 3535 1468 3630 fessumque
1488 3535 1695 3631 estvespere
1720 3534 1964 3609 &manedies

205 3647 258 3734 ,ο
285 3649 408 3706 centes
432 3654 501 3724 qua
521 3629 691 3707 funalibus
707 3633 839 3710 crebris
861 3632 1009 3709 Ecclesia
1023 3634 1098 3710 san·
1151 3633 1302 3707 tertius.
1326 3630 1427 3707 Dixit
1448 3652 1562 3711 autem
1574 3635 1694 3709 Deus.
1724 3633 1825 3706 Fiant
1854 3629 1960 3706 lumi·

283 3733 339 3810 sia
365 3727 588 3824 resplendens
599 3731 756 3807 coruscat
773 3763 783 3805 r
809 3733 843 3805 in
869 3730 997 3809 lumine
1012 3757 1097 3830 pre·
1149 3731 1246 3806 uaria
1262 3731 1298 3809 in
1313 3731 1628 3808 tentamentorum
1643 3732 1850 3811 &dividant
1865 3731 1959 3803 diem
1990 3742 2031 3837 ες

282 3827 386 3906 conia
400 3826 589 3905 Dominice
605 3829 769 3926 paldonis
796 3830 968 3906 indefessis
983 3830 1097 3928 preci·
1151 3851 1191 3904 at
1206 3827 1370 3905 nossemr
1397 3849 1434 3904 ut
1449 3831 1513 3905 sint
1529 3831 1562 3904 in
1578 3834 1670 3930 tigna
1693 3835 1729 3904 ἃ
1745 3834 1958 3925 tempora&
2032 3834 2035 3838 ’

280 3927 347 4004 bus
375 3923 616 4003 celebremur.
643 3928 870 4006 intendentes
897 3929 1018 4006 auditu
1047 3929 1099 4004 le·
1149 3930 1224 4004 dier
1244 3931 1427 4004 &annosa
1452 3948 1491 4002 ut
1510 3928 1644 4005 luceant
1673 3930 1706 4002 in
1733 3931 1960 4004 firmamento

284 4025 459 4105 &ionibus
482 4027 628 4101 sannis:
654 4050 694 4102 ac
709 4026 833 4106 sedulis
847 4029 1098 4107 obsecrationi·
1148 4026 1214 4102 celi
1243 4025 1501 4104 &inluminent
1518 4046 1668 4105 terram.
1694 4028 1736 4099 Et
1762 4027 1889 4101 fassum
1909 4028 1960 4100 eli

207 4140 230 4221 3
237 4145 256 4218 5
284 4126 345 4200 bus
361 4126 566 4221 patientiam
592 4149 664 4205 non
681 4146 849 4225 negantes
867 4177 878 4200 .
905 4131 950 4201 Ut
965 4123 1022 4200 ille
1040 4151 1096 4201 re·
1147 4128 1219 4200 ita·
1246 4126 1408 4222 Fecitque
1425 4128 1521 4200 Deus
1536 4131 1609 4202 duo
1622 4150 1741 4224 magna
1756 4125 1956 4202 luminaria.

287 4222 374 4322 galia
390 4222 466 4298 solii
481 4224 658 4297 habitator
671 4221 849 4299 altissimus
877 4252 896 4300 a
913 4225 992 4300 sede
1006 4225 1092 4299 arcis
1144 4223 1325 4300 luminare
1337 4229 1443 4311 maius
1470 4245 1508 4298 ut
1525 4224 1672 4321 preesset
1689 4225 1783 4301 diei:
1808 4227 1843 4296 δι
1859 4220 1959 4298 lumi·
1989 4250 2037 4324 9⁰

284 4323 429 4396 etheree
447 4318 581 4416 populo
599 4319 661 4394 suo
675 4350 684 4388 a
700 4323 756 4415 qui
774 4319 928 4398 solennia
942 4323 1098 4397 redditu·
1146 4345 1230 4395 nare
1254 4322 1361 4395 minus
1395 4340 1434 4394 ut
1463 4325 1610 4416 preesset
1626 4325 1743 4398 nodi:
1769 4325 1803 4395 bt
1820 4318 1929 4394 stellas
1945 4366 1958 4392 .

282 4442 343 4493 rus
370 4419 414 4492 ad
439 4420 502 4490 hec
530 4419 610 4491 fellu
635 4421 824 4493 conuenite
850 4445 913 4515 per
928 4420 1097 4518 Spiritum
1147 4420 1191 4493 Et
1209 4418 1393 4515 posuiteas
1414 4420 1446 4491 iu
1463 4423 1680 4496 firmamento
1694 4417 1785 4493 celi:
1809 4438 1846 4494 ut
1862 4416 1961 4491 luce·

283 4517 380 4592 suum
395 4515 552 4591 Sanctum
566 4514 757 4591 clementer
773 4516 938 4616 inlapsum
950 4519 1102 4620 placabi-
1149 4538 1229 4591 rent
1254 4525 1535 4614 superterram:
1562 4525 1597 4593 bt
1630 4522 1798 4613 preessent
1823 4517 1893 4590 diei
1918 4541 1962 4589 ac

207 4637 259 4722 40
288 4614 330 4693 lis
354 4641 392 4692 ac
407 4615 619 4712 propiciatus
635 4617 786 4715 adspiret
803 4666 815 4691 .
1147 4618 1244 4692 ηοᾶἱ
1262 4646 1271 4688 a
1288 4621 1325 4692 bt
1338 4617 1539 4695 dividerent
1554 4618 1663 4694 lucem
1678 4645 1696 4691 a
1710 4618 1886 4690 tenebris.
1913 4616 1958 4691 Et

334 4729 387 4812 132.
401 4721 537 4789 Amen.
1140 4718 1229 4795 uidit
1255 4718 1349 4791 Deua
1372 4719 1465 4811 quod
1481 4724 1562 4792 esset
1579 4717 1732 4791 bonurn:
1760 4721 1795 4790 ἃ
1820 4715 1948 4790 fanum
1990 4737 2033 4813 95

335 4817 406 4888 Per
428 4812 694 4892 misericordiam
717 4835 810 4892 tuam
833 4814 929 4888 Deus
951 4815 1091 4894 noller:
1140 4820 1189 4893 est
1214 4816 1357 4910 vespere
1385 4818 1421 4889 dc
1436 4841 1533 4889 mane
1560 4816 1632 4890 dics
1647 4836 1818 4910 quartus·
1849 4815 1960 4887 Dixit

287 4911 346 5008 qui
373 4912 467 4986 vivis
490 4915 528 4988 ὃ(
556 4914 670 4990 omnia
695 4913 788 5013 regis
816 4912 852 4988 iu
876 4914 989 4993 secula
1006 4914 1101 4992 secu·
1151 4916 1255 4990 etiam
1268 4915 1388 4987 Deus·
1414 4916 1610 4990 Producant
1636 4940 1723 5008 aque
1738 4911 1865 5010 reptile
1883 4915 1959 4986 ani·

289 5009 431 5088 lorum.
1150 5041 1205 5089 me
1221 5013 1394 5088 viventisr
1409 5014 1444 5086 ἃ
1461 5012 1604 5090 volatile
1619 5014 1882 5108 superterram:
1899 5013 1962 5084 sub

205 5127 257 5203 45
338 5125 387 5200 132.
407 5111 547 5182 Amen.
1147 5114 1368 5190 firmamento
1392 5110 1481 5184 celi.
1507 5115 1723 5208 Crcavitque
1751 5113 1849 5184 Deus
1881 5133 1959 5188 cete

338 5207 510 5282 Dominus
532 5208 574 5279 lit
595 5207 728 5303 semper
746 5207 953 5285 vobiscum·
1149 5213 1308 5311 grandiae
1335 5213 1370 5284 dc
1392 5236 1529 5288 omnem
1546 5213 1688 5286 animam
1702 5212 1885 5286 viventem
1907 5231 1961 5283 at·
1995 5228 2048 5286 roo

339 5321 390 5402 lja.
407 5306 450 5378 Et
467 5329 573 5379 cum.
1148 5333 1215 5404 que
1232 5307 1456 5385 motabilem:
1481 5336 1580 5404 quam
1608 5313 1846 5409 produxerant
1874 5331 1961 5406 aque

1147 5408 1182 5480 in
1200 5407 1441 5503 speeiessuasr
1468 5413 1504 5481 &
1533 5435 1638 5483 omne
1667 5406 1816 5486 volatile
1843 5407 1961 5485 secun·

339 5501 470 5574 Deinde
495 5503 630 5576 dicatur
652 5501 857 5601 prophetia.
883 5506 995 5581 cestio
1018 5507 1106 5585 libri
1152 5509 1230 5582 dum
1247 5531 1352 5605 geum
1368 5508 1481 5580 suum.
1498 5509 1538 5582 Et
1554 5511 1641 5584 vidit
1657 5511 1753 5585 Deus
1768 5509 1865 5602 quod
1879 5509 1962 5579 esset

208 5620 257 5698 ,ο
290 5597 437 5689 ceneris·
453 5607 482 5668 s·
508 5615 556 5697 lja
572 5598 656 5677 Deo
670 5602 824 5699 gratias·
1151 5606 1278 5680 bonurn
1295 5635 1305 5677 a
1335 5607 1583 5701 benedixitque
1599 5610 1649 5681 eis
1664 5612 1782 5681 dicens
1795 5657 1810 5679 .
1824 5605 1960 5678 Cresci·

1156 5725 1193 5779 te
1207 5706 1242 5776 &
1259 5702 1526 5799 multiplicamini
1543 5737 1555 5774 r
1576 5710 1612 5779 ἃ
1629 5707 1762 5796 replete
1776 5731 1881 5800 aquas
1893 5728 1960 5776 ma·
1992 5718 2047 5791 105

288 5798 386 5980 IN
402 5798 574 5893 principio
588 5800 719 5873 creavit
739 5802 835 5875 Deus
853 5797 966 5874 celum
979 5807 1016 5878 bs
1030 5823 1103 5878 ter·
1154 5804 1200 5876 ris
1216 5852 1226 5873 .
1254 5804 1414 5897 ovesque
1447 5804 1724 5901 multiplicentur
1752 5808 1855 5900 super
1887 5822 1960 5876 ter·

364 5920 462 5989 ram.
488 5899 596 5969 Terra
626 5919 744 5973 autem
763 5919 836 5973 erat
853 5899 961 5973 inanis
987 5906 1022 5976 δι
1041 5933 1102 5978 va.
1153 5928 1222 5978 rana
1241 5951 1251 5972 .
1276 5907 1318 5978 Et
1336 5905 1458 5977 fadum
1485 5906 1533 5975 est
1549 5905 1694 6000 uespere
1726 5909 1761 5978 δι
1779 5926 1876 5977 mane
1891 5902 1963 5973 dies

276 6017 370 6070 cuae
394 5998 592 6072 &tenebre
610 6018 712 6075 erant
726 5997 827 6099 super
845 5998 965 6078 satiem
980 6005 1104 6103 abyssis
1151 6000 1288 6099 quintus
1302 6051 1317 6075 .
1338 6003 1441 6079 Dixit
1465 6026 1603 6103 quoquc
1622 6008 1717 6078 Deus
1735 6054 1749 6076 .
1786 6003 1966 6079 Producat

771 6160 779 6168 .
1880 6121 1975 6175 tetra
