4450 7209
268 714 362 803 468
430 809 438 816 ·
564 810 574 830 .
609 707 860 792 DOMlNlCA
884 707 1108 824 SECUNDA
1132 704 1254 783 POST
1278 698 1647 783 Pemficosrurt.
1786 802 1792 812 .
1914 799 1922 812 ·

286 835 412 983 ibidis
430 809 900 986 .1p:¹pltllpfip;mocs¹tssplatrpeeirp
919 807 1012 981 alliitd
1028 811 1104 979 bosri
1201 906 1313 979 lessio
1333 902 1447 995 saniir·
1466 901 1646 1000 Evangelii
1664 896 1854 994 secudum
1882 899 1960 969 Mirr
1992 817 2032 897 π

288 1011 405 1083 audiat
425 1032 551 1083 vocem
590 1031 697 1081 meam
726 1036 736 1078 a
761 1006 986 1103 penitentiam
1000 1029 1099 1106 agam
1150 1001 1290 1076 theare.
1831 1003 1965 1072 cassis

291 1105 394 1200 super
431 1105 528 1180 bono
556 1109 651 1200 quod
677 1102 815 1181 locutus
842 1107 913 1177 sum
941 1129 951 1171 ι
983 1124 1019 1177 ut
1049 1107 1100 1176 fa·
1184 1138 1186 1143 ·

238 1224 258 1300 ς
291 1225 405 1274 cerem
433 1203 465 1274 ei
491 1251 502 1273 .
525 1204 626 1278 Nunc
652 1226 690 1274 er
717 1228 743 1277 o
764 1205 820 1276 dic
849 1204 927 1278 viro
950 1203 1035 1279 luda
1059 1205 1096 1276 δι
1126 1226 1156 1277 ·,
1212 1196 1277 1274 l.lo
1303 1193 1956 1297 intemporerominusnollerlesus

290 1231 925 1385 habitaroribusstiernsaiemdicens.
952 1301 1027 1373 Hec
1045 1300 1096 1373 di·
1220 1295 1675 1385 Christus-ambulausjuxta
1704 1319 1801 1370 mare
1817 1292 1953 1368 Galilee
1990 1317 2035 1389 50

293 1397 344 1468 cir
360 1397 531 1474 Dominus
549 1445 560 1467 .
581 1401 667 1472 Ecce
692 1422 758 1497 ego
772 1401 870 1498 lingo
892 1416 1013 1474 contra
1029 1424 1094 1472 vos
1144 1397 1235 1472 vidit
1248 1397 1337 1474 duos
1354 1400 1478 1472 fratres
1495 1398 1710 1491 aSymonem
1726 1395 1786 1489 qui
1803 1410 1954 1469 vocatur

289 1492 414 1569 malum
430 1525 440 1566 a
458 1500 493 1570 δι
518 1498 638 1594 cogito
665 1516 786 1571 contra
810 1520 873 1571 vos
900 1496 1096 1592 cogitatio·
1146 1498 1318 1570 Petmsa&
1333 1498 1507 1568 Andream
1523 1495 1666 1570 fratrem
1679 1492 1964 1579 eiusamittentes

274 1615 395 1666 nem·
423 1597 635 1667 Revertatur
664 1593 886 1690 unusquisque
917 1592 1011 1668 asia
1040 1594 1096 1668 sua
1128 1611 1223 1668 ·rete
1240 1593 1274 1664 in
1301 1617 1392 1666 mare
1410 1611 1534 1666 :erant
1553 1592 1645 1664 enim
1675 1592 1894 1688 piscatores.
1924 1589 1970 1661 Et

214 1716 260 1772 ιο
293 1685 452 1763 malas&
482 1690 627 1787 dirigite
644 1691 717 1766 vias
745 1694 869 1765 vestras
895 1717 905 1759 a
933 1693 969 1764 dt
990 1690 1098 1765 studia
1147 1694 1195 1765 ait
1228 1689 1321 1765 illis.
1349 1692 1476 1764 Venite
1502 1691 1575 1785 post
1590 1713 1642 1763 me
1660 1692 1720 1763 a&
1742 1688 1864 1763 faciam
1894 1710 1968 1761 vos

292 1789 404 1863 veslra
428 1787 641 1862 &habitabo
670 1787 868 1867 vobiscum.
895 1788 956 1863 Ait
975 1788 1098 1860 Domi·
1149 1786 1225 1863 sieri
1249 1788 1438 1885 piscatores
1467 1789 1675 1863 hominum.
1702 1786 1817 1860 Atilli
1844 1784 1967 1860 conti·
1991 1803 2031 1895 55

294 1907 356 1958 nus
380 1887 601 1980 omnipotens
618 1934 629 1958 .
655 1900 703 1978 l3r.
718 1893 828 1963 Amen
844 1936 854 1957 .
1062 1923 1068 1934 ·
1147 1910 1216 1959 nuo
1234 1884 1360 1962 relictis
1384 1886 1535 1960 retibusa
1550 1883 1657 1958 secuti
1675 1883 1753 1958 sunt
1781 1908 1893 1958 eum.
1920 1883 1965 1957 Et

248 1986 251 1993 '
341 1980 576 2056 miraturus.
605 1984 777 2058 Dominus
807 1986 849 2060 sit
868 1983 1003 2079 semper
1030 2008 1098 2058 vo·
1146 1988 1338 2083 procedens
1369 1984 1575 2061 indesvidit
1600 1981 1689 2055 alios
1713 1985 1804 2057 duos
1830 1982 1962 2054 fratres

292 2077 443 2154 bissum·
472 2095 520 2176 stt·
536 2081 577 2155 Et
592 2104 666 2154 cum
681 2081 826 2176 spiritu.
1142 2084 1308 2161 Jacobum
1338 2084 1485 2156 Zebedes
1514 2086 1549 2158 δι
1579 2080 1770 2156 iohannem
1816 2080 1963 2154 fratrem

214 2204 257 2282 ¹5
342 2178 540 2268 Pfiallendo.
557 2179 594 2249 ln
613 2198 693 2251 toto
721 2181 827 2254 corde
849 2203 927 2255 meo
941 2178 1098 2254 Domine
1147 2184 1223 2266 ejus
1253 2180 1286 2251 in
1308 2182 1389 2255 navi
1406 2205 1481 2253 cum
1493 2179 1654 2254 zebedeo
1676 2198 1775 2273 patre
1803 2199 1963 2252 eorume

191 2343 198 2357 ,
293 2274 442 2350 narrabo
471 2276 607 2349 omnia·
635 2275 805 2352 Mirabilia
822 2295 904 2349 tua.
935 2277 982 2369 ri.
1000 2279 1098 2353 Leta·
1148 2279 1342 2355 reficientes
1363 2277 1455 2352 retia
1470 2280 1549 2353 suar
1567 2277 1603 2348 δι
1625 2276 1773 2350 vocavit
1788 2298 1881 2349 eos.
1909 2267 1962 2347 llli
1989 2311 2036 2386 70·

294 2370 361 2445 bor
379 2376 412 2444 &
430 2368 595 2444 exultabo
609 2370 643 2442 in
659 2393 693 2446 te
708 2401 717 2441 ι
735 2372 871 2468 psallam
887 2375 1017 2452 nomini
1034 2394 1096 2451 tuo
1148 2395 1263 2449 autem
1279 2374 1387 2448 slatim
1413 2373 1545 2449 relictis
1564 2373 1744 2446 retibus&
1761 2393 1864 2467 patre
1882 2398 1892 2438 a
1907 2374 1961 2443 se·

294 2465 476 2542 altissime.
505 2469 755 2546 militabitis.
1146 2473 1219 2544 cuti
1244 2472 1321 2546 sunt
1349 2494 1453 2546 eum.
1484 2474 1526 2546 Et
1545 2471 1816 2549 circuibatlesus
1846 2487 1962 2542 totam

294 2567 397 2636 Dicar
412 2561 531 2642 presb.
544 2564 723 2643 Silentium
739 2569 867 2644 facite.
1145 2566 1310 2646 Galileam
1334 2571 1464 2644 docens
1494 2571 1526 2642 in
1543 2567 1720 2665 sinagogis
1752 2591 1872 2640 eorum
1891 2590 1902 2632 ι
1922 2573 1961 2643 &

210 2691 261 2749 20
1146 2668 1324 2762 predicans
1350 2667 1569 2766 evangelium
1602 2665 1702 2760 regni
1734 2692 1745 2733 ι
1771 2671 1808 2740 dt
1835 2665 1959 2738 sanans

194 2819 201 2836 ,
346 2762 525 2856 Sequentia
541 2759 802 2856 aspiraremus·
816 2763 969 2864 Apostoli
982 2765 1026 2837 ars
1041 2772 1099 2836 Co·
1145 2789 1282 2840 omnem
1308 2762 1507 2861 languorem
1521 2794 1530 2835 a
1545 2768 1581 2841 δι
1608 2786 1749 2837 οιιιιιειιι
1774 2763 1959 2837 infirmita·
1985 2788 2026 2874 75·

293 2857 436 2933 sinthios
452 2866 480 2929 1.
494 2869 542 2948 Βι.
556 2859 636 2937 Deo
651 2861 803 2961 gratias.
933 2870 1097 2936 carsilis.
1149 2882 1220 2935 tem
1235 2866 1268 2936 iu
1301 2861 1456 2955 populo.
1483 2867 1524 2939 Et
1553 2861 1638 2935 abiit
1670 2861 1794 2956 opinio
1817 2866 1891 2946 ejus
1919 2864 1954 2934 in

1147 2979 1259 3035 totam
1275 2960 1408 3054 Syriam
1434 2989 1444 3030 a
1475 2965 1511 3036 dt
1538 2956 1743 3034 obtulerunt
1769 2959 1801 3030 ei
1833 2983 1956 3033 omnes

294 3050 526 3232 FRatres.
557 3056 648 3129 Cum
664 3059 860 3133 convenitis
873 3059 1096 3156 unusquisque
1148 3059 1236 3131 male
1261 3058 1427 3129 habentes
1446 3059 1548 3132 variis
1572 3056 1817 3151 languoribus:
1833 3060 1955 3130 &tor-

209 3177 231 3233 2
235 3178 256 3255 5
390 3151 533 3224 vestrum
556 3150 719 3249 psalmum
736 3159 865 3232 habet·
894 3156 1096 3236 Doctrinam
1148 3158 1273 3230 mentis
1287 3157 1550 3249 comprehensos
1565 3181 1575 3226 a
1593 3154 1699 3246 &qui
1713 3154 1877 3227 demonia
1895 3158 1956 3230 ha·

290 3247 422 3319 habet.
449 3250 679 3345 Apocalipssm
705 3257 832 3327 habet.
858 3255 1023 3351 Linguam
1037 3257 1096 3327 ha·
1149 3255 1272 3327 bebant
1288 3255 1342 3323 a&
1355 3253 1518 3327 lunaticos
1534 3279 1543 3320 ι
1559 3255 1594 3325 &
1613 3249 1831 3347 paraliticos:
1851 3255 1886 3323 dt
1899 3278 1957 3325 cu·
1980 3271 2020 3342 80·

290 3340 352 3416 bet
375 3371 385 3414 a
405 3346 729 3443 interpretationem
745 3353 873 3425 habet·
899 3355 1023 3426 Omnia
1051 3357 1094 3428 ad
1144 3352 1237 3426 ravit
1254 3374 1339 3424 eos.
1364 3351 1406 3422 Et
1421 3351 1535 3426 secure
1557 3350 1728 3425 suuteum
1753 3349 1855 3421 turbe
1868 3348 1955 3423 mul-

189 3526 193 3533 ·
292 3441 553 3520 edificationem
570 3447 681 3520 siant·
706 3450 786 3525 Sine
808 3448 923 3546 lingua
949 3450 1022 3542 quis
1040 3446 1095 3522 lo·
1143 3469 1181 3523 te
1195 3452 1238 3520 de
1252 3444 1408 3521 Galilea.
1438 3450 1639 3618 Respondeat
1655 3448 1796 3518 Chorus.
1813 3450 1925 3519 Amen
1945 3494 1957 3518 .

288 3537 407 3630 quitur
420 3539 601 3618 secundum
616 3544 700 3621 duos
716 3575 725 3616 r
739 3566 798 3620 aut
813 3565 850 3619 ut
865 3546 1006 3624 multum
1024 3567 1093 3620 tres
1195 3548 1259 3618 Hic
1286 3547 1377 3618 dicar
1399 3555 1487 3620 Pres
1510 3593 1522 3617 .
1555 3545 1725 3622 Dominus
1752 3543 1794 3616 sit
1819 3543 1956 3637 semper

208 3666 256 3751 30
288 3635 326 3709 dt
341 3660 405 3735 per
430 3657 567 3733 partera
587 3644 623 3714 δι
638 3663 723 3717 unus
750 3636 1026 3740 interpretetur.
1057 3645 1092 3718 Si
1144 3642 1550 3739 vobiscumdlesbosdsar
1566 3643 1687 3716 Chorus
1700 3691 1711 3710 .
1726 3653 1775 3733 tta.
1792 3640 1836 3713 lit
1849 3663 1927 3713 eum
1944 3687 1955 3712 .

200 3796 205 3803 .
289 3750 489 3810 autemnon
506 3736 611 3811 suerit
628 3736 800 3835 interpres
815 3761 949 3819 :taceat
977 3745 1012 3816 irs
1030 3742 1093 3814 Ec·
1189 3743 1304 3813 *Lauda
1317 3787 1328 3810 .
1341 3737 1516 3827 Alleluia.
1541 3739 1590 3829 ir.
1606 3740 1720 3813 Lauda
1738 3735 1953 3816 Hierusalem
1982 3757 2024 3846 ες

286 3826 386 3908 clesia
412 3879 424 3904 .
452 3832 523 3908 Sibi
553 3853 669 3909 autem
704 3835 860 3934 loquatur
889 3870 898 3911 a
925 3845 960 3916 dt
990 3839 1091 3913 Deo.
1143 3838 1332 3914 Dominum
1358 3835 1956 3931 &conlaudaDeumtuumSyon.

286 3927 471 4039 Rrophete
495 3934 567 4006 duo
593 3953 649 4008 aut
676 3951 746 4008 tres
766 3939 878 4013 dicant
893 3943 951 4013 a&
984 3940 1092 4013 ceteri
1143 3948 1190 4011 P·
1202 3932 1376 4031 Alleluia·

284 4023 500 4110 dijudicent.
524 4032 657 4121 Qodsr
675 4031 733 4105 alii
762 4034 956 4111 revelatum
989 4037 1092 4109 fuerit

207 4153 252 4228 35
286 4120 417 4197 sedenti
430 4152 440 4194 a
455 4126 549 4220 prior
577 4149 713 4204 taceat·
738 4134 886 4208 Potestis
905 4159 966 4228 per
979 4135 1094 4230 singu·
1431 4130 1663 4218 Sacrificium}

265 4299 270 4307 ¹
286 4215 341 4292 los
351 4226 573 4319 prophetare:
583 4247 621 4296 ut
636 4252 758 4301 omnes
776 4231 962 4304 distante&
973 4255 1091 4304 omnes
1979 4269 2026 4335 ρο

285 4319 582 4393 exhortenturz&
598 4321 737 4416 spiritus
754 4327 993 4420 prophetarum
1010 4351 1092 4420 pro·
1245 4327 1400 4413 ileluia·
1419 4329 1468 4418 ab·
1482 4330 1647 4404 Offerent
1664 4329 1874 4403 Sacerdotes
1893 4329 1949 4400 su·

283 4414 399 4507 phetis
413 4415 582 4503 subjedlus
596 4421 668 4493 ess.
691 4421 774 4496 Non
789 4423 880 4497 enim
895 4424 944 4496 est
965 4424 1088 4496 dissen·
1260 4450 1322 4521 per
1354 4422 1463 4499 altare
1479 4423 1676 4502 holocausta
1701 4428 1810 4498 vestra
1843 4453 1855 4492 a
1886 4427 1947 4517 qui

283 4509 387 4587 fiunis
402 4519 496 4587 Deus
520 4544 529 4584 r
557 4513 611 4588 sed
635 4519 841 4612 pacisrsicur
866 4523 899 4593 in
932 4523 1088 4596 omuibus
1137 4548 1201 4621 pro
1230 4546 1315 4618 pace
1332 4523 1457 4597 facient
1472 4522 1632 4598 sacrificia
1660 4552 1670 4592 a
1697 4527 1732 4594 δι
1755 4522 1952 4619 placabitur

203 4638 255 4712 40
283 4604 440 4685 Ecclesiis
471 4611 672 4688 Sanctorum
695 4620 836 4693 doceo·
860 4617 1027 4691 Mulieres
1052 4621 1086 4693 in
1137 4620 1240 4697 vobis
1256 4621 1428 4697 Dominus
1446 4620 1542 4692 Deus
1556 4623 1684 4693 vester:
1701 4617 1848 4704 alleluiae
1866 4619 1954 4694 alle-

208 4776 211 4781 .
284 4705 441 4784 Ecclesiis
465 4731 627 4785 taceant.
653 4715 736 4789 Non
764 4715 855 4789 enim
871 4717 1087 4812 permittitur
1138 4717 1378 4806 luiaralleluja
1392 4766 1403 4790 .
1417 4715 1463 4812 yla·
1478 4714 1653 4805 Alleluia·
1676 4722 1883 4793 Sacerdotes
1913 4721 1952 4790 dt
1977 4748 2023 4820 95

283 4806 334 4919 eis
350 4805 442 4901 loqui
460 4808 540 4879 ised
553 4809 699 4886 subditas
715 4813 781 4884 esse
797 4813 880 4888 ficut
897 4811 954 4885 lex
980 4813 1086 4889 dicit.
1137 4818 1258 4891 Levite
1286 4818 1343 4912 qui
1372 4816 1607 4890 custodierunt
1634 4815 1839 4888 cerimonias
1872 4815 1952 4887 san·

284 4906 402 4999 Siquid
428 4927 540 4978 autem
554 4906 679 4982 volunt
703 4911 858 4984 discere:
876 4909 968 4987 domi
986 4911 1085 4986 viros
1136 4912 1256 4988 &uarii
1273 4914 1354 4988 meir
1369 4915 1451 4987 dum
1461 4932 1618 4988 errarent
1630 4909 1705 4982 Filii
1722 4911 1822 4985 lsrael
1837 4938 1856 4984 a
1870 4937 1942 4985 mea

284 5000 365 5076 suos
382 5005 631 5099 interrogent.
656 5008 771 5102 Turpe
786 5011 832 5080 esi
845 5011 933 5084 enim
951 5006 1086 5081 mulieri
1137 5013 1197 5106 ipss
1215 5014 1378 5086 accedent
1407 5013 1448 5085 ad
1466 5035 1519 5084 me
1550 5031 1586 5082 ut
1610 5009 1801 5083 ministrent
1831 5008 1949 5085 mihi.

202 5128 251 5201 45
288 5095 1003 5192 loquiinEctlesia.Anavobisverbum
1017 5107 1086 5180 Dei
1136 5109 1283 5182 stabunt
1315 5111 1350 5182 in
1375 5107 1560 5202 conspeslu
1586 5131 1661 5181 meo
1689 5132 1699 5173 a
1726 5127 1765 5179 ut
1789 5106 1949 5183 offerant

282 5198 449 5294 processit
467 5225 477 5272 r
494 5217 552 5273 aut
567 5198 603 5271 in
616 5224 681 5273 vos
705 5199 799 5278 solos
815 5205 976 5298 pervenit
994 5210 1010 5274 Ρ
1036 5204 1088 5278 Si·
1135 5206 1218 5279 mihi
1232 5205 1431 5283 sacrificium
1447 5253 1458 5277 .
1486 5216 1531 5278 P.
1547 5208 1590 5278 Et
1604 5204 1793 5301 placabitur
1815 5205 1948 5282 vobis.
1979 5238 2037 5295 m

282 5295 357 5391 quis
374 5295 511 5370 videtur
528 5299 702 5392 propheta
725 5299 790 5373 effe
807 5321 866 5373 aus
881 5301 1086 5396 spiritualis:
1184 5300 1281 5396 Mrffa
1296 5352 1308 5376 .
1325 5305 1649 5401 Appropinquautes
1667 5303 1709 5376 ad
1734 5302 1867 5378 sacrum
1885 5351 1899 5376 .

283 5395 475 5487 cognoscat
498 5419 564 5487 que
586 5393 696 5469 scribo
720 5395 823 5473 vobis
851 5401 928 5492 quia
942 5399 1087 5477 Domini
1185 5405 1330 5496 ligqrrire
1360 5420 1452 5476 retro
1480 5409 1514 5475 in
1540 5403 1652 5498 primo
1677 5403 1850 5476 Domitian
1874 5398 1951 5502 poss

202 5577 204 5582 λ
271 5487 362 5562 suut
390 5494 586 5566 mandata.
628 5493 740 5587 Siquis
768 5512 881 5574 autem
922 5498 1086 5595 ignorata
1136 5496 1603 5590 Pentecosten0fol.chXV.

204 5609 253 5683 50
285 5586 504 5682 ignorabitur
531 5637 542 5659 ·
581 5591 700 5682 ltaque
735 5594 860 5668 fratres
895 5593 1086 5671 emulamini
1185 5597 1823 5673 Dicarchorus.Gusiate&videte.

283 5689 499 5779 prophetare
514 5689 573 5758 a&
597 5686 692 5781 loqui
711 5690 834 5791 linguis
864 5691 976 5768 nolite
1002 5718 1088 5788 pro·
1190 5692 1553 5772 com.Refeuichriui
1567 5719 1746 5793 corpore.
1979 5718 2031 5800 ¹⁰5

287 5782 408 5858 hibere
422 5792 584 5864 ··Omu¹a
608 5806 722 5867 autem
742 5792 884 5865 honesle
911 5795 947 5866 δι
973 5792 1091 5868 secun-
1188 5795 1333 5888 Rean‘re
1355 5808 1446 5871 retro
1458 5800 1494 5870 ia
1498 5790 1582 5885 fello
1594 5798 1741 5892 corporis
1759 5787 1878 5880 Christi
1886 5790 1948 5882 fo·

279 5885 365 5957 dum
401 5886 563 5963 ordinem
589 5885 700 5962 hant.
725 5888 926 5991 Mordeat
949 5891 1091 5988 shores.
1141 5892 1188 5967 lio
1204 5899 1381 5965 CCLXVII-

279 5981 420 6060 Arnen·
542 6041 547 6049 a
1190 5990 1333 6086 oratis·
1353 5988 1480 6078 Chrisli
1491 5989 1638 6073 Domini
1649 5992 1783 6075 nostri.
1828 6062 1958 6188 W.

354 6116 356 6120 .
1926 6118 1957 6168 r·
