4450 7209
984 449 1042 454 -.--
1092 449 1098 451 -
1137 449 1178 453 —v
1224 449 1230 451 -
1253 447 1327 455 v=---v

511 715 788 796 DOMINICA
813 717 1017 799 Quunru
1046 707 1107 793 nt
1131 705 1545 811 Qurnktctsmts'.
1802 723 1871 808 aa

194 841 354 920 magnum
383 817 428 892 de
453 841 498 892 eo
525 841 602 891 erat
617 819 649 890 in
668 819 794 891 turba.
820 817 1003 906 Quidam,
1057 836 1112 892 me
1127 836 1288 910 tempore
1313 817 1485 892 mediante
1511 809 1654 913 arripite
1682 815 1727 890 de
1742 817 1867 894 futuro
1898 837 1943 914 55

195 923 293 993 enim
306 920 465 991 dicebant
476 914 575 1011 :quia
589 921 702 991 bonus
715 917 763 988 eil
777 963 788 986 .
804 913 874 988 Alii
892 938 1008 992 autem
1058 914 1177 990 labore
1195 914 1355 990 slduciam
1370 942 1381 983 a
1396 917 1454 1010 qui
1469 915 1631 1013 preteriti
1659 917 1779 1004 ieiunii
1793 922 1861 1002 iam

196 1017 382 1090 dicebantr
399 1039 469 1090 non
488 1017 569 1088 used
584 1014 869 1088 seducitturbas.
893 1012 1011 1090 Nemo
1055 1007 1265 1110 transegistis
1291 1037 1447 1090 erumnas
1477 1059 1489 1086 .
1517 1014 1628 1088 Dabit
1650 1013 1743 1090 lesus
1774 1011 1864 1088 laffis

199 1133 314 1192 tamen
329 1110 440 1212 palam
454 1111 660 1212 loquebatur
676 1114 720 1183 de
735 1110 798 1187 illo
823 1138 833 1181 a
862 1133 1009 1210 propter
1056 1112 1297 1188 fortitudinem
1326 1137 1336 1180 s
1367 1111 1427 1206 qui
1452 1109 1865 1210 pronobiedignatusesl

141 1229 167 1304 ς
196 1209 1008 1298 metumJudeorum·lamauteandiefestome·
1054 1209 1249 1284 infirmari.
1275 1209 1419 1284 Tribnet
1446 1205 1697 1303 perfectionem
1727 1209 1865 1284 suturis

197 1312 328 1387 ediante:
342 1311 597 1390 ascenditlesur
611 1311 644 1383 in
656 1308 833 1406 templum:
850 1313 885 1383 dt
897 1310 1008 1384 doce·
1053 1306 1111 1403 qui
1128 1307 1223 1378 iniria
1237 1306 1383 1381 donavit
1397 1307 1558 1399 preteriti
1575 1357 1587 1380 .
1613 1304 1742 1380 Aderit
1757 1307 1790 1378 in
1805 1329 1866 1378 au·
1892 1335 1950 1409 5,

197 1412 282 1483 bat.
308 1415 350 1485 Et
363 1410 575 1484 mirabantur
591 1409 882 1486 ludeidiccntesa
907 1413 1008 1498 Quo·
1057 1400 1149 1479 xiiio
1168 1403 1229 1477 filii
1259 1434 1268 1473 a
1297 1405 1356 1498 qui
1391 1403 1448 1482 suc
1478 1425 1545 1484 uos
1573 1403 1669 1504 cupit
1688 1404 1867 1502 prestolari

197 1512 306 1583 modo
322 1510 378 1580 hic
391 1505 524 1582 litteras
540 1506 602 1582 scit
617 1535 628 1576 a
644 1529 719 1578 cum
734 1530 803 1581 non
817 1506 1007 1579 didicerit?
1055 1498 1208 1606 gloriam
1226 1501 1412 1595 passionis.

201 1606 395 1704 Respondit
409 1603 560 1685 cislesus
572 1604 710 1678 &dixit
722 1653 732 1674 .
746 1607 827 1678 Mea
848 1603 1008 1679 dobirina
1156 1613 1204 1696 lit·
1218 1605 1355 1678 Arnen.

119 1721 171 1778 ιο
200 1729 271 1778 non
286 1708 335 1779 est
347 1725 423 1778 mea
439 1703 522 1778 :sed
536 1707 610 1788 eius
625 1702 682 1800 qui
700 1702 787 1776 misit
802 1724 855 1774 me
867 1750 878 1773 .
892 1701 1005 1797 Siquis

197 1799 1007 1902 uoluerituoluntatemejuriacereacognoscet
1339 1797 1586 1876 Alisontia}
1888 1819 1938 1919 55

198 1901 414 1976 dedodlrina
429 1919 544 1976 utrum
559 1921 605 1972 er
620 1904 703 1976 Deo
714 1903 757 1974 sit
784 1928 794 1972 a
820 1925 862 1974 an
888 1923 1007 1999 egoa
1166 1895 1413 1975 Eusconditor
1437 1903 1473 1973 δι
1506 1915 1691 1996 reparator
1708 1897 1865 1976 viteltu·
1937 1909 1940 1923 '

198 2022 254 2076 me
275 1995 514 2097 ipsoloquar.
534 1996 605 2090 Qut
632 2025 652 2074 a
678 1998 867 2095 semetipso
893 1997 1006 2092 loqui·
1178 2019 1276 2072 mane
1292 2029 1301 2070 r
1318 2019 1440 2093 repara
1473 1997 1507 2070 iu
1523 1998 1623 2073 nobis
1639 2001 1733 2092 quod
1748 1999 1865 2073 nasta·

198 2114 258 2171 tur
269 2125 280 2167 a
292 2096 440 2196 gloriam
455 2098 634 2195 propriam
647 2100 761 2193 querit
777 2145 788 2168 .
803 2097 876 2190 Qi
891 2115 1006 2171 autem
1058 2110 1119 2166 tur
1130 2117 1175 2166 ex
1190 2092 1290 2169 nobis
1318 2120 1329 2165 a
1354 2119 1418 2168 nec
1445 2109 1561 2170 tamen
1585 2097 1734 2194 reparari
1748 2099 1863 2195 potest

118 2205 168 2286 15
198 2196 313 2292 querit
328 2193 473 2296 gloriam
500 2202 575 2282 eius
600 2197 659 2292 qui
685 2196 776 2273 mist
791 2194 886 2272 illurn
910 2223 921 2266 a
948 2193 1004 2267 bic
1056 2191 1216 2266 anobis.
1240 2192 1438 2294 Daigitura
1456 2192 1566 2290 utqui
1590 2199 1635 2270 ad
1651 2196 1777 2270 horum
1789 2219 1862 2275 me·

197 2316 308 2370 verax
320 2294 368 2366 eil
381 2299 435 2371 a&
449 2293 610 2382 injustitia
623 2292 730 2370 inillo
743 2319 814 2372 non
826 2295 1008 2369 ermon·
1054 2288 1222 2366 dietatem
1236 2291 1370 2368 dierum
1385 2308 1421 2367 te
1436 2309 1608 2368 annuente
1622 2294 1855 2389 pervenimusa
1887 2328 1943 2413 70

195 2415 240 2463 ne
254 2392 398 2488 Moyses
414 2391 626 2470 dedituobis
642 2391 943 2492 legemr&nemo
958 2412 1005 2464 ex
1055 2388 1099 2463 ad
1128 2388 1292 2486 paschalis
1323 2391 1439 2490 gaudii
1463 2391 1538 2465 dies
1577 2409 1615 2464 te
1642 2391 1861 2490 propitiante

194 2489 300 2564 robis
314 2493 395 2568 iacit
409 2491 561 2589 legem?
593 2492 686 2584 Qid
708 2516 764 2567 me
788 2492 934 2588 queritis
948 2490 1005 2564 in·
1053 2483 1225 2574 celebrius
1250 2493 1472 2566 accedamus.
1503 2488 1713 2566 Reficiamur
1739 2489 1865 2584 quesu-

200 2589 397 2664 teriicere?
422 2588 616 2687 Respondit
627 2591 775 2666 turba&
792 2592 907 2665 dixit.
928 2590 1005 2663 De·
1055 2585 1347 2662 musboneDeur
1375 2611 1464 2684 pane
1492 2585 1744 2682 lachrymarum
1755 2588 1865 2664 iubas

116 2705 168 2760 rto
196 2686 351 2763 monium
362 2687 465 2762 babes
479 2717 490 2758 a
502 2687 576 2786 quis
592 2709 628 2762 te
640 2688 755 2784 querit
772 2688 1004 2766 interlicere?
1053 2684 1175 2772 ieiunii
1193 2686 1251 2764 via
1276 2716 1287 2759 a
1314 2703 1355 2761 ut
1369 2689 1586 2783 deponentes
1600 2687 1733 2762 veteris
1749 2686 1861 2762 bomi⁴

195 2783 495 2880 Responditlcsus
509 2814 519 2855 a
535 2789 572 2859 δι
589 2787 680 2861 dixit
693 2786 743 2859 eis
760 2839 772 2860 .
787 2793 898 2863 Unum
913 2807 1001 2882 opus
1054 2783 1107 2857 nis
1125 2783 1321 2862 indumenta
1352 2813 1362 2857 a
1386 2787 1520 2882 expiati
1533 2807 1726 2862 mereamur
1743 2786 1859 2860 sacro·
1887 2823 1940 2903 75

195 2880 1002 2982 steia&omnesmiramini0ProptereaMoy·
1053 2879 1206 2956 sardium
1220 2883 1406 2982 pervenire
1419 2887 1462 2956 ad
1477 2885 1604 2961 Pascha
1622 2883 1733 2958 ·Crea
1747 2883 1779 2956 in
1796 2907 1862 2958 uo-
1936 2921 1942 2934 κ

198 2979 250 3051 ses
263 2982 360 3054 dedit
375 2983 476 3060 vobis
491 2982 781 3062 circumcisionem
795 3011 805 3055 t
820 3009 890 3058 uon
921 2984 1001 3078 quia
1053 2981 1105 3054 bis
1119 2979 1285 3058 defideria
1317 2982 1457 3056 vifionir
1482 3003 1540 3056 tue
1564 3010 1575 3051 a
1599 3005 1671 3076 quo
1687 2977 1862 3054 excellen-

197 3099 243 3149 ex
258 3080 388 3175 Moyse
401 3083 450 3154 est
463 3108 473 3148 a
487 3080 546 3154 sed
559 3104 603 3156 ex
615 3084 770 3178 patribus
794 3112 805 3153 a
829 3086 864 3156 ὰ
879 3084 913 3155 in
928 3082 1001 3154 sab·
1052 3097 1124 3153 tem
1141 3079 1175 3151 in
1186 3081 1346 3155 cordibus
1361 3079 1481 3153 rosiris
1492 3108 1501 3151 a
1511 3083 1547 3153 δι
1562 3076 1773 3175 presentibus
1783 3101 1857 3152 nort

116 3193 167 3268 ὣς
197 3177 283 3251 bato
311 3177 558 3253 circumciditis
585 3181 787 3254 bominem·
810 3181 846 3256 Si
859 3180 1003 3257 circum·
1053 3194 1239 3251 terreamur
1255 3176 1430 3252 laboribus
1446 3179 1503 3251 a&
1520 3177 1618 3253 beate
1634 3173 1706 3274 spei
1723 3176 1858 3277 premia

198 3274 363 3351 cidonrm
377 3278 501 3375 accipit
517 3277 623 3350 bomo
637 3279 673 3350 in
686 3276 829 3356 sabbato
844 3306 854 3350 a
870 3296 910 3349 ut
932 3299 1001 3349 non
1051 3272 1184 3352 avidius
1200 3275 1426 3372 prestolemur
1444 3323 1456 3348 .
1886 3295 1935 3376 80

194 3371 352 3449 soluatur
378 3378 452 3452 Lex
473 3374 589 3469 Moysi
611 3399 622 3442 a
646 3375 730 3452 mibi
745 3375 999 3476 indignaminia
1444 3397 1451 3420 ¹

193 3472 272 3568 quia
286 3492 402 3548 totum
415 3475 592 3548 bominem
605 3474 719 3547 sanum
736 3473 801 3546 seri
833 3476 869 3548 in
882 3473 1000 3550 sabba·
1337 3468 1414 3555 Posi
1426 3476 1578 3548 namins:

196 3585 238 3644 to
253 3573 269 3638 ἓ
284 3569 409 3648 Nolite
421 3574 572 3658 iudicare
583 3570 764 3647 secundum
778 3572 923 3648 facietne
942 3573 1000 3648 sed
1141 3570 1300 3650 Ccelesu
1314 3573 1364 3645 his
1379 3570 1499 3644 diebus
1513 3569 1668 3649 salutaris
1684 3573 1857 3648 abstinen-

104 3688 163 3770 30
197 3669 326 3746 rectura
333 3671 496 3757 iudicium
512 3671 687 3756 judicate.
703 3673 902 3767 sublmen.
1153 3669 1200 3741 tie
1215 3671 1371 3746 mediatis
1386 3698 1396 3740 a
1412 3671 1595 3746 deferimus
1623 3673 1685 3744 tibi
1713 3675 1782 3746 hoc
1804 3672 1858 3746 sa·

242 3769 345 3839 Dicat
358 3766 569 3864 Presbyter.
599 3768 772 3845 Dominus
799 3770 841 3842 stt
861 3770 996 3867 semper
1050 3765 1217 3844 crificium
1233 3769 1346 3843 nostre
1360 3769 1633 3862 redemptionis.
1660 3770 1720 3842 Ob
1736 3771 1804 3847 boc
1819 3787 1856 3844 te
1884 3785 1930 3878 85

195 3863 462 3957 vobiscumet
479 3867 609 3942 Etcum
624 3867 770 3964 spiritu.
1050 3861 1218 3956 poscimus
1235 3867 1269 3938 dt
1284 3890 1446 3964 rogamus
1480 3893 1489 3934 a
1514 3881 1628 3962 ut‘per
1640 3863 1740 3951 huius
1756 3867 1857 3942 sacri·

244 3965 385 4036 lauda.
413 3964 621 4038 Gaudebunt
634 3965 722 4038 labia
738 3987 810 4038 mea
824 3966 907 4038 dum
920 3988 1000 4041 can·
1049 3957 1121 4030 titii
1141 3961 1350 4038 oblationem
1367 3964 1591 4062 gratissimam
1608 3992 1617 4032 a
1634 3965 1669 4035 δι
1686 3965 1775 4037 vivis
1791 3964 1857 4039 bo·

196 4073 323 4134 caveto
340 4061 402 4133 tibi
431 4088 441 4130 a
471 4063 506 4133 δι
520 4064 631 4136 anima
647 4087 720 4136 mea
737 4063 999 4157 quamredemi-
1049 4079 1172 4132 uorum
1200 4061 1393 4136 tribuantur
1414 4058 1636 4157 spiritualium
1662 4061 1852 4137 incremen-

108 4177 166 4255 35
195 4157 259 4228 sii.
288 4155 337 4249 pb.
351 4160 420 4232 Sed
435 4158 600 4257 &lingua
623 4183 699 4234 mea
711 4162 929 4236 annunciabit
942 4166 999 4246 iu·
1049 4176 1086 4228 ta
1101 4183 1111 4225 r
1125 4157 1341 4234 &defundis
1360 4159 1517 4236 fidelibus
1531 4162 1667 4256 requies
1681 4160 1855 4236 conceda·

195 4256 322 4330 stiriam
346 4279 439 4332 tuam
469 4285 480 4326 a
509 4276 587 4333 tota
621 4259 678 4331 die
706 4255 839 4333 laudem
869 4278 999 4334 tuam.
1049 4269 1262 4332 rureterna.
1879 4295 1932 4365 9.

191 4349 243 4442 pi.
254 4356 346 4428 Dum
359 4356 488 4429 confnu
512 4357 547 4428 dr
570 4355 715 4430 reveriti
739 4357 868 4430 suerint
882 4382 1001 4434 omnes
1344 4361 1564 4453 Adparent.
1927 4359 1934 4372 '

192 4449 251 4545 qui
269 4473 416 4547 querunt
432 4454 577 4527 animam
591 4478 723 4528 meam.
1151 4450 1264 4526 Hritle
1279 4463 1373 4542 cujus
1386 4455 1543 4530 dodrina
1569 4457 1602 4529 in
1619 4455 1755 4554 templo
1781 4481 1855 4537 me·

243 4561 391 4624 Preces.
406 4554 608 4627 Penitentes
621 4572 721 4626 orate
735 4553 802 4625 dte.
1161 4550 1278 4626 diante
1293 4555 1349 4626 die
1363 4557 1449 4627 festo
1463 4554 1677 4628 ammirabilis
1696 4556 1767 4630 visa
1784 4561 1855 4630 esta

110 4669 167 4744 ρο
240 4651 388 4744 &quire
408 4648 589 4730 folmu.
617 4646 841 4733 sacrificium.
865 4652 1002 4726 Sacrifi.
1050 4644 1184 4718 fatum
1213 4648 1247 4720 in
1275 4648 1440 4724 dodrinis
1457 4651 1524 4723 tuis
1539 4655 1611 4749 iugi
1627 4655 1853 4729 meditatione

199 4744 289 4819 cium
311 4748 393 4822 Deo
409 4746 546 4841 spiritus
560 4743 903 4823 contribulatusrcor
916 4771 1001 4826 con·
1049 4763 1187 4818 manete
1205 4769 1330 4842 eatque
1345 4771 1384 4820 ea
1401 4750 1531 4842 semper
1543 4773 1587 4822 ex
1600 4750 1677 4844 ipsis
1690 4753 1852 4829 memorie
1873 4775 1928 4854 95

196 4843 595 4937 tritum&humiliaturn
621 4847 715 4917 Deus
741 4867 811 4917 non
828 4847 1000 4940 despicit.
1049 4843 1161 4912 nostre
1174 4843 1456 4919 commendabilia
1469 4849 1552 4916 esset
1568 4867 1634 4940 que
1651 4853 1685 4922 δι
1704 4854 1747 4924 ad
1757 4873 1852 4926 auto-

199 4939 249 5030 ir.
263 4944 412 5019 benefac
428 4942 580 5015 Domine
596 4942 629 5012 in
645 4939 925 5015 bonavoluntate
940 4965 1000 5019 tua
1048 4959 1123 5009 rem
1150 4963 1213 5015 nos
1232 4943 1420 5016 fraternum
1447 4942 1568 5036 absque
1585 4943 1683 5019 ullius
1700 4947 1851 5024 simulta-

196 5040 294 5132 Syon
321 5069 331 5110 ε
361 5061 401 5112 ut
417 5039 622 5112 edificentur
646 5040 733 5115 muri
760 5037 998 5118 Hierusalem.
1046 5033 1439 5132 tisvitio'pertrabanta
1468 5041 1502 5110 δι
1528 5043 1565 5114 in
1585 5041 1635 5116 tui
1662 5043 1854 5125 diledione

113 5161 166 5234 45
197 5146 244 5209 φ.
256 5140 332 5211 cof
343 5137 552 5214 contritum.
1047 5130 1417 5214 desiderioardentiori
1432 5137 1637 5217 succendant
1652 5187 1665 5214 .

537 5229 659 5326 Mssi-
1145 5245 1195 5327 lja.
1211 5238 1346 5308 Amen.
1878 5269 1952 5328 τοο

285 5332 495 5427 spectantes
512 5332 646 5408 beatam
661 5329 750 5407 islam
765 5331 857 5427 sptm
872 5336 998 5431 passio·
1371 5335 1493 5410 Iulutio
1512 5385 1522 5409 .

297 5431 350 5505 nir
365 5456 402 5504 ac
417 5431 677 5508 resurrectionis
703 5430 765 5506 filii
788 5431 857 5505 Dei
871 5437 997 5507 fratres
1045 5424 1141 5604 D
1159 5431 1280 5529 sgnum
1298 5434 1333 5506 ἃ
1346 5439 1466 5519 iustum
1482 5438 1528 5509 est
1542 5461 1604 5512 nos
1631 5436 1694 5510 tibi
1717 5431 1848 5534 gratias

196 5530 379 5603 charissimi
396 5535 456 5606 a&
471 5530 775 5607 manifestationem
791 5527 904 5626 glorie
915 5533 997 5602 bea·
1166 5553 1273 5627 agere
1287 5529 1438 5606 Domine
1456 5533 1567 5606 sandie
1581 5538 1849 5632 paterpmnipo-

116 5640 166 5728 ‘50
197 5627 226 5700 ti
239 5630 274 5701 δι
288 5626 482 5704 Salvatoris
504 5629 698 5706 nostrilesu
711 5629 836 5700 Chriili
856 5627 997 5704 resumi·
1045 5639 1123 5696 tens
1136 5625 1252 5698 Deura
1270 5627 1621 5722 perlesumChriilum
1638 5629 1852 5709 filiumtuum

193 5743 231 5796 te
245 5724 371 5800 virium
385 5726 626 5800 fortitudinem
658 5753 667 5793 a
695 5727 732 5798 bt
748 5750 818 5799 non
834 5724 924 5818 quasi
939 5727 998 5799 su·
1046 5718 1232 5800 Dominum
1246 5725 1418 5800 nostrum.
1449 5725 1511 5798 Ille
1537 5729 1663 5825 quippe
1690 5730 1760 5804 diei
1778 5729 1851 5804 festi
1879 5751 1951 5836 ιο,

195 5841 281 5898 turo
295 5824 493 5899 terreamini
507 5826 550 5896 de
565 5821 684 5901 labore
700 5850 711 5892 e
727 5825 784 5916 qui
800 5825 841 5899 ad
857 5823 997 5918 pascha·
1047 5836 1204 5917 tempore
1229 5824 1402 5898 mediante
1428 5849 1438 5892 a
1468 5823 1615 5899 ascendit
1638 5826 1671 5897 in
1686 5827 1853 5925 templum

193 5919 237 5994 sis
250 5920 433 5995 Dominice
459 5921 585 6018 cupitis
609 5918 800 5996 anhelando
814 5923 997 6018 pervenire
1047 5918 1177 5992 docere
1201 5949 1210 5988 a
1237 5924 1333 6006 cuius
1362 5919 1552 5995 dodrinam
1590 5925 1854 6004 ammirabantur

191 6017 456 6094 celebritatem·
483 6025 623 6100 Sacrate
637 6018 764 6096 etenim
780 6021 998 6118 quadragesi·
1051 6015 1153 6092 turbe
1169 6041 1180 6086 a
1198 6017 1368 6106 occultam
1380 6017 1572 6098 divinitatis
1595 6018 1629 6122 in
1646 6024 1857 6106 eoneseieu·

289 6121 527 6219 ngrdoeqr.
1374 6119 1407 6195 R
1455 6163 1466 6196 t
1746 6119 1751 6127 ’
1800 6140 1861 6200 tes
