4450 7209
474 761 612 825 cxvnr
911 735 1664 826 PRAEFATIO.

462 854 744 964 suetudinem,
774 852 948 941 concilii
978 853 1141 940 celebris
1167 853 1432 962 ausloritate,
1465 850 1702 962 indusium,
1735 857 1775 940 &
1805 859 2003 941 Romana
2024 861 2106 944 Et)

474 976 593 1062 clesra
630 973 934 1058 venerationem
967 1001 1047 1059 non
1078 967 1382 1088 opposuerunt?
1423 972 1556 1084 Hujus
1596 975 1686 1058 sane
1729 973 1872 1057 silentii
1906 975 2100 1071 nonalia

474 1096 577 1180 ratio
608 1094 738 1176 afferri
771 1090 931 1206 potest,
962 1120 1085 1205 quam
1117 1095 1210 1205 quia
1238 1093 1422 1206 Liturgia
1454 1096 1640 1178 Romana
1671 1092 1776 1207 apud
1802 1095 1998 1180 Gallaeciae
2030 1121 2102 1208 po·

211 1253 214 1258 ¹
352 1245 441 1327 244
475 1216 587 1330 pulos
621 1211 691 1294 usu
733 1215 771 1296 8(
805 1211 921 1327 praxi
957 1240 1163 1323 nunquam
1206 1210 1436 1299 obtinuerat
1455 1270 1472 1302 .,
1507 1213 1695 1324 Denique
1726 1240 1819 1296 cura
1859 1213 2101 1327 peculiaris,

281 1352 284 1364 ⁴
476 1360 601 1443 quam
629 1332 858 1415 Concilium
887 1356 1077 1442 quartum
1105 1333 1354 1419 Toletanum
1385 1329 1569 1447 posuerat
1602 1332 1642 1414 in
1675 1331 1721 1415 iis
1752 1331 2103 1416 consuetudinibus

472 1450 778 1551 Provinciatum
812 1450 1060 1557 evellendis,
1093 1478 1181 1562 quae
1213 1452 1408 1564 liturgica
1436 1448 1654 1534 concordiae
1699 1451 1831 1532 obesse
1869 1473 2102 1565 poterant,

468 1573 589 1684 plane
621 1566 829 1684 persuadet
857 1569 955 1653 ritus
986 1575 1192 1657 Romanos
1232 1574 1275 1656 in
1303 1570 1491 1658 Gallaecia
1531 1568 1694 1652 usitatos
1738 1573 1913 1654 minime
1942 1570 2102 1657 fuisse·

468 1683 617 1796 Nam,
662 1712 705 1773 ut
738 1690 812 1772 hoc
847 1716 925 1780 uno
955 1689 1144 1803 exemplo
1176 1713 1297 1797 utar,
1337 1717 1432 1773 cum
1461 1688 1692 1773 Concilium
1724 1688 1906 1801 primum
1933 1697 2101 1776 Bracca·

469 1808 605 1913 rense,
632 1804 941 1915 ausloritatem,
967 1807 1184 1895 Laodiceni
1199 1809 1367 1894 concilii
1388 1801 1480 1919 (a),
1509 1806 1712 1913 secutum,
1740 1808 2003 1920 prohibuisset
2023 1802 2102 1923 (b),

349 2005 353 2013 .
471 1954 522 2011 ne
551 1927 746 2036 Hymni,
776 1927 957 2012 humano
987 1928 1148 2040 ingenio
1179 1927 1422 2040 compositi,
1453 1924 1497 2006 in
1524 1926 1698 2011 Ecclesia
1730 1952 1992 2035 canerentur,
2026 1934 2099 2012 Pa·

474 2067 553 2129 tres
581 2046 807 2154 Toletani,
847 2070 1043 2132 canonem
1084 2048 1191 2131 hunc
1224 2041 1558 2150 Braccarensem,
1599 2065 1738 2127 contra
1770 2068 1979 2159 receptum
2011 2073 2099 2129 mo·

470 2193 560 2251 rem
592 2164 859 2252 Ecclesrarum
893 2165 1121 2280 Hispania,
1154 2169 1192 2254 8<
1221 2166 1361 2252 Galliae
1389 2160 1633 2270 conditum,
1662 2162 1730 2246 suo
1760 2163 1921 2248 decreto
1942 2160 2001 2278 (c)
2031 2165 2098 2249 ab·

471 2306 694 2398 rogarunt,
734 2283 921 2399 imposita
952 2283 1380 2389 excommunicationis
1412 2279 1642 2393 poenalis,
1681 2283 1751 2397 qui
1784 2289 1977 2395 Hymnos
2007 2284 2099 2394 reji-

473 2428 587 2513 cere,
620 2404 862 2489 eonomine
892 2404 973 2489 aust
1005 2403 1187 2507 suerint,
1220 2402 1328 2516 quod
1361 2402 1543 2487 humano
1574 2400 1734 2512 ingenio
1765 2404 1978 2517 compositi
2003 2401 2099 2488 suis·

361 2553 440 2641 243
474 2519 592 2630 sent,
632 2548 705 2606 nec
739 2520 780 2607 in
808 2522 969 2609 Divinis
995 2522 1207 2637 Scripturis
1245 2524 1497 2636 legerentur.
1538 2525 1672 2602 Patres
1714 2521 1839 2633 igitur
1870 2522 2097 2634 Toletani,

400 2696 403 2701 »
473 2641 545 2753 qui
577 2639 617 2724 in
646 2641 724 2724 hac
751 2667 828 2752 re,
857 2643 974 2756 longe
1002 2641 1169 2726 minoris
1197 2640 1428 2748 momenti,
1459 2637 1558 2723 adeo
1588 2639 1712 2722 severi
1743 2645 1780 2722 le
1808 2642 2101 2751 exhibuerant,

473 2760 504 2844 fi
536 2759 576 2842 in
606 2760 791 2845 Gallaecia
822 2760 1028 2875 vigentem
1061 2757 1406 2874 deprehendissent
1438 2760 1668 2869 Liturgiam
1696 2759 1972 2865 Gelasranam,
2005 2789 2100 2846 eam

473 2877 770 2965 innominatam
800 2880 940 2991 utique
967 2908 1046 2964 non
1075 2878 1434 2994 praetermisissent.
1466 2876 1543 2966 Sed
1575 2901 1644 2960 aut
1672 2901 1810 2990 aperte
1837 2879 2100 2992 sustulissent,

475 3020 580 3106 aut,
613 2995 752 3109 quod,
793 3026 864 3111 pro
893 2996 1165 3112 Hispanorum
1195 3027 1287 3113 erga
1320 3004 1551 3085 Romanam
1580 2997 1797 3082 Ecclesiam
1839 3002 2100 3109 reverentia,

475 3115 605 3229 magis
636 3113 825 3201 credibile
854 3115 932 3227 est,
958 3115 1042 3228 ejus
1071 3115 1184 3204 usum
1203 3118 1244 3202 in
1272 3118 1458 3204 Gallarcia
1486 3116 1561 3200 suis
1586 3114 1755 3200 decretis
1780 3117 2099 3205 confirmassent.

447 3288 450 3293 ·
475 3233 553 3325 Sed
582 3232 907 3347 quandoquidem
935 3236 1162 3322 Concilium
1188 3262 1377 3349 quartum
1398 3236 1642 3324 Toletanum
1677 3238 1803 3345 altum
1833 3239 1919 3321 silet
1946 3238 1996 3321 de
2015 3243 2100 3323 Ro·

472 3354 604 3465 manis
636 3355 809 3462 ritibus,
853 3359 892 3439 8<
924 3354 1076 3440 constat
1108 3355 1232 3442 solam
1263 3356 1491 3470 Liturgiam
1522 3356 1905 3468 Gotho-Hispanam
1945 3359 1989 3441 in
2017 3356 2097 3444 Hi·

474 3471 642 3587 spania,
675 3476 714 3558 8<
747 3473 787 3557 in
815 3474 948 3559 Gallia
976 3474 1188 3584 Gothica,
1227 3475 1313 3589 post
1344 3477 1422 3560 hoc
1446 3475 1706 3581 Concilium,
1749 3475 1992 3583 obtinuisse,
2023 3477 2100 3561 mi·

472 3591 587 3676 nime
618 3587 884 3678 dubitandum
916 3590 1108 3701 videtur,
1148 3594 1247 3706 quin
1278 3595 1480 3680 Catholici
1519 3597 1561 3680 in
1593 3595 1822 3703 (balsama,
1865 3594 1995 3679 eidem
2029 3595 2099 3682 Li·

355 3802 360 3810 ,
480 3709 653 3820 turgia,
695 3708 849 3823 semper
879 3709 1146 3824 adhaeserint,
1186 3741 1312 3826 quam
1353 3713 1516 3828 reliqua
1547 3713 1838 3828 Hispaniarum
1878 3715 2099 3803 Provincia

348 3934 356 3949 ‚
477 3826 702 3912 constanter
730 3831 1018 3919 retinuerant.

1228 4079 1348 4167 XV.

570 4251 637 4334 De
657 4244 867 4363 primaeva
894 4246 1058 4379 origine
1081 4247 1285 4461 Liturpiae
1314 4251 1540 4344 Gallicana
1566 4251 1828 4373 inquiritur]
1860 4263 1920 4346 Ei
1947 4283 2006 4345 tm
2115 4336 2117 4340 .

746 4398 798 4454 ex
826 4363 1032 4486 Hispania
1060 4367 1106 4457 in
1135 4380 1197 4461 Ga
1217 4370 1349 4485 iiam,
1382 4405 1435 4462 aa
1461 4371 1603 4491 potius
1630 4406 1651 4462 e
1679 4371 1822 4463 Gallia

852 4484 899 4576 in
919 4483 1164 4605 Hispaniam
1190 4515 1424 4612 propagata
1444 4488 1624 4610 fuerit?

364 4677 453 4785 246
486 4647 489 4653 ¹
600 4667 804 4784 Iturgiam
833 4669 1086 4758 Gallicanam
1128 4669 1228 4755 adeo
1268 4674 1439 4761 fimilem
1480 4673 1591 4760 fuisse
1623 4675 2003 4791 GothoHispanae,
2048 4704 2097 4766 ut

615 4817 693 4873 una
740 4813 864 4902 atque
904 4787 1046 4875 eadem
1087 4789 1229 4877 haberi
1268 4795 1477 4907 potuerit,
1520 4822 1570 4877 ex
1612 4790 1803 4879 hasienus
1845 4793 1959 4882 dietis
1998 4796 2099 4886 satis

474 4929 614 5020 aperte
645 4906 797 4991 constat
817 4969 832 4992 .-
869 4913 992 4995 Nunc
1023 4906 1074 4994 de
1103 4910 1248 5025 primis
1278 4913 1365 5024 ejus
1389 4909 1665 5020 Auctoribus,
1704 4913 1867 5027 ejusque
1898 4915 2099 5031 primaeva

478 5025 631 5226 adu
654 5026 1283 5235 lausannen
1299 5032 1770 5241 tuln-aen
1805 5153 2065 5241 u

313 5251 315 5255 ’
410 5262 412 5267 ’
477 5146 963 5375 ἕὲῗίίἒῗιῬῐεάἰεατίζηί
1001 5264 1179 5354 coaevam
1219 5178 1345 5357 sacqitl
1384 5182 1712 5387 isliargiuicinymi
1732 5182 1952 5389 cSaiieliriani
1965 5186 1993 5384 ,l
2011 5192 2100 5393 ’(Ῑέ

476 5410 569 5514 eam
599 5381 683 5518 post
715 5379 942 5520 susceptam·
966 5382 1109 5523 Fidem
1139 5388 1440 5501 Christianam,
1482 5394 1526 5478 in
1557 5395 1734 5482 Galliam
1763 5395 1909 5482 venisse
1939 5393 2096 5487 docet.
2114 5444 2118 5463 -·

473 5499 694 5590 Hildumus
720 5499 771 5589 ad
787 5502 1039 5597 Ludovrcum
1056 5511 1176 5606 erum
1191 5507 1365 5603 scribens
1388 5512 1571 5599 derebus
1601 5511 1718 5667 gestis
1747 5521 1790 5607 S·
1803 5517 2095 5728 ΒίοηγΐιίΡὲάὶ,

571 5714 576 5719 ,
692 5710 693 5713 γ
1400 5697 1402 5700 -
2042 5669 2097 5729 rt·

519 5841 579 5926 (a)
603 5840 739 5924 Can.59.
1073 5860 1076 5866 ·
1363 5845 1422 5937 (d)
1443 5839 1547 5913 Extat
1570 5848 1659 5939 apud
1681 5846 1814 5920 siriam
1842 5846 1946 5920 mens.
1970 5851 2101 5948 Odiosa:
2143 5824 2144 5829 ἵ

526 5933 588 6019 (b)
612 5933 749 6015 Can.3r·
763 5931 846 5998 aliar
865 5952 915 6000 ιι.
1072 5961 1076 5967 ·
1318 5944 1475 6026 pag·639v
1487 5938 1716 6028 tdoColonstnu,

514 6023 570 6105 (c)
594 6021 730 6118 Canng..
742 6021 888 6117 ²¹13·st
