4450 7209
391 660 1004 807 rotrocum
1054 678 1570 799 sternuente.v

153 846 414 921 fideratecoruos
427 826 507 919 quia
525 846 597 899 nou
610 823 802 898 seminante
824 845 941 918 neque
983 818 1049 895 biis
1061 819 1339 920 pronunciandaa
1363 822 1420 895 sed
1438 813 1719 897 lachrimisLNou
1732 844 1796 899 ve·
1829 840 1872 913 55

153 952 280 1012 metunt:
292 925 410 1023 quibus
426 946 492 994 non
509 926 555 993 esi
568 918 740 996 cellarium
755 943 863 1013 neque
876 942 934 994 or·
983 917 1078 991 stium
1093 918 1221 1013 agenda
1237 912 1501 999 abieslioueased
1517 921 1697 995 mentium.
1711 917 1795 994 Non

153 1054 256 1108 reum=
278 1022 419 1095 &Deus
437 1014 632 1112 pasciculus
649 1046 657 1083 ε
681 1016 934 1111 quantomagis
985 1011 1058 1085 sola
1074 1014 1215 1087 crinium
1231 1011 1411 1084 nuditates
1433 1014 1491 1083 sed
1517 1014 1723 1089 criminum.
1750 1017 1793 1089 In

154 1152 211 1202 uos
227 1122 323 1220 pluris
349 1116 424 1187 estis
439 1112 536 1185 illie?
561 1111 648 1193 Quis
664 1130 776 1189 atatem
788 1113 935 1186 uestrum
984 1108 1139 1202 regionis
1168 1108 1380 1202 professione
1408 1110 1637 1184 testimonium
1669 1111 1793 1187 habeat

111 1254 127 1323 5
151 1217 317 1315 cogitando
332 1213 441 1305 pottsl
455 1208 606 1293 adjicere
621 1209 662 1279 ad
676 1208 828 1281 staturam
843 1206 931 1281 suam
981 1203 1117 1275 habitus
1129 1226 1200 1276 non
1218 1220 1438 1297 prouentus.
1453 1205 1535 1278 Nou
1550 1207 1668 1281 ovium
1684 1205 1793 1302 velle·

149 1318 278 1389 cubitum
293 1330 393 1383 unum
410 1312 426 1376 ἓ
446 1304 481 1376 si
494 1328 582 1398 ergo
597 1328 708 1399 neque
724 1306 817 1397 quod
831 1302 943 1375 minie‘
981 1298 1073 1370 ribus
1091 1295 1251 1393 luporum
1266 1297 1707 1396 estoccultandarapacitasa
1719 1328 1788 1398 quo
1823 1305 1872 1377 60

147 1436 223 1484 mum
238 1410 280 1479 ell
295 1403 458 1499 potestis:
482 1402 563 1491 quid
589 1402 633 1469 de
648 1400 771 1471 ceteris
794 1396 930 1470 solliciti
979 1390 1130 1469 simulata
1146 1394 1344 1467 innocentia
1359 1396 1535 1472 credulum
1549 1395 1656 1472 calcat
1669 1426 1680 1467 a
1708 1401 1788 1474 evi·

147 1508 239 1578 allis?
261 1500 477 1573 Considerate
495 1492 563 1569 lilia
578 1496 751 1587 quomodo
763 1493 929 1566 crescunt=
980 1486 1113 1561 sceret.
1136 1490 1219 1565 Non
1243 1490 1394 1561 candidis
1408 1493 1594 1585 parietibus
1613 1494 1711 1567 fetidi
1725 1522 1783 1569 ea-

147 1623 245 1692 neque
261 1595 414 1668 laborant
431 1619 440 1659 ι
460 1614 568 1681 neque
577 1608 662 1663 nent
678 1636 689 1660 .
711 1590 804 1663 Dico
821 1608 933 1663 autem
984 1584 1118 1657 daveris
1131 1586 1179 1655 est
1195 1585 1368 1658 vestienda
1379 1589 1566 1684 corruptio:
1583 1612 1648 1683 que
1666 1592 1792 1666 menti·

93 1722 126 1774 ιο
148 1696 233 1768 vobis
244 1694 318 1784 quia
330 1714 393 1761 nec
406 1684 567 1762 Salomon
595 1687 628 1757 iu
647 1686 744 1759 omni
757 1684 867 1783 gloria
878 1684 933 1759 sua
987 1698 1024 1755 ta
1035 1680 1166 1773 species
1181 1681 1404 1755 admirantem
1418 1685 1496 1757 dum
1511 1684 1679 1758 exteriori
1696 1686 1791 1761 nito·

147 1786 436 1867 vellebatueficut
451 1806 552 1854 unum
567 1804 611 1853 ex
625 1782 720 1854 illis.
741 1784 777 1855 Si
791 1800 934 1853 autem:
983 1798 1021 1849 re
1039 1795 1239 1869 provocata
1263 1777 1429 1851 interiore
1456 1799 1555 1873 parte
1567 1800 1791 1875 corrumpat·
1823 1782 1877 1875 65·
1934 1802 1938 1810 ·

146 1874 354 1975 fenum‘quod
369 1880 472 1950 bodie
489 1878 522 1948 in
537 1900 620 1970 agro
633 1880 680 1949 est
695 1880 730 1949 ἃ
744 1899 816 1948 cras
830 1873 934 1946 incli·
980 1870 1061 1941 Non
1069 1874 1169 1963 pravi
1182 1869 1292 1944 mellis
1306 1894 1401 1948 crate
1415 1874 1502 1948 sellis
1514 1873 1698 1951 claudenda
1709 1903 1789 1971 per.

148 1983 255 2053 barum
270 1977 420 2049 mittitur
435 2002 446 2041 a
472 1971 566 2043 Deus
591 1974 636 2044 fic
654 1972 757 2043 vellit
773 2000 782 2040 a
808 1989 936 2065 quanto
984 1966 1108 2049 uicies:
1120 1994 1190 2064 quo
1205 1970 1317 2041 fucate
1332 1971 1512 2045 suavitatis
1528 1970 1695 2049 illecebras
1709 1974 1791 2048 dum

146 2078 239 2171 magis
255 2097 318 2146 vos
333 2067 441 2164 pufilli
457 2067 564 2139 fidei.
592 2068 634 2140 Et
647 2092 713 2142 vos
729 2064 839 2139 nolite
851 2089 934 2158 que·
985 2065 1171 2157 gustantem
1187 2063 1346 2150 insidioso
1361 2066 1481 2162 sapore
1500 2065 1692 2145 blanditura
1710 2070 1795 2151 ami·

90 2200 121 2270 ¹5
146 2194 213 2244 rere
231 2168 309 2261 quid
334 2163 543 2239 manducetis
571 2182 630 2235 aut
662 2164 741 2257 quid
764 2162 937 2235 bibatis&
986 2158 1069 2230 titia
1084 2158 1250 2235 labiorum
1267 2162 1457 2238 amaritudo
1470 2163 1513 2239 ut
1528 2165 1696 2243 viscerum
1711 2168 1795 2246 ,ui-

94 2254 102 2264 ’
145 2264 246 2339 nolite
262 2266 294 2336 in
310 2260 449 2333 sublime
464 2255 565 2330 tolli.
591 2261 665 2329 Hec
680 2259 769 2332 enim
785 2258 936 2329 omnia-2
986 2275 1132 2329 meamus
1149 2257 1261 2332 Deum
1275 2257 1446 2332 occultum
1469 2260 1793 2336 inconferentiam
1824 2284 1876 2361 70,

143 2380 256 2455 gentes
270 2358 385 2435 mundi
401 2370 568 2448 querunt.
584 2355 689 2429 Pater
703 2372 815 2427 autem
831 2353 940 2424 veller
989 2348 1067 2421 llem
1083 2377 1091 2418 ε
1119 2354 1153 2423 8(
1170 2352 1338 2447 publicum
1361 2356 1395 2426 in
1407 2355 1656 2431 examinatione
1669 2358 1793 2434 censo,

143 2458 198 2527 scit
225 2457 387 2549 quoniam
413 2452 464 2523 his
479 2450 640 2544 indigetis
657 2497 667 2517 .
695 2450 939 2521 Verumtamen
988 2464 1063 2515 rem
1077 2492 1088 2515 .
1104 2446 1185 2519 Nou
1199 2447 1258 2520 ille
1275 2450 1389 2543 querit
1406 2475 1472 2544 pro
1487 2452 1685 2548 ignorantia
1699 2480 1709 2521 t
1734 2456 1794 2528 sed

145 2556 269 2645 querite
298 2550 443 2645 primum
466 2566 609 2639 reguum
628 2543 695 2616 Dei
723 2546 757 2627 ἃ
781 2544 940 2627 iusticiam
988 2562 1053 2632 pro
1068 2540 1669 2642 misericordiaconfitentem.utqui
1682 2554 1804 2644 potesse

84 2669 119 2721 to
145 2653 221 2732 ejuu
238 2652 272 2720 ἃ
289 2648 355 2718 bec
370 2641 485 2717 omnia
499 2639 703 2724 adjicientur
717 2636 845 2713 vobis.
988 2636 1022 2707 in
1039 2636 1179 2717 occulto
1187 2637 1313 2720 scelere
1328 2643 1453 2715 babere
1466 2642 1626 2717 noticiam
1637 2668 1707 2719 non
1718 2644 1794 2719 vult

58 2774 59 2781 κ
185 2750 381 2837 mammen.
681 2804 688 2819 ‚
987 2729 1021 2803 in
1036 2735 1181 2825 prodito
1201 2738 1355 2831 prosette
1370 2738 1574 2815 vindiuam·
1607 2742 1720 2817 sicne
1734 2746 1793 2815 ab·
1826 2771 1873 2849 75

182 2844 279 2909 nicar
295 2829 419 2909 Presb.
433 2829 600 2906 Dominus
619 2833 661 2904 m
675 2826 808 2927 semper
820 2830 951 2907 vobis·¹
986 2827 1101 2903 solvet
1114 2832 1222 2924 pietas
1234 2830 1377 2912 humiles
1393 2863 1403 2903 a
1430 2840 1466 2907 ἃ
1495 2837 1594 2928 punit
1620 2836 1789 2913 severitas

140 2958 229 3007 tum.
255 2948 304 3023 132.
318 2933 363 3006 Et
380 2952 453 3001 cum
471 2978 480 2998 .
985 2945 1214 3015 contumaces.
1227 2934 1390 3021 ljaAmen
1407 2978 1419 2999 .
1444 2932 1511 3006 Per
1522 2930 1790 3009 misericordiam

180 3034 314 3101 Lauda.
352 3023 530 3108 Alleluia.
569 3018 797 3111 meteretur
823 3046 937 3095 manus
989 3021 1088 3113 ipsius
1102 3020 1169 3092 Dei
1183 3025 1287 3095 nostri
1300 3025 1356 3116 qui
1369 3024 1633 3102 vluit&‘omnia
1646 3027 1788 3125 regiain

80 3148 113 3217 25
140 3143 190 3196 tua
207 3123 353 3197 Deus&
371 3118 544 3195 exaltetur
557 3120 700 3197 dextera
715 3139 796 3197 tua.
817 3118 938 3202 Ml·
989 3114 1554 3226 seculaseculorum.1}aAmcn,
1700 3128 1703 3134 '

136 3218 253 3305 lelulao
1711 3285 1718 3292 .
1826 3225 1874 3303 80

416 3332 422 3343 '
1148 3392 1151 3395 ,
1278 3316 1366 3389 arlia
1382 3317 1523 3390 Oratio.

427 3410 651 3497 sacrficium.
923 3428 928 3433 ’
1070 3416 1233 3489 Ortamus
1247 3414 1397 3489 Domine
1425 3437 1531 3488 onera
1545 3410 1792 3505 iniquitatum}
1910 3436 1917 3444 ·

212 3504 386 3583 Dificavit
400 3507 542 3599 Moyses
556 3506 662 3579 altare
675 3505 831 3582 Domino
852 3509 938 3582 offe·
1086 3512 1268 3583 nollrarum
1282 3512 1365 3583 dura
1377 3510 1524 3581 cervice:
1538 3507 1637 3581 vultu
1648 3508 1791 3581 dimissor

73 3626 110 3695 ‚30
135 3512 201 3690 E
227 3626 311 3678 rens
332 3604 437 3697 super
462 3602 545 3675 illud
559 3598 842 3679 holocaustomata
859 3631 869 3673 z
902 3608 937 3678 δι
988 3605 1090 3675 corde
1104 3608 1271 3679 contrito.
1284 3608 1325 3679 Et
1341 3604 1402 3678 vix
1417 3605 1551 3680 tandem
1569 3607 1602 3678 in
1618 3600 1788 3699 supplicio
1813 3648 1816 3653 ·

133 3700 275 3773 inferens
293 3698 453 3772 victimas
479 3700 559 3771 fecit
578 3698 776 3772 sacrificium
798 3700 938 3771 matuti·
986 3702 1103 3791 nostro
1117 3701 1290 3777 didicimus
1303 3700 1484 3797 peniteret
1510 3700 1567 3793 qui
1581 3715 1711 3772 reatum
1726 3723 1790 3773 no·
1824 3702 1870 3794 85

131 3819 205 3869 num
220 3799 253 3868 in
270 3801 424 3871 odorem
436 3794 611 3866 suavitatis
623 3794 777 3869 Domino
792 3798 884 3869 Deo.
899 3796 937 3868 lu
987 3794 1086 3867 llrum
1099 3796 1293 3870 nolebamus
1319 3816 1398 3869 ante
1409 3798 1641 3893 cognoscere.
1668 3797 1735 3868 Sed
1750 3812 1790 3868 tu

131 3893 311 3986 conl'peslu
344 3888 496 3965 filiorum
510 3884 611 3960 lsrael
625 3886 785 3973 alleluja.
814 3888 857 3985 yla·
872 3893 938 3962 Lo·
988 3890 1138 3965 Domine
1151 3894 1208 3984 qui
1222 3893 1407 3965 mansuetas
1422 3891 1525 3965 fecisti
1539 3894 1572 3963 in
1587 3891 1724 3963 vivario
1738 3891 1789 3962 fe⁴
1824 3930 1828 3937 ·

129 4008 218 4059 tutus
234 3991 283 4061 est
296 3984 472 4059 Dominus
494 3987 535 4057 ad
555 3984 701 4077 Moysen
723 3986 862 4059 dicens:
890 3986 941 4058 as·
987 4007 1063 4059 rasa
1086 3988 1343 4083 &refrigerasti
1365 3988 1398 4058 in
1411 3986 1558 4061 fornacis
1567 3985 1682 4059 medio
1694 3985 1788 4060 fleme

69 4100 86 4175 3
92 4104 105 4173 5
130 4086 230 4155 tende
246 4088 289 4157 ad
310 4104 370 4153 me
386 4082 419 4169 iu
434 4102 584 4156 montem
598 4082 699 4159 Sina:
726 4083 820 4153 llabis
836 4080 939 4177 super
989 4103 1059 4152 mas
1075 4108 1084 4149 a
1116 4081 1226 4156 alleva
1252 4107 1383 4157 manum
1401 4101 1490 4156 tuam
1504 4083 1537 4153 in
1552 4080 1791 4168 adjutorium,

131 4200 287 4256 cacumen
305 4186 410 4265 eius:
440 4178 577 4249 audiens
592 4176 730 4269 Moyses
743 4178 888 4251 ascendit
905 4179 938 4251 in
988 4176 1136 4251 nostrum
1153 4182 1206 4250 e‘&
1224 4180 1419 4253 tutissimum
1442 4178 1539 4250 nobis
1553 4181 1659 4273 presta
1674 4178 1793 4248 desen·
1820 4206 1873 4274 90

128 4294 282 4351 montem
298 4302 308 4342 a
343 4272 402 4343 ubi
415 4273 588 4345 constituit
601 4271 635 4342 ei
649 4275 743 4344 Deus
757 4278 791 4347 δι
804 4276 943 4347 descen·
990 4270 1092 4345 fiunis
1110 4294 1170 4348 tue
1183 4274 1217 4345 in
1227 4274 1414 4347 asflidione
1428 4273 1636 4371 suffragium.
1650 4277 1695 4346 Ut
1704 4295 1791 4367 quos

128 4370 175 4441 dit
191 4374 331 4445 adeum
348 4368 517 4444 Dominus
530 4367 563 4440 in
577 4368 664 4440 nube
678 4370 714 4439 &
727 4371 855 4444 adstitit
865 4390 943 4443 ante
993 4389 1210 4461 peccatorum
1227 4374 1358 4463 pondus
1373 4368 1511 4445 inclinat
1527 4399 1536 4437 a
1564 4369 1794 4441 nailericotdic

126 4464 245 4541 faciem
261 4471 357 4550 ejus·
370 4463 496 4535 Videns
509 4462 651 4557 Moyses
669 4466 850 4557 procidens
860 4467 941 4539 ado·
991 4466 1794 4560 tuevirtus.attollat·Etquamvispropterpec·
1829 4512 1832 4515 -

63 4580 102 4653 40
127 4562 215 4633 ravit
228 4564 377 4633 dicenst
393 4559 537 4631 obsecro
546 4560 696 4633 Domine
712 4560 847 4638 dimitte
860 4583 943 4652 pec·
992 4579 1067 4634 cata
1079 4564 1192 4634 noslra
1207 4563 1248 4632 atl
1262 4580 1389 4637 terram
1402 4559 1612 4633 corruimusa
1629 4582 1690 4651 per
1703 4559 1795 4629 ines·

128 4676 199 4728 cata
215 4654 347 4753 populi
362 4652 439 4725 tuis
468 4656 503 4725 ἃ
528 4654 575 4727 ait
603 4656 736 4727 adeum
749 4658 943 4730 Doudousa
994 4651 1794 4732 ubilembonitareneuanmiserieordirersub·
1823 4672 1872 4749 95

126 4752 244 4826 latiam
275 4750 464 4825 secundum
492 4750 632 4825 verbum
656 4768 776 4827 tuum.
806 4751 944 4829 Νη.)
994 4748 1170 4827 levemur·
1200 4754 1245 4824 Ut
1261 4774 1346 4839 quos
1361 4749 1565 4825 diversarum
1578 4747 1795 4841 iniquitatum

127 4847 350 4943 conspectu.
439 4928 444 4932 .
958 4856 960 4859 ’
993 4866 1141 4942 arguunt
1155 4846 1324 4925 astiones:
1353 4844 1563 4941 indulgentia
1584 4843 1721 4937 pietatis
1737 4852 1806 4938 tus.

211 4992 212 4995 κ
490 4944 541 5011 Mi
563 4964 609 5013 a.
994 4943 1094 5023 faciat
1110 4943 1333 5013 innocentes.
1362 4954 1411 5033 13²·
1424 4946 1560 5015 Amen.
1584 4940 1654 5013 Per
1668 4938 1798 5010 miseri.-

57 5046 96 5127 ὐ
216 5039 428 5112 Ccedentes
449 5038 490 5111 ad
512 5038 652 5111 Domini
669 5038 943 5132 mysteriumfra·
991 5036 1145 5115 cordiam
1158 5054 1250 5106 tuam
1265 5037 1360 5111 Deus
1376 5038 1490 5118 noster
1502 5037 1558 5132 qui
1584 5033 1698 5112 intuo
1708 5056 1796 5112 coo·

241 5154 318 5209 tres
334 5134 539 5209 cbarissimis
566 5135 728 5207 debemus
744 5137 878 5209 deferre
900 5138 944 5207 ad
983 5128 1108 5226 ‘spefiu
1123 5129 1324 5219 bandorum
1339 5135 1409 5216 &m
1510 5146 1515 5154 '
1830 5155 1900 5220 roo

119 5230 300 5323 publicum
317 5232 459 5305 crimina
477 5259 487 5299 ε
515 5230 540 5299 fi
560 5232 599 5300 ad
616 5231 777 5314 judicium
791 5224 948 5309 nolumus
1651 5240 1655 5247 '

119 5324 289 5397 sustinere
306 5324 668 5399 tormentaDebemus
680 5325 870 5402 hominibus
885 5328 947 5397 hu·
1195 5320 1274 5409 Post
1284 5328 1434 5400 nominal
1462 5329 1609 5403 oratus

118 5418 242 5493 miliari
252 5450 272 5497 ,a
292 5422 321 5491 fi
340 5420 496 5495 volumus
513 5444 630 5493 coram
647 5419 775 5517 angelis
792 5418 945 5517 gloriari·

57 5526 92 5601 ιο
117 5513 306 5587 Debemus
323 5512 446 5610 lugere
462 5516 495 5587 in
512 5514 652 5587 seculo:
676 5515 877 5589 uvolumus
891 5541 946 5589 re·
1102 5515 1302 5613 Mnipoteur
1327 5534 1448 5591 eterne
1465 5516 1560 5591 Deus
1587 5513 1645 5607 qui
1666 5537 1730 5591 nor
1751 5511 1796 5590 td

117 5634 227 5708 gnare
259 5632 347 5684 cum
362 5612 525 5685 Christo.
562 5612 733 5685 Debemus
746 5614 946 5691 bonorem,
1119 5632 1274 5688 eternam
1291 5615 1398 5691 uitam
1422 5610 1633 5685 confeffioue
1658 5612 1709 5684 tui
1733 5635 1796 5685 no·
1828 5625 1901 5705 ως

117 5704 370 5801 temporalem
394 5706 576 5801 sperneres
602 5708 627 5781 li
650 5703 806 5783 volumus
821 5708 946 5802 sempi-
993 5710 1091 5790 minis
1119 5711 1156 5778 δι
1181 5710 1391 5787 sacramento
1418 5703 1625 5801 baptismatis
1640 5706 1793 5780 clemen.-

117 5816 255 5879 ternam
275 5798 429 5895 gloriam
444 5801 624 5874 obtinere.
653 5804 736 5875 Non
762 5803 859 5884 nobis
880 5806 944 5875 hec
991 5821 1048 5875 ter
1063 5803 1206 5878 invitata
1223 5805 1316 5880 votis
1329 5803 1449 5879 nostris
1464 5800 1643 5896 quesumus
1656 5804 1797 5897 presen-
1821 5818 1829 5831 ¹

115 5899 239 5971 verbis
255 5896 346 5971 sunt
362 5900 550 5987 querenda:
575 5896 633 5970 sed
647 5898 775 5974 meritis
789 5926 799 5968 t
814 5922 881 5970 non
896 5896 944 5988 la·
990 5897 1072 5981 tiam
1084 5918 1144 5992 tus
1156 5900 1297 5976 uirtutis
1310 5898 1474 5976 intersere
1487 5924 1497 5966 a
1525 5898 1561 5968 &
1575 5897 1793 5984 offerentium

216 5990 467 6082 Mifiul'rlozar.
654 6043 655 6046 ,
738 6020 743 6027 ·
1351 5996 1386 6070 K
1675 6015 1793 6076 mune.
