4450 7209
565 780 597 861 P
658 778 698 858 R
747 780 802 862 AE
861 781 897 860 F
948 779 995 861 ,A
1054 779 1097 861 T
1128 779 1179 860 Ἰ
1240 779 1310 862 02
1713 801 1738 855 v

119 903 187 985 At
226 893 382 981 vetusta
419 892 731 978 Sacramentaria
771 891 891 978 Ritus
931 894 1140 998 Romani,
1171 916 1242 977 aut
1281 923 1303 976 a
1335 889 1523 980 Kalendis
1563 891 1738 1008 Januarii

107 1015 291 1106 ‚initium
322 1011 549 1120 ducebant,
583 1034 626 1094 ut
656 1009 705 1094 de
735 1014 1049 1099 Sacramentario
1077 1005 1278 1097 Leo'niano
1308 1011 1484 1124 lirspicari
1514 1013 1635 1121 licet,
1669 1033 1739 1093 aut

114 1161 151 1219 a
178 1133 329 1246 Vigilia
360 1130 516 1216 Natalis
550 1130 749 1238 Domini,
789 1159 812 1215 a
855 1158 933 1240 qua
972 1132 1332 1217 Sacramentarium
1375 1131 1659 1238 Gelasranum,
1702 1132 1740 1212 &

121 1252 371 1364 Gregoriana
401 1249 627 1358 antiquiora
667 1249 976 1336 Sacramentaria
1009 1250 1238 1361 incipiunt.
1270 1248 1492 1331 Dominicae
1523 1248 1731 1349 Adventus
1765 1262 1825 1329 22'

123 1366 193 1451 sex
237 1370 279 1452 in
320 1368 466 1452 Missali
498 1367 756 1451 Mozarabico
793 1367 1247 1475 recensentur,³quibus
1289 1365 1445 1476 smgulis
1483 1368 1643 1479 proptia
1686 1363 1740 1448 est

123 1485 278 1571 Missa.
311 1494 543 1594 Earumque
588 1488 717 1598 prima
755 1513 826 1598 pro
866 1486 1051 1597 exemplo
1084 1484 1209 1568 Missae
1242 1483 1511 1567 Mozarabicae
1551 1487 1743 1597 ponitur,

127 1604 203 1687 etsi
233 1604 293 1689 illi
324 1604 511 1688 nonnulla
540 1601 664 1704 desint
683 1666 710 1710 ,‚
725 1604 779 1711 ab
813 1600 1009 1687 ordinario
1036 1600 1161 1686 Missa
1190 1664 1204 1709 ,
1236 1604 1275 1684 8(
1303 1594 1462 1713 alibro
1489 1596 1745 1715 offerentium

125 1722 331 1837 petenda.
361 1722 493 1808 Missas
526 1722 792 1809 Dominicales
810 1720 1041 1827 Adventus,
1074 1721 1139 1805 sear
1159 1718 1284 1804 Missa
1316 1718 1480 1832 propria
1507 1717 1742 1807 Sansiotum
1774 1745 1825 1830 23

126 1841 368 1954 excipiunt.
399 1840 604 1926 Nimirum
637 1846 675 1928 S.
693 1840 911 1926 Clementis
943 1839 1068 1924 Primi
1098 1846 1236 1950 Papa,
1267 1841 1307 1922 8(
1348 1839 1572 1950 Martyris,
1604 1845 1642 1926 8.
1673 1843 1740 1926 Sa·

125 1960 282 2056 turnini
313 1958 497 2072 Episcopi
527 1959 736 2066 Tolosam,
769 1961 807 2042 8(
828 1959 1055 2068 Martyris,
1087 1962 1126 2044 8.
1143 1955 1312 2042 Andreae
1341 1954 1545 2070 Apostoli,
1576 1961 1615 2042 8(
1633 1961 1745 2041 Mar·

126 2078 262 2188 tyris,
291 2073 442 2167 Sandiae
475 2077 639 2164 Eulalia
671 2076 920 2161 Emeriterfis
951 2075 1158 2188 Virginis,
1192 2078 1231 2160 8(
1263 2074 1489 2187 Martyris,
1523 2074 1748 2162 Annuntia-

128 2196 252 2280 tionis
291 2203 421 2284 Beata
463 2195 605 2278 Maria
627 2187 818 2308 'Virginis
845 2257 859 2301 ,
890 2197 929 2278 8(
970 2191 1103 2283 Sancti
1143 2195 1317 2278 Thomae
1356 2191 1573 2307 Apostoli.
1611 2190 1748 2311 Subse-
1778 2218 1835 2299 24

129 2288 461 2426 quunturfblilsa
492 2313 607 2397 unica
638 2312 793 2397 Natalis
813 2312 1013 2421 Domini,
1045 2315 1083 2399 8(
1116 2312 1570 2422 aliaquatuorMilsa,
1601 2310 1748 2396 scilicet

128 2429 264 2521 Sanni
296 2431 488 2545 Stephani
519 2433 861 2542 Protomartyris,
892 2437 930 2518 8.
948 2427 1136 2548 Johannis
1166 2429 1381 2542 Apostoli,
1411 2426 1647 2517 Sanslorum
1679 2437 1747 2516 In·

129 2574 350 2637 nocentum
382 2555 649 2661 Martyrum,
682 2555 720 2635 8(
761 2554 799 2639 8.
826 2551 964 2667 Jacobi
1004 2549 1137 2633 fratris
1169 2548 1366 2633 Domini.
1399 2554 1449 2633 In
1482 2548 1630 2635 Missali
1670 2544 1744 2633 Χῖ·
1778 2573 1830 2661 25

130 2662 257 2755 menri
298 2696 378 2752 non
415 2670 587 2756 habetur
625 2667 744 2756 Missa
782 2669 940 2781 vigilia
970 2667 1126 2754 Natalis
1155 2667 1362 2752 Domini.
1403 2665 1592 2780 Hispanis
1634 2668 1744 2753 enim

133 2811 316 2901 tempore
346 2783 558 2871 Adventus
598 2788 694 2871 olim
728 2789 903 2896 vetitum
935 2786 1064 2872 suerat
1103 2784 1312 2898 jejunare,
1342 2807 1413 2868 aut
1444 2787 1610 2900 Vigilias
1650 2788 1749 2871 cele·

124 2906 248 2990 brare
277 2967 290 3013 ,
322 2904 374 2987 ob
405 2905 659 3019 impietatem
690 2903 1098 3012 Priscillianillarum,
1130 2905 1202 3015 qui
1228 2910 1363 2990 Deum
1390 2900 1541 2988 sudium
1572 2905 1645 2990 esse
1672 2907 1744 2991 ho·

135 3026 291 3109 minem
325 3048 544 3136 negantes,
574 3025 650 3107 hoc
684 3025 858 3110 maxime
891 3048 1106 3138 tempore,
1139 3020 1252 3107 nudis
1284 3019 1447 3136 pedibus
1477 3022 1748 3131 incedebant,

136 3146 171 3228 &
203 3140 354 3253 jejunia
384 3141 693 3253 frequentabant
719 3179 738 3227 .·
762 3143 856 3230 Diei
887 3143 1042 3232 Natalis
1073 3142 1243 3227 Domini
1274 3164 1362 3223 tam
1403 3141 1444 3223 in
1475 3139 1620 3228 Missali
1657 3146 1749 3224 Mo·
1782 3145 1838 3226 26

135 3261 350 3366 zarabico,
383 3289 507 3371 quam
549 3263 589 3344 in
631 3262 847 3348 Missalibus
877 3261 1090 3349 Gallicanis
1124 3259 1237 3344 unica
1269 3259 1387 3344 Missa
1416 3260 1671 3346 attribuitur:
1704 3282 1748 3344 at
1881 3362 1887 3372 Ι

139 3379 174 3464 in
215 3378 377 3467 vetustis
416 3383 738 3468 Sacramentariis
779 3384 898 3467 Ritus
938 3381 1114 3467 Romani
1151 3402 1230 3472 tres
1260 3376 1385 3462 Missa
1425 3377 1595 3474 hacdie
1639 3379 1750 3464 inve·
1892 3384 1896 3389 ’

139 3497 330 3582 niuntur.
361 3499 466 3584 Galli
496 3501 627 3609 olim,
661 3499 1039 3614 &Gotho-Hispani
1071 3495 1260 3587 Kalendis
1289 3497 1463 3615 Januarii
1494 3496 1746 3609 jejunabant,
1780 3526 1833 3610 27

141 3614 177 3698 in
215 3641 496 3730 contemptum
547 3616 825 3730 superstitionis
865 3621 1075 3733 gentilium
1113 3678 1124 3701 .
1169 3624 1230 3720 At
1280 3614 1411 3730 postea
1464 3615 1751 3729 instituerunt,

141 3756 217 3840 ut,
246 3734 408 3818 ineunte
452 3763 594 3843 anno,
627 3735 817 3823 Kalendis
848 3739 1022 3856 Januarii
1061 3736 1206 3821 festum
1240 3735 1555 3820 circumcisionis
1600 3734 1750 3822 Christi

141 3852 307 3940 Domini
337 3855 599 3939 celebraretur
629 3851 691 3968 (a)
720 3919 734 3963 ,
765 3855 875 3964 cujus
906 3855 1023 3942 Missa
1048 3918 1061 3961 ,
1093 3852 1313 3940 in'Mitsati
1342 3855 1644 3963 Mozarabum,
1678 3855 1750 3941 ha·

143 3967 288 4054 betur.
320 3979 377 4058 Et
419 3970 558 4056 deinde
597 3975 848 4086 consequitur
885 3975 1001 4060 Missa
1042 3973 1265 4058 Dominica
1306 3993 1399 4055 ante
1441 3973 1753 4086 Epiphaniam,

144 4113 231 4172 eam
262 4087 412 4204 ipsam,
443 4119 566 4204 quam
585 4115 735 4202 antea,
767 4094 954 4181 Kalendis
971 4092 1167 4210 Januarii,
1199 4089 1395 4176 celebrare
1426 4090 1619 4194 solebant.
1651 4100 1756 4181 Ean·
1860 4158 1862 4161 a

145 4205 311 4319 demque
344 4210 388 4300 in
418 4209 565 4322 jejunio
597 4211 833 4325 Epiphania
864 4235 1083 4326 repetunt,
1115 4234 1256 4326 prater
1296 4205 1503 4296 Lesliones
1534 4212 1755 4327 Scriptura·
1792 4238 1794 4244 “
1831 4211 1839 4257 ·’

96 4434 100 4443 Ι
137 4352 232 4411 -rum
260 4325 476 4438 Laudam,
508 4333 548 4414 8(
579 4329 853 4436 Sacrificium,
884 4360 970 4442 qua
1001 4328 1153 4415 diversa
1185 4327 1274 4412 sunt
1300 4387 1312 4411 .
1342 4326 1606 4440 Consequitur
1635 4330 1753 4416 Missa
1785 4336 1837 4418 at

139 4443 418 4558 Epiphania,
450 4475 530 4559 qua
562 4447 791 4534 Festivitate
824 4447 1002 4560 Hispani.
1030 4447 1251 4559 antiquitus
1283 4445 1522 4534 Adventum
1562 4449 1753 4535 termina·

148 4561 266 4647 bant.
298 4564 366 4651 Ab
396 4565 625 4680 Epiphania
666 4566 786 4679 usque
817 4565 866 4650 ad
897 4567 1059 4654 initium
1089 4565 1409 4682 Quadragesrma
1448 4594 1597 4650 novem
1628 4567 1754 4655 Missa
1786 4596 1840 4677 29

85 4714 88 4781 i
149 4683 416 4769 Dominicales
447 4707 739 4789 numerantur,
770 4713 938 4797 quarum
972 4687 1113 4771 ultima
1152 4682 1377 4769 inscribitur
1405 4711 1501 4773 ante
1538 4681 1645 4772 diem
1684 4680 1756 4773 Ci·
1794 4684 1795 4687 ‘

143 4795 280 4910 sacrm,
311 4805 351 4888 8(
377 4822 473 4888 ante
499 4832 638 4891 carnes
662 4797 895 4890 tollendas.
923 4805 1046 4890 Nulla
1073 4827 1211 4888 autem
1243 4804 1286 4887 in
1303 4801 1450 4887 Missali
1467 4805 1754 4917 Mozarabum,
1790 4834 1843 4919 30

152 4942 214 5003 aut
246 4919 429 5005 inlibris
460 4921 672 5036 Liturgicis
691 4923 937 5030 Gallicanis,
970 4924 1124 5006 mentio
1155 4921 1201 5006 fit
1219 4921 1555 5035 Septuagesrma,
1587 4929 1754 5037 Sexage-

145 5036 283 5145 -simae,
312 5064 383 5123 aut
415 5041 785 5157 Quinquagestmae.
815 5049 856 5129 A
886 5039 949 5124 die
981 5045 1171 5127 Cinerum
1202 5037 1853 5156 ad.1>ominicam1>ascatis,.31·

151 5153 193 5263 in,
215 5153 564 5245 MilsaliXimenii
594 5156 725 5242 Missa
755 5157 843 5243 sunt
875 5186 954 5244 una
986 5164 1024 5245 8(
1057 5159 1202 5274 viginti
1213 5187 1232 5269 ν;
1264 5184 1436 5271 quarum
1468 5159 1535 5245 sex
1565 5161 1755 5249 suntDo·

150 5275 350 5361 minicales
376 5274 571 5385 ,catera
603 5275 797 5361 feriales.
837 5276 1033 5367 Ordinem
1067 5276 1266 5363 vetustum
1301 5275 1514 5364 Missarum
1554 5280 1752 5368 ferialium
1786 5309 1838 5393 32

126 5383 470 5510 Quadragesrmae
502 5395 737 5482 Mozarabes
767 5396 1001 5483 recentiores
1033 5395 1227 5484 intablam
1259 5396 1384 5482 ferme
1416 5394 1661 5487 servarunt.
1692 5408 1755 5490 At

152 5511 315 5623 priscam
350 5514 561 5602 Missarum
594 5515 908 5613 Dominicalium
947 5515 1087 5601 seriem
1130 5517 1232 5602 male
1263 5516 1576 5630 perturbarunt.
1609 5521 1752 5637 Nam,

155 5655 242 5748 cum
262 5688 287 5740 z,
316 5654 459 5749 prater
496 5663 652 5719 morem
683 5633 1066 5751 Gotho-Hispanum
1094 5700 1107 5744 ,
1140 5635 1495 5754 Quadragesrmam
1534 5639 1756 5756 inciperent

158 5772 177 5858 ι
211 5749 311 5839 feria
347 5774 489 5867 quarta
516 5755 906 5872 Quinquagesrmat,
946 5782 1075 5869 neque
1106 5755 1299 5847 Officium
1336 5755 1438 5842 illius
1468 5753 1587 5874 diei,
1625 5789 1757 5872 neque

327 5907 334 5925 ·
1168 5910 1172 5918 ·
1661 5879 1770 5970 Mis·

193 6025 252 6117 (a)
275 6027 363 6095 cod.
375 6024 440 6118 leg·
454 6029 618 6118 Vifigoth.
632 5996 728 6100 uba.
742 6031 831 6101 titt.
843 6031 962 6124 tegar,
978 6032 1096 6108 libna.
1107 6033 1199 6116 tina.
1214 6032 1314 6123 lego.
