4450 7209
372 671 458 754 rer
529 731 533 739 .
642 643 1052 748 ’'rutrr‘oururr
1075 647 1200 725 rosr
1225 647 1395 724 riuos
1422 643 1768 736 reburrum
1855 705 1860 714 .

300 814 310 829 .
378 761 677 864 peributiscieru
693 754 907 837 autemlesur
931 750 979 822 ait
997 744 1188 842 illierquid
1239 769 1436 824 votatcras
1455 767 1622 823 votorum
1639 740 1755 818 tribue
1766 737 2045 839 premia·Hodie
2083 765 2116 838 55

351 858 602 935 ,molelliestis
618 855 778 930 mulieri?
795 853 895 942 Opus
921 847 1189 941 bonumopert·
1242 869 1307 919 nor
1321 843 1470 941 propina
1500 845 1597 940 gustu
1612 860 1671 915 tue
1688 837 1879 914 dulcedinis
1909 866 1921 910 t
1957 845 2046 916 &in
2175 858 2176 938 l

384 975 421 1032 tt
435 959 482 1030 est
498 956 533 1028 in
548 979 624 1028 me.
640 953 727 1025 Nam
740 948 871 1045 semper
887 967 1054 1040 pauperes
1081 944 1191 1017 habe·
1241 943 1421 1016 crastinum
1447 942 1596 1016 attribue
1620 935 1877 1034 plenitudinem
1895 937 2047 1016 charita·
2175 957 2176 962 ’

383 1051 464 1126 bitis
479 1051 652 1126 vobiscum
666 1073 677 1114 ι
693 1067 747 1120 me
760 1065 877 1117 autem
892 1065 964 1114 non
981 1038 1115 1137 semper
1129 1041 1189 1114 bt·
1243 1041 1311 1114 tit.
1327 1052 1376 1136 ξι.
1390 1043 1527 1116 Amen.

336 1177 364 1256 5
384 1147 513 1222 bellirir
528 1193 540 1214 .
556 1141 699 1216 Mittens
721 1159 834 1218 autem
860 1139 896 1210 in
912 1161 1040 1235 corpur
1055 1161 1188 1214 meumr
1433 1133 1510 1220 Poll
1522 1143 1679 1214 nomina.
1707 1139 1849 1212 oratio.

384 1245 427 1318 ad
452 1239 680 1335 sepeliendum
694 1259 750 1308 me
765 1237 847 1312 iecit
859 1284 871 1308 .
883 1239 994 1312 Amen
1010 1231 1092 1312 dico
1119 1261 1188 1312 vo·
1340 1235 1495 1310 Onditor
1510 1240 1765 1330 &redemptor
1783 1230 1921 1309 humani
1938 1257 2046 1333 gene·
2080 1233 2114 1306 so

383 1341 455 1412 bist
470 1336 672 1428 ubicumque
685 1335 898 1429 predicatum
912 1334 1189 1432 fueritevauge·
1327 1335 1393 1418 ‚rie
1406 1335 1540 1408 Christe
1563 1335 1652 1411 lilius
1667 1331 1738 1407 Dei
1752 1333 1864 1408 Patris
1889 1335 2045 1418 concede
2175 1407 2176 1416 χ

382 1433 468 1508 linm
480 1431 549 1508 boc
565 1435 598 1508 iu
615 1450 695 1506 toto
723 1437 852 1511 mundo
867 1463 877 1504 r
891 1435 1028 1508 dicetur
1042 1435 1078 1506 bt
1092 1433 1187 1527 quod
1238 1439 1335 1509 nobis
1352 1429 1485 1506 famulis
1502 1435 1568 1508 tuir
1585 1463 1594 1504 ε
1611 1453 1652 1508 ut
1663 1430 1768 1507 bodie
1785 1451 1856 1506 tam
1885 1431 2048 1504 virenti·

384 1530 453 1604 boc
479 1529 563 1606 fecit
589 1531 625 1602 in
640 1531 836 1608 memoriam
849 1539 951 1621 eiue.
979 1531 1076 1605 'sune
1092 1529 1188 1605 'abiit
1238 1531 1412 1628 busquam
1438 1530 1605 1606 defuntus
1620 1529 1796 1607 criminum
1821 1531 1973 1603 donetur
1988 1553 2044 1601 re·

317 1661 367 1716 ,ο
385 1651 471 1700 unus
481 1629 525 1700 de
537 1628 716 1700 duodecim
724 1631 781 1727 qui
797 1627 1187 1707 diciturludasScarioth
1239 1631 1350 1706 miffio
1366 1657 1375 1698 r
1391 1627 1536 1724 qualiter
1548 1653 1624 1705 crae
1640 1625 1796 1708 omnibus
1810 1626 1845 1697 in
1861 1649 2041 1702 commune

388 1731 431 1803 ad
448 1726 623 1823 principes
637 1728 865 1803 sacerdotum
879 1758 889 1800 ε
903 1729 939 1801 &
953 1725 1000 1800 ait
1016 1723 1192 1817 illis-Qid
1240 1729 1284 1801 lit
1304 1725 1524 1802 exaltationis
1540 1725 1733 1806 omnimoda
1759 1720 1967 1818 plenitudo·
2076 1723 2112 1812 ὅς

385 1823 495 1902 vultu
523 1825 606 1898 mibi
621 1825 701 1896 dare
733 1829 768 1899 dt
797 1851 871 1926 ego
887 1825 991 1902 vobis
1008 1820 1101 1897 illum
1120 1843 1192 1898 tra·
1240 1833 1443 1920 aduren.
1624 1861 1628 1870 ·
2176 1865 2177 1878 κ

385 1926 464 1998 dam
482 1928 499 1991 ?
523 1928 572 1997 At
592 1919 639 1996 illi
657 1924 904 2000 constituerunt
919 1923 951 1995 ei
977 1920 1123 2019 triginta
1137 1947 1194 1994 rr·
1447 1925 1510 1998 Ad
1531 1941 1674 2021 pacem.
1693 1926 1837 1998 Oratio.
2176 1955 2177 2008 l

387 2043 559 2122 gentem.
591 2021 634 2095 Et
664 2022 789 2095 exinde
829 2021 994 2116 querebrt
1022 2039 1193 2112 opportu-
1241 2021 1472 2208 PRepara
1499 2045 1563 2097 nor
1594 2025 1659 2099 tibi
1674 2019 1836 2096 Salvator
1861 2025 1973 2098 noller
2001 2047 2042 2100 ac
2176 2043 2177 2072 ¹

319 2151 366 2226 ²5
387 2120 557 2196 nitatema
586 2137 626 2192 ut
639 2142 716 2194 eum
730 2121 912 2194 traderet.
937 2133 986 2214 132.
999 2118 1138 2190 Amen.
1340 2123 1493 2196 Domine
1526 2143 1588 2214 per
1613 2119 1706 2220 pacit
1743 2117 1869 2193 bonum
1901 2122 2040 2198 nomm

311 2264 317 2276 ·
437 2223 538 2292 Dicat
563 2214 686 2290 erest.
712 2211 887 2292 Dominus
912 2218 954 2292 lit
977 2215 1112 2310 semper
1127 2237 1193 2289 vo·
1240 2219 1383 2293 vivamr
1408 2237 1447 2291 ut
1462 2214 1571 2313 quiin
1599 2216 1776 2294 crastiuum
1791 2213 1955 2312 sumpturi
1986 2220 2040 2292 su·
2071 2231 2111 2302 7⁰

387 2315 540 2391 biscum.
567 2330 616 2400 ur.
632 2317 673 2389 Et
690 2339 787 2394 cum.
1240 2339 1314 2390 mut
1327 2317 1535 2392 dominicam
1560 2337 1701 2393 cenam=
1720 2308 1809 2388 nulla
1822 2318 1865 2388 ad
1892 2315 2041 2396 invicem

440 2415 578 2486 lauda.
605 2410 760 2511 Diligam
785 2437 822 2490 te
837 2415 989 2492 Domine
1015 2413 1192 2490 fortitudo
1242 2413 1476 2490 convellamur
1502 2411 1673 2488 discordia
1698 2442 1710 2484 r
1736 2410 1796 2484 sed
1816 2409 1929 2485 fructu
1948 2412 2039 2506 pleni

387 2536 488 2587 mea·
523 2508 569 2600 ri·
583 2513 735 2588 Domine
757 2517 1004 2594 firmamentum
1016 2536 1129 2588 meum
1153 2513 1190 2582 δι
1240 2530 1301 2584 tue
1314 2509 1509 2586 dilectionis
1524 2537 1534 2579 a
1547 2510 1713 2586 sumamus
1728 2511 1761 2583 in
1784 2508 1960 2586 crastiuum
1978 2513 2039 2584 flu·

315 2643 372 2700 ,ο
389 2608 560 2708 refugium
573 2634 686 2687 meum
700 2609 922 2690 &liberator
938 2635 1054 2688 meur.
1239 2608 1330 2683 mina
1342 2609 1541 2688 charitatirr
1556 2632 1623 2703 que
1636 2605 1841 2705 profluentia
1853 2607 2037 2688 decurrunt

674 2707 909 2798 sacrficium.
1240 2705 1461 2783 evisceribue
1475 2707 1568 2781 tuis.
1593 2723 1643 2806 ῃ.
1657 2711 1796 2785 Amen.
2067 2723 2110 2800 75

453 2809 618 2907 Ngreffut
634 2808 906 2927 Dominuplesue
921 2810 955 2884 in
968 2812 1122 2888 domum=
1136 2803 1192 2880 di·
1571 2855 1691 2931 lupatio
2177 2875 2178 2920 p

462 2905 621 2982 scubuitr
638 2910 675 2981 dt
703 2929 784 2982 ecce
799 2904 920 2981 mulier
931 2910 1060 2982 habeus
1073 2903 1187 2979 alaba-
1703 2904 1714 2926 '
2177 2949 2178 2988 r

385 3003 489 3080 strunt
501 3004 674 3102 unguenti
686 3003 832 3103 preciosi
859 3005 945 3080 litut
971 3022 1071 3079 retro
1089 3003 1186 3076 secut
1344 3003 1468 3102 ignum
1494 3007 1531 3080 δι
1553 3007 1674 3093 iulium
1689 3005 1758 3078 elie
1778 3029 1842 3080 nor
1857 2994 1921 3076 tibi
1953 3002 2040 3078 semi

312 3129 367 3204 μς
388 3102 495 3197 pedet
506 3109 607 3192 eiutr
636 3099 902 3176 &osculabatur
916 3093 1190 3178 coraulachri·
1357 3126 1420 3198 per
1456 3105 1581 3200 gratier
1620 3127 1722 3202 agere
1749 3103 1899 3179 Domine
1926 3102 2035 3176 fauete

386 3200 450 3276 mit
465 3198 532 3278 suit
548 3199 687 3302 rigente
702 3205 739 3276 dt
751 3196 882 3296 capillir
897 3197 964 3277 suit
977 3197 1187 3294 extergebat
1236 3215 1336 3293 pater
1364 3218 1485 3274 eterne
1517 3202 1735 3299 omnipotens
1750 3203 1845 3275 Deus
1869 3224 1880 3266 t
1901 3225 1964 3295 per
1978 3206 2035 3278 le·
2065 3193 2105 3268 80

383 3322 451 3376 eor
467 3303 697 3400 =&uugebat
710 3301 975 3402 unguento-p.
987 3297 1095 3388 Qud
1107 3315 1189 3368 cunt
1237 3292 1310 3370 sum
1325 3297 1497 3372 Cbrillum
1524 3296 1631 3376 filium
1658 3318 1753 3376 tuum
1766 3296 1956 3374 Dominum
1975 3321 2037 3370 no·

381 3395 543 3475 vidissent
558 3399 619 3493 qui
632 3423 769 3476 comeo
781 3415 880 3476 erant
907 3426 918 3468 r
944 3397 1105 3471 dicebant
1136 3392 1190 3466 in·
1238 3391 1345 3467 lirum
1363 3395 1460 3486 .Qi
1477 3396 1550 3488 pati
1565 3421 1633 3493 pto
1647 3397 1760 3493 impiis
1773 3396 1957 3473 voluitr&
1972 3419 2037 3489 pro

385 3509 445 3570 tra
458 3494 515 3572 se.
528 3498 598 3580 Hic
610 3497 636 3570 si
650 3499 821 3594 propbeta
835 3495 918 3572 edet
931 3520 942 3570 t
955 3493 1057 3568 sciret
1071 3486 1190 3566 mulie·
1237 3487 1409 3566 sceleratis
1439 3493 1592 3569 indebite
1622 3495 1840 3572 condemnari
1858 3542 1870 3566 .
1888 3497 1956 3586 Qi
1986 3492 2035 3568 la·

312 3621 366 3696 30
386 3616 461 3668 tem
473 3619 541 3691 que
555 3595 668 3707 tangit
681 3617 760 3670 eum
785 3623 797 3665 r
819 3591 901 3690 quia
923 3591 1101 3690 peccatrix
1113 3589 1190 3663 eli.
1239 3589 1331 3662 troni
1344 3589 1543 3685 deprecanti
1555 3592 1669 3666 omisit
1682 3593 1844 3671 delictum
1859 3623 1869 3664 r
1886 3593 2032 3688 promit·

390 3690 507 3768 Sciens
521 3695 694 3770 Domrmt
708 3691 945 3792 cogitationes
964 3713 1088 3766 eorum
1097 3684 1190 3760 dixit
1240 3686 1373 3763 terrei
1399 3685 1583 3764 voluntate
1611 3691 1794 3788 gratiffima
1818 3689 2030 3788 paradisum.
2064 3683 2105 3778 82

389 3790 435 3865 ad
448 3814 544 3866 eorr
573 3791 655 3887 quid
668 3788 800 3868 molesti
814 3788 892 3864 ellit
913 3785 1081 3866 mulieri?
1108 3783 1190 3881 quia
1237 3785 1347 3872 Cuius
1363 3786 1590 3864 morrdelidia
1607 3789 1946 3865 nostradeterfitr&
1976 3813 2034 3860 re·
2083 3789 2085 3794 ’

384 3886 515 3966 bouum
529 3910 776 3988 opuroperata
800 3889 848 3962 est
871 3887 906 3964 iu
921 3911 1012 3965 me:
1042 3902 1190 3982 propter
1237 3880 1407 3959 surrediio
1432 3883 1709 3970 justificationem
1739 3890 1841 3966 uobis
1867 3885 2031 3959 exibuit.

387 3987 480 4080 quod
509 3989 588 4068 dieo
614 3989 717 4066 vobis
743 3985 875 4064 remim
900 3984 979 4061 sunt
994 3984 1027 4061 ei
1044 3998 1190 4079 peccata
1238 3979 1298 4054 Ob
1325 3981 1395 4056 boe
1423 4001 1459 4056 te
1473 3981 1571 4056 Deus
1597 3985 1710 4062 noller
1736 3985 1946 4082 exposcimus
1965 4004 2033 4058 rut

312 4107 363 4184 ῃ,
391 4083 614 4181 multaequia
625 4083 752 4164 dilexit
767 4085 941 4180 nutum,
963 4093 1010 4162 P·
1020 4081 1067 4179 Et
1082 4099 1199 4180 unge·
1245 4078 1532 4154 bodierdimittat
1559 4082 1659 4158 nobit
1685 4103 1824 4176 peccata
1850 4084 2030 4158 nostrae&
2178 4079 2179 4108 ¹

390 4175 674 4282 bttuuguemo·
997 4177 1009 4185 ’
1245 4197 1319 4250 erat
1332 4178 1465 4251 reficiar
1476 4202 1540 4252 uos
1552 4178 1732 4253 dulcedine
1745 4179 1956 4256 tua.Hodie
1969 4205 2031 4252 no·
2061 4190 2105 4263 90

732 4281 850 4378 Milli:
1236 4271 1383 4348 litorum
1398 4277 1630 4371 peccaminum
1642 4279 1852 4353 confeffione
1867 4295 2030 4371 acceptat

496 4377 647 4456 Cted'uri
664 4379 697 4454 iu
710 4383 889 4456 mellinum
900 4373 1105 4453 tileuimmi
1120 4373 1189 4452 irai
1236 4373 1275 4445 ἃ
1287 4395 1361 4446 crat
1376 4375 1541 4450 donorum
1554 4374 1775 4470 spiritualium
1788 4375 1901 4450 tribue
1915 4375 2031 4448 incre-

506 4497 578 4554 tret
592 4483 636 4558 td
648 4478 867 4558 Dominietm
880 4500 1000 4554 cenam
1013 4476 1126 4550 bodie
1139 4475 1190 4550 fa·
1237 4487 1380 4545 menta.
1396 4471 1512 4548 Hodie
1524 4473 1681 4570 quicquid
1693 4473 1769 4548 odit
1783 4500 1803 4548 a
1819 4473 1938 4548 nostrie
1954 4496 2033 4547 cor·

316 4599 368 4676 40
387 4575 475 4650 ciem
506 4576 649 4655 Domini
660 4577 739 4660 iesu
764 4602 805 4654 rc
828 4573 1058 4672 redemptoris
1082 4571 1190 4649 nostri
1239 4568 1382 4662 poribus
1395 4571 1504 4656 abjice
1521 4576 1665 4646 adterat
1678 4595 1741 4647 nos
1759 4575 1862 4648 refice
1879 4569 2031 4644 vulneri-

387 4673 630 4766 preveniamut
647 4675 904 4754 inconsedione
928 4693 1007 4748 tum
1032 4671 1187 4746 omnifl-
1235 4666 1298 4740 bur
1320 4669 1654 4744 cruciseue.r10tie
1683 4695 1724 4746 or
1751 4673 1904 4747 nostrum
1935 4668 2030 4766 reple
2057 4677 2101 4750 95

389 4771 514 4844 duria.
532 4776 698 4850 Petenter
710 4778 755 4850 ab
767 4771 832 4852 illo
845 4797 922 4850 eum
934 4766 1101 4846 lachrimis
1116 4798 1126 4840 r
1142 4785 1186 4844 ut
1233 4764 1432 4932 paudior&
1448 4764 1564 4863 lingue
1577 4770 1688 4843 nostra
1702 4765 1936 4843 exultatione=
1947 4789 2034 4862 qut-

336 4934 339 4941 ·
387 4865 1187 5048 {tuttitlrtttiutllsb'tt
1234 4861 2030 5058 iiiiiiisiiliiiiii‘ii'iniiliii

311 5083 364 5162 ,ς
386 5059 962 5163 cemsuesreratiffimepaffionir.
982 5075 1034 5164 lit·
1046 5069 1186 5144 Amen.
1236 5075 1341 5152 atque
1356 5059 1405 5135 itr
1427 5059 1579 5140 dicenter
1594 5075 1667 5159 die
1683 5059 1824 5140 Sanilur
1838 5107 1850 5135 .
1863 5059 2029 5140 sandius.

664 5165 755 5238 alia
772 5167 907 5239 oratio.
1235 5155 1404 5240 sanum.
2059 5169 2120 5236 100

496 5257 633 5334 Ounttt
646 5260 874 5346 abiiciaelefu
887 5265 980 5342 bone
1006 5261 1043 5338 itt
1067 5259 1187 5341 etalii·

505 5375 677 5451 uumrper
691 5357 889 5434 inveterate
903 5359 1186 5447 vestirabjediio·
1498 5359 1577 5451 Poll
1599 5359 1762 5438 solitu}
1789 5355 1795 5368 ‘

379 5467 460 5520 uem
485 5453 695 5528 econvivio
711 5454 825 5531 mense
841 5475 925 5532 tue·
949 5458 1065 5531 Hodie
1087 5461 1182 5536 dona
1742 5473 1744 5480 ’
1894 5487 1897 5496 ·

310 5553 364 5640 Jo
382 5542 483 5618 nobie
509 5548 672 5716 nuptialis
696 5551 877 5651 dignitatis
907 5554 1146 5633 vestimentum
1168 5585 1180 5628 r
1237 5554 1332 5738 V·
1344 5557 1408 5634 Ere
1423 5555 1595 5656 gloriosus
1609 5565 1646 5635 δι
1659 5557 1757 5652 pinrr
1774 5557 1950 5635 Dominus
1964 5577 2024 5628 no»

380 5661 455 5734 quo
471 5661 543 5716 crat
568 5645 617 5720 eti
631 5651 829 5730 accedamus
857 5653 900 5726 ad
929 5672 989 5729 tue
1021 5653 1184 5750 pallionir
1356 5657 1694 5742 sterJesurChrillur
1722 5655 1811 5730 filius
1838 5676 1915 5730 tuus
1931 5653 2023 5745 uui
2050 5663 2111 5737 ιο,

378 5733 525 5834 epulum
541 5763 787 5838 preparatum.
814 5751 931 5826 Hodie
959 5751 1002 5824 sit
1029 5749 1066 5824 in
1082 5755 1184 5826 nobie
1233 5749 1324 5828 suam
1342 5759 1518 5849 pronubis
1536 5757 1649 5852 posuit
1665 5755 1832 5828 animamr
1850 5753 2015 5828 &tribuit

379 5842 720 5950 ueraconiessior&
741 5871 814 5922 crat
854 5868 1048 5926 erratorum
1071 5845 1186 5924 celer·
1234 5851 1362 5924 mundo
1376 5877 1501 5930 novam
1517 5879 1579 5951 per
1592 5854 1791 5928 effusionem
1819 5849 1866 5921 sui
1895 5848 2025 5947 lingui.

387 5933 759 6042 ‘willielmum
795 5945 803 5960 '
845 5969 899 6024 o.
919 5947 1038 6032 Hodie
1064 5945 1187 6050 accipe
1236 5945 1288 6022 uis
1325 5947 1433 6031 vitam
1449 6001 1461 6030 .
1478 5956 1544 6053 lpu
1571 5976 1661 6053 ergo
1687 5949 1794 6026 hodie
1819 5947 2024 6026 humiliatum

1185 6073 1192 6088 ·
1971 6063 2028 6116 cor
