4450 7209
494 702 1636 786 POST'OCTAVASEPIPHANIE·
1862 717 1906 790 tr

253 801 311 882 llli
339 807 462 882 dabat.
488 806 526 878 ln
555 810 588 880 se
618 825 734 882 autem
760 802 917 879 reversus
942 806 1060 881 dixit.
1111 804 1201 880 dixit
1214 809 1256 881 ad
1272 832 1362 880 eos:
1387 805 1451 878 hec
1465 808 1540 884 sunt
1551 809 1658 884 verba
1673 827 1739 904 que
1756 815 1913 908 precepit
1945 834 1991 912 59

261 908 397 997 Qanti
424 907 624 981 mercenarii
659 905 765 1004 patris
796 903 861 979 mei
890 904 1060 980 abundant
1110 902 1194 977 mihi
1218 906 1413 980 Dominus:
1439 925 1478 977 ut
1495 906 1629 980 faciatis
1647 931 1712 979 ea:
1737 907 1911 983 &sumite

260 1003 406 1103 panibus
419 1029 429 1071 :
444 1029 515 1100 ego
523 1025 646 1078 nutem
665 1007 751 1078 same
762 1005 900 1100 pereo?
921 1005 1061 1101 Surgam
1112 1002 1210 1076 vobis
1225 1003 1301 1099 ipsis
1316 1000 1579 1079 decimationem
1597 1004 1773 1078 Domino:
1792 1007 1827 1078 dt
1842 1030 1918 1093 om«,

261 1100 372 1175 &ibo
389 1104 430 1173 ad
445 1114 575 1197 patrem
591 1127 701 1180 meum
724 1107 759 1177 dt
773 1102 883 1174 dicam
897 1099 970 1174 illi.
998 1106 1062 1177 Pa·
1112 1099 1473 1196 nisquisuscipit:ex
1491 1103 1689 1174 totocorde
1705 1104 1918 1176 offeratmu-

211 1219 241 1294 5
266 1216 320 1272 ter
336 1201 478 1293 peccavi
506 1202 539 1275 in
554 1198 685 1274 celum:
717 1207 753 1276 dt
774 1221 891 1276 coram
905 1219 941 1273 te
956 1248 967 1270 .
988 1204 1062 1277 Jam
1112 1222 1221 1270 nera:
1247 1199 1283 1269 δι
1296 1200 1321 1272 sr
1334 1197 1410 1293 quis
1427 1199 1463 1268 in
1476 1199 1577 1272 vobis
1592 1197 1722 1293 sapiens
1738 1200 1785 1270 est
1806 1201 1840 1270 ἃ
1858 1224 1913 1272 re·

264 1319 335 1375 oon
350 1296 419 1372 sum
437 1296 561 1398 dignus
580 1301 697 1374 vocari
710 1299 798 1374 filius
811 1319 917 1370 tuus:
943 1299 995 1371 fac
1008 1319 1062 1371 me
1114 1294 1186 1365 ctus
1198 1298 1331 1371 corde:
1357 1296 1499 1370 veniens
1513 1313 1699 1396 operetur:
1728 1305 1773 1368 Ῥ.
1786 1296 1824 1368 ln
1838 1321 1913 1379 om·
1942 1306 1993 1386 6rr

263 1393 350 1471 sicut
369 1422 470 1472 unum
487 1403 530 1470 de
544 1397 761 1475 mercenariis
774 1394 914 1470 :uiam
929 1395 1069 1491 surgens
1120 1392 1243 1465 nibus.
1918 1399 1920 1402 ’

262 1496 363 1568 venie
380 1498 421 1570 ad
436 1518 570 1590 patrem
588 1497 705 1572 suurn·
728 1498 817 1569 Cum
831 1513 945 1567 autem
960 1495 1069 1566 adhuc
1461 1490 1576 1585 Mrffa.
1664 1589 1666 1592 .

263 1587 370 1691 longe
384 1593 489 1667 esset:
518 1595 606 1667 vidit
635 1594 732 1670 illum
759 1613 860 1689 puter
874 1589 974 1684 ipsius
989 1621 999 1660 :
1026 1593 1061 1662 &
1111 1585 1299 1764 DEum
1309 1593 1366 1687 qni
1377 1595 1424 1666 esi
1437 1589 1603 1666 eternitas
1617 1589 1829 1688 angelorum:
1844 1615 1915 1692 pax

211 1708 246 1764 to
264 1688 495 1768 misericordia
510 1713 625 1769 motus
639 1696 710 1765 est.
737 1693 779 1764 Et
805 1694 989 1765 adcurrens
1005 1711 1063 1760 ce·
1234 1690 1436 1766 beatorum:
1461 1695 1497 1762 dt
1530 1688 1604 1761 vita
1618 1689 1771 1768 fidelium
1786 1699 1911 1770 fratres
1995 1741 1998 1746 .

212 1826 219 1851 r
266 1788 351 1860 cidit
376 1790 473 1882 supra
496 1790 622 1867 collum
635 1799 734 1877 eius:
759 1792 795 1863 &
825 1787 996 1863 osculatus
1016 1789 1066 1862 eli
1113 1788 1295 1866 chariffimi
1310 1808 1444 1862 attente
1460 1809 1653 1886 rogemus.
1679 1791 1725 1859 Ut
1744 1795 1821 1884 quia
1841 1793 1914 1886 ipso
1942 1795 1989 1893 65

260 1880 382 1961 illum·
410 1887 575 1987 Dixitque
598 1888 630 1961 ei
655 1887 771 1964 filius.
802 1888 905 1961 Pater
922 1884 1065 1982 peccavi
1112 1891 1301 1986 inspirante
1316 1885 1558 1981 percepimus:
1583 1903 1620 1955 ut
1632 1885 1720 1957 hunc
1735 1893 1911 1987 veraciter
1984 1875 1993 1895 ⁴

260 1979 419 2057 inceium
437 2014 446 2056 :
474 1989 510 2061 dt
526 2012 641 2060 coram
657 2009 716 2060 te:
742 1991 811 2070 iam
839 2007 911 2058 non
924 1985 997 2058 sum
1011 1983 1065 2055 di·
1113 1990 1342 2062 invocemus:
1369 1986 1445 2078 ipso
1459 1987 1598 2056 favente
1625 1982 1812 2075 impetrare
1837 1988 1916 2080 pos·

262 2104 351 2177 gnus
379 2084 498 2160 vocari
523 2085 611 2159 filius
626 2108 731 2163 tuus.
756 2083 857 2156 Dixit
869 2103 985 2156 autem
1001 2108 1063 2176 pa·
1112 2089 1231 2161 simos:
1257 2083 1353 2177 quod
1378 2083 1420 2155 ab
1436 2078 1498 2155 illo
1512 2077 1664 2156 fideliter
1678 2079 1911 2177 postulamus.

211 2192 244 2271 ¹5
265 2195 319 2252 ter
348 2183 390 2253 ad
421 2184 543 2260 servos
565 2190 665 2270 ejus.
703 2182 792 2258 Cito
815 2181 978 2279 proferte
1002 2183 1072 2252 uo·
1121 2201 1171 2278 132.
1185 2189 1326 2258 Amen.

264 2274 329 2353 lam
346 2280 490 2373 primam
516 2283 698 2356 &induite
715 2278 837 2374 illum:
864 2284 899 2352 dt
918 2282 998 2355 date
1012 2306 1073 2352 an·
1396 2279 1639 2355 Aliaoratio.
1939 2305 1993 2383 γα

263 2374 381 2449 nulum
407 2382 438 2451 in
455 2405 556 2454 manu
571 2389 645 2467 eius
673 2378 942 2452 &calciamenta
959 2380 992 2451 in
1007 2404 1070 2473 pe·
1231 2379 1297 2453 Eus
1312 2401 1380 2450 une
1408 2385 1443 2453 dt
1460 2379 1617 2454 immense
1636 2398 1706 2452 tam
1719 2377 1915 2461 misericor.

257 2467 362 2547 'dibus
388 2484 489 2563 ejus:
528 2482 564 2552 &
590 2473 738 2554 occidite
766 2474 910 2549 vitulum
936 2476 1070 2573 sagina·
1240 2478 1331 2549 diter
1359 2475 1528 2574 lapsorum
1554 2475 1725 2551 defectum
1752 2503 1913 2576 reparas:

267 2587 336 2644 tum
350 2576 641 2650 &manducemus
657 2578 692 2648 δι
704 2573 900 2670 epulemur:
921 2575 997 2668 quia
1011 2575 1067 2645 hic
1116 2605 1217 2675 quam
1231 2593 1400 2670 potenter
1414 2601 1534 2653 eorum
1559 2599 1626 2671 que
1653 2599 1723 2650 nou
1735 2599 1837 2653 erant
1853 2582 1917 2655 rta-

211 2685 247 2749 to
266 2665 353 2743 filius
385 2699 480 2746 meus
508 2697 667 2752 mortuus
687 2674 828 2748 fuerat:
855 2672 889 2742 &
905 2673 1063 2747 revixit:
1115 2697 1189 2751 tum
1214 2673 1378 2748 edificas.
1403 2675 1458 2748 Da
1480 2673 1628 2747 Ecclefie
1654 2694 1713 2748 tue
1727 2676 1916 2752 Catholice

213 2792 227 2811 ·
267 2769 417 2865 perierat
443 2775 477 2845 dt
494 2774 654 2847 inventus
672 2772 743 2843 eli.
771 2773 817 2843 Et
838 2776 1005 2862 ceperunt
1026 2792 1064 2838 e·
1112 2775 1196 2849 fidei
1211 2770 1480 2871 plenitudinem:
1509 2797 1608 2867 quam
1635 2771 1816 2846 illidedilli
1834 2802 1913 2871 per·
1940 2795 1991 2878 75

267 2864 403 2962 pulari.
427 2871 508 2941 Erat
524 2892 639 2944 autem
653 2867 742 2941 lilius
764 2873 839 2954 eius
856 2866 969 2941 senior
985 2867 1062 2940 irus
1113 2872 1205 2949 feste
1222 2893 1344 2946 tenere
1359 2896 1369 2937 a
1384 2874 1421 2942 &
1435 2870 1488 2944 hi:
1503 2872 1560 2965 qui
1576 2868 1779 2965 perlapsum
1795 2875 1913 2967 operis

269 2989 384 3064 agro.
409 2968 544 3042 Etcum
558 2968 695 3061 vmiret
719 2968 757 3038 &
773 2968 1062 3064 appropinquaret
1111 2972 1149 3044 in
1165 2969 1222 3043 illa
1238 2966 1455 3041 succumbunt
1474 2994 1483 3034 :
1508 2991 1553 3038 ex
1569 2967 1787 3042 miseratione
1809 2995 1908 3065 repa-

267 3063 388 3136 domui
403 3066 534 3139 audivit
547 3063 767 3162 simphoniam
778 3069 813 3137 dt
826 3066 971 3139 chorum
988 3089 997 3131 ε
1023 3066 1062 3135 &
1112 3068 1285 3142 rationem
1304 3067 1437 3137 adeffe.
1462 3067 1546 3155 Quo
1562 3064 1830 3138 &eternitatem
1845 3091 1911 3161 per

211 3168 245 3243 25
267 3162 409 3234 vocavit
429 3188 529 3236 unum
558 3162 748 3235 deservis:
773 3160 1063 3257 &interrogavit
1113 3166 1216 3238 fidem
1233 3158 1605 3256 acquirant:&glorie
1622 3161 1833 3261 dignitatem
1846 3188 1913 3266 per
1966 3192 1968 3197 ·

211 3264 245 3317 rs
267 3259 348 3353 quid
364 3260 428 3330 hec
447 3260 572 3335 essent.
589 3264 629 3333 Et
646 3261 736 3332 dixit
752 3257 824 3331 illi.
850 3261 970 3332 Frater
985 3276 1065 3329 tuus
1115 3285 1203 3358 opus
1220 3257 1421 3333 obtineant.
1447 3272 1496 3352 Bc·
1510 3266 1645 3334 Amen.
1938 3267 1992 3344 80

263 3356 361 3429 venit
377 3384 387 3425 :
412 3359 446 3429 dr
465 3360 592 3433 occidit
608 3381 707 3454 pater
724 3377 801 3430 tuus
817 3355 961 3430 vitulum
976 3352 1063 3450 sagi-

264 3473 407 3527 natum:
433 3461 511 3549 quia
527 3459 654 3530 salvum
672 3452 766 3527 illum
786 3460 917 3549 recepit
933 3501 944 3523 .
969 3453 1063 3523 indi·
1316 3454 1394 3544 Post
1407 3463 1556 3534 nomina.
1570 3459 1705 3533 Oratio·

266 3571 390 3648 gnatus
409 3557 454 3626 eil
471 3577 582 3630 autern
595 3583 605 3625 :
620 3558 654 3626 dt
672 3549 810 3627 nolebat
825 3552 982 3625 introire·
998 3553 1063 3626 Pa·
1200 3561 1349 3634 sernum
1379 3577 1416 3630 te
1432 3562 1545 3634 Deum
1568 3563 1605 3633 &
1626 3556 1825 3632 indeficiens
1845 3559 1913 3636 bo·

211 3662 245 3735 30
263 3669 317 3723 tet
338 3646 428 3721 illius
442 3657 593 3748 egressus
608 3673 703 3750 cepit
722 3675 849 3750 rogare
873 3648 985 3723 illum.
1013 3654 1062 3722 At
1214 3683 1295 3734 num
1317 3653 1463 3730 acclives
1479 3658 1634 3731 servitui
1653 3654 1825 3732 humiliter
1846 3661 1914 3733 ob·

211 3768 217 3811 ·.
264 3744 317 3819 ille
336 3749 548 3840 respondens
565 3750 657 3824 dixit
673 3752 762 3846 patri
779 3751 864 3822 suo.
892 3750 978 3824 Ecce
1005 3765 1061 3823 tot
1111 3756 1305 3832 sectamus·
1331 3759 1378 3828 Ut
1392 3756 1449 3847 qui
1469 3753 1774 3828 &beatitudinem
1801 3753 1913 3830 fideli·
1939 3759 1987 3853 85

263 3843 358 3917 annis
388 3847 502 3922 servio
518 3849 600 3922 tibi:
626 3850 847 3943 &nunquam
868 3850 1060 3920 mandatum
1111 3855 1199 3923 bus:
1224 3852 1509 3926 &remissionem
1531 3850 1807 3945 delinquentibus
1833 3874 1910 3927 non

265 3959 363 4016 tuum
382 3947 573 4037 preterivi:
601 3951 635 4020 dt
664 3970 830 4040 nunquam
848 3945 964 4015 dedisli
978 3943 1060 4014 mihi
1111 3950 1172 4020 nisi
1189 3949 1277 4022 intra
1292 3947 1436 4022 santiam
1459 3947 1633 4023 ecclesiam
1650 3950 1798 4021 conferri
1840 3952 1910 4024 offe

262 4042 388 4114 edum:
414 4064 450 4116 ut
467 4069 541 4118 cum
556 4044 670 4120 amicis
685 4046 768 4117 meis
786 4044 965 4138 epularer.
992 4041 1058 4112 Sed
1109 4048 1261 4121 sanxisti:
1274 4049 1335 4119 de:
1351 4051 1387 4119 δι
1406 4044 1607 4118 viventibus
1626 4045 1715 4120 inea
1733 3974 1919 4160 sineiapsu·

211 4153 239 4226 ii
263 4141 434 4234 postquam
448 4143 538 4215 ilius
551 4156 629 4218 tuus
644 4144 700 4214 nic
710 4144 770 4236 qui
784 4137 970 4212 devoravit
984 4138 1060 4210 sub·
1108 4146 1289 4220 consistere
1305 4172 1315 4213 :
1339 4144 1375 4214 dt
1392 4141 1563 4216 defunctis
1581 4150 1645 4240 per
1659 4147 1731 4229 eius
1745 4143 1912 4242 supplica-

211 4280 213 4293 »
263 4238 416 4344 licentiam
446 4240 536 4315 snam
566 4266 643 4316 curn
673 4239 912 4314 meretricibus
934 4238 1060 4309 venit:
1109 4240 1411 4316 tionemadebitis
1424 4239 1594 4337 suppliciis
1607 4239 1769 4314 liberari.
1797 4247 1842 4315 Ut
1867 4245 1903 4316 &
1935 4268 1991 4341 90.

263 4336 415 4408 occidisti
444 4337 490 4409 illi
505 4341 652 4413 vitulum
679 4340 886 4434 saginatum·
914 4339 961 4408 At
988 4331 1059 4429 ipse
1109 4339 1301 4414 viventium
1331 4358 1366 4411 te
1379 4336 1497 4435 lingua
1510 4337 1603 4411 simul
1627 4340 1662 4410 δι
1680 4340 1752 4413 vita
1768 4336 1907 4435 glorifi-

262 4431 351 4506 dixit
380 4432 452 4505 illi.
479 4437 541 4509 Fili
572 4458 611 4511 tu
627 4462 757 4511 meeum
788 4436 920 4529 semper
936 4458 997 4505 es:
1023 4434 1059 4506 dt
1107 4457 1192 4509 cet:
1218 4433 1515 4510 &defunctorum
1532 4434 1913 4528 quiesetermexulra·

261 4532 376 4604 omnia
387 4556 459 4606 mea
473 4556 530 4607 tua
546 4535 635 4608 sunt.
653 4531 786 4630 Epulari
801 4552 915 4605 autern
927 4536 962 4604 dt
977 4554 1059 4623 gau·
1109 4535 1207 4609 tione
1225 4530 1472 4609 concelebret.
1500 4547 1548 4624 Bt.
1562 4538 1697 4608 nmen.

211 4629 408 4722 peterere
438 4635 653 4727 oportebat:
684 4627 1057 4725 qui'ahicfratertuus
1650 4649 1662 4659 ’·
1885 4676 1888 4683 -

214 4814 216 4818 ι
259 4746 416 4802 mortuus
434 4730 765 4806 suerat&revixit:
793 4723 1058 4822 perierat&in-
1326 4732 1693 4833 flammamtis.
1934 4752 1985 4834 95

258 4846 388 4900 ventus
402 4829 475 4899 est.
501 4845 551 4916 132.
565 4839 697 4901 Amen.
795 4845 797 4849 ’
1188 4837 1243 4906 Art
1257 4833 1418 4907 indisciffa
1432 4835 1466 4902 δι
1481 4833 1646 4925 premium
1663 4850 1832 4926 perpetue
1848 4854 1922 4927 pa··

307 4931 411 5005 Dicat
422 4925 541 4998 Presb.
556 4927 724 5001 Dominus
737 4929 778 5000 fit
794 4927 929 5020 semper
940 4919 1057 4997 vobis·
1208 4932 1255 5004 cis
1271 4954 1392 5004 eterne
1408 4935 1519 5003 Deus:
1546 4929 1602 5022 qui
1619 4929 1653 4999 &
1668 4954 1783 5025 pacem
1799 4953 1906 5028 ange.

260 5043 361 5096 cum.
386 5035 434 5118 gt.
447 5025 489 5096 Et
503 5051 578 5098 cum
595 5074 606 5094 .
1108 5026 1149 5099 lis
1172 5046 1297 5102 eterno
1313 5031 1430 5102 federe
1444 5025 1631 5101 conlocasti
1648 5051 1657 5093 :
1683 5030 1717 5100 dt
1752 5028 1794 5100 ad
1809 5028 1908 5114 hujus

211 5140 234 5213 ‚5
268 5168 273 5176 -
312 5121 649 5207 Lauda.·Alleluia.
675 5124 723 5215 ii.
743 5123 900 5197 Dextera
913 5118 1072 5193 Dominl‘
1107 5124 1325 5220 participium
1344 5125 1527 5221 pervenire
1540 5125 1669 5198 aditum
1683 5123 1905 5199 etiambomi·
1990 5144 2000 5178 ¹

257 5217 344 5290 iecit
362 5218 547 5297 virtutem:
563 5227 708 5297 dextera
724 5221 792 5295 Dei
808 5218 976 5296 exaltavit
990 5242 1057 5294 me·
1109 5223 1207 5295 nibus
1221 5222 1381 5314 prebuisti
1397 5254 1406 5294 :
1420 5226 1463 5297 da
1479 5221 1574 5293 nobis
1588 5221 1695 5294 servis
1711 5223 1777 5296 tuis
1793 5227 1826 5292 dt
1840 5249 1903 5317 pa·
1941 5230 2012 5296 roo¹

255 5323 306 5386 1³.
319 5311 492 5401 Alleluia.
1109 5344 1183 5396 cem
1202 5325 1367 5416 temporis
1383 5319 1474 5415 sequi
1490 5350 1499 5391 :
1517 5327 1551 5392 dt
1569 5342 1686 5412 pacem
1711 5319 1905 5392 eternitatis

407 5463 410 5466 ›
543 5420 770 5506 Sacrificium.
1107 5418 1259 5492 habere.
1287 5421 1333 5491 Ut
1359 5422 1438 5494 dum
1455 5420 1487 5491 in
1503 5417 1596 5510 pacis
1613 5436 1705 5489 voto
1732 5414 1906 5486 transeunt

258 5510 480 5688 ACcepit
506 5515 629 5594 librur'n
647 5521 789 5614 Moyses
805 5539 920 5592 coram
949 5511 1057 5590 altare
1109 5536 1290 5612 tempora:
1306 5517 1338 5588 in
1353 5518 1445 5610 pacis
1461 5540 1574 5611 regno
1587 5511 1809 5604 conquiratur
1823 5508 1923 5604 pos·¹

211 5641 229 5691 a
379 5611 537 5687 Domini:
551 5625 585 5690 dt
601 5619 763 5692 recitavit
778 5619 811 5688 in
825 5639 921 5690 aures
935 5611 1056 5711 populi
1107 5613 1210 5688 sessio
1222 5611 1428 5709 sempiterna
1442 5662 1453 5686 .
1479 5628 1528 5709 m.
1543 5618 1673 5685 Amen·

258 5705 404 5779 dicens:
430 5713 486 5783 hic
511 5717 558 5786 eii
584 5715 945 5810 sanguisteilamenti.
978 5711 1075 5786 lna.
1134 5751 1136 5754 ·
1938 5732 2007 5811 105

258 5805 419 5895 omnibus
445 5813 618 5906 preceptis
652 5834 716 5903 que
749 5810 923 5888 constituit
955 5807 1078 5883 vobis'
1433 5810 1577 5883 inlatio.

253 5899 431 5978 Dominus
448 5907 582 5993 alleluia
599 5959 608 5981 .
635 5906 682 6005 p.
701 5908 920 5986 Convocavit
950 5907 1056 5996 Moy·
1106 5909 1328 6092 Dignum
1345 5914 1379 5984 dt
1389 5910 1512 5994 iulium
1523 5911 1569 5982 est
1583 5904 1905 6005 magnarumvirtu·

249 5998 464 6085 (cromnam
483 6007 697 6106 synagogam
713 6003 863 6085 filiorum
877 6001 981 6081 lsrael
997 6032 1007 6076 ε
1021 6008 1057 6082 &
1230 6031 1302 6085 tum
1317 6004 1478 6090 terribilis
1495 6010 1589 6082 Deus
1605 6039 1614 6083 :
1637 6008 1674 6082 dt
1687 6003 1904 6102 copiosarum
1917 6050 1926 6062 ‹-

268 6154 292 6177 ··
353 6110 410 6188 Mi
423 6112 593 6186 amman
1494 6112 1526 6191 t
1773 6100 1906 6188 misem·
