4450 7209
309 711 380 791 1'08
621 772 624 778 ·
708 708 1572 791 DOMINICA'S'ECUNDA.

303 836 361 886 cer
376 838 394 883 a
408 807 566 886 delictis}
592 811 715 906 Sicque
730 835 921 888 mereamur
931 834 1102 907 precones
1154 813 1325 908 aperimus
1342 828 1426 885 aute
1444 809 1555 885 altare
1572 827 1675 883 tuum
1690 796 1895 886 sanmiffime
1908 797 1975 871 Pa·
2002 810 2040 886 55

303 910 388 983 effici
405 908 508 986 lundis
526 928 585 982 tue
601 913 685 984 ficut
699 933 799 983 cecus
813 907 1104 983 ilieannunciator
1155 932 1212 999 ter
1242 908 1367 982 vulnus
1396 910 1578 1004 proprium
1607 937 1617 976 r
1645 904 1805 978 tenebras
1835 897 1974 972 nostro·

307 1005 415 1079 factus
445 1011 492 1080 est
523 1007 661 1102 gratie.
688 1007 730 1080 Et
761 1006 844 1079 ficut
872 1004 930 1081 ille
944 1009 988 1080 ad
1001 1011 1110 1080 confi·
1161 1032 1239 1082 rum
1254 998 1828 1082 fatemurerrorumcconscientie
1857 995 1972 1067 nostre

310 1104 452 1182 tendum
477 1125 514 1176 te
544 1128 664 1178 verum
691 1107 804 1177 Deum
826 1102 1033 1197 adimpletus
1061 1108 1109 1178 eil
1158 1107 1327 1198 aperimus
1362 1103 1569 1177 archanum·
1598 1099 1819 1173 Invenimus
1850 1092 1974 1201 questu

261 1229 281 1300 5
310 1203 378 1277 fide
407 1229 420 1272 c
447 1201 494 1280 ita
505 1222 568 1271 nos
585 1226 721 1295 quoque
735 1199 1110 1299 repleamurboniope-
1160 1225 1235 1276 mus
1266 1205 1301 1275 in
1332 1199 1478 1274 vulnere
1505 1197 1704 1272 medicinam
1733 1222 1742 1263 ε
1771 1191 1971 1300 intenebris
2004 1246 2009 1256 .

237 1363 243 1374 .
310 1297 609 1373 riseonfeuone.
641 1305 752 1394 Atque
779 1319 876 1375 tanta
904 1294 1108 1374 excellentia
1159 1295 1271 1373 lucem
1283 1319 1439 1373 eternam
1468 1325 1479 1364 r
1509 1294 1712 1372 innocentie
1734 1292 1924 1397 puritatem
1935 1309 1969 1357 ut
1999 1277 2033 1346 ⁶0

310 1394 451 1491 pietatis
468 1418 624 1471 occurras
653 1416 687 1469 tc
700 1395 941 1470 invocantibus
959 1396 1033 1489 pius
1048 1428 1057 1469 r
1073 1416 1114 1470 ot
1164 1395 1401 1473 conscientia·
1429 1394 1586 1468 Cernere
1613 1391 1744 1465 etenim
1774 1389 1863 1463 totis
1889 1383 1970 1495 urii-

309 1515 374 1586 pet
384 1491 695 1588 heclibtrninaque
713 1493 778 1568 tibi
791 1492 968 1566 offerimus
983 1497 1042 1565 r&
1057 1495 1113 1572 vi·
1163 1496 1227 1568 bus
1253 1491 1412 1569 volumus
1435 1492 1559 1567 faciem
1591 1509 1683 1564 tuam
1710 1517 1720 1558 r
1749 1483 1969 1591 sedimpedt·

313 1589 578 1666 viobtinermus
591 1591 778 1664 remedium
795 1585 939 1663 salutare
965 1617 975 1660 r
999 1592 1110 1666 &de·
1160 1616 1236 1667 mur
1247 1595 1356 1667 cecati
1369 1591 1511 1662 tenebra
1540 1586 1729 1671 consueta.
1759 1580 1866 1657 Ceios
1879 1581 1968 1672 aspi·

239 1715 283 1767 ιο
309 1685 417 1765 fitndb
445 1687 621 1782 percipere
647 1710 836 1764 mereamur
856 1706 1013 1764 eternum
1026 1714 1111 1786 gau·
1159 1713 1243 1763 cere
1258 1688 1411 1779 cupimus
1437 1711 1447 1750 =
1476 1682 1701 1760 necvalemus
1734 1709 1744 1751 a
1774 1685 1969 1756 dumceca·

239 1828 278 1870 μ’.
307 1784 588 1861 diumlinefiue.
1163 1786 1192 1865 ti
1205 1785 1356 1861 tenebris
1370 1802 1591 1880 peccatorum
1616 1809 1626 1850 r
1652 1801 1715 1852 nec
1730 1777 1796 1854 hos
1811 1802 1877 1872 pro
1892 1773 1967 1848 san·
1998 1764 2034 1850 ⁶5

315 1890 566 1976 mamea.
1166 1882 1219 1957 ἂι
1234 1884 1306 1960 vita
1318 1882 1526 1957 attendimus
1552 1908 1565 1949 ε
1595 1881 1654 1972 qui
1675 1899 1822 1974 propter
1847 1869 1977 1951 excel-2
2071 1938 2073 1943 .

337 2024 342 2034 ·
385 2025 386 2029 =
866 1997 869 2004 ·
1163 1977 1301 2056 lentiam
1315 1982 1389 2053 vite
1402 1977 1467 2054 celi
1484 1977 1626 2051 nomine
1653 1972 1842 2069 nuncupati
1860 1973 1967 2047 sunt.

526 2086 591 2157 Ad
599 2099 733 2179 pacem·
752 2091 893 2161 oratioe
1162 2082 1319 2155 Occurre
1349 2076 1547 2174 igiturlesu
1576 2074 1676 2151 uobis
1702 2074 1739 2148 in
1753 2067 1890 2165 templo
1904 2088 1967 2180 tuo

239 2199 283 2274 15
1162 2176 1341 2250 orantibus
1369 2202 1380 2243 t
1405 2180 1666 2249 &curaomnes
1689 2171 1724 2244 in
1753 2168 1965 2262 hacdiequt
2020 2225 2027 2268 5

421 2275 486 2354 llus
498 2278 557 2370 qui
572 2296 664 2353 tanta
679 2305 761 2372 pace
774 2279 1006 2356 &dilectione
1020 2280 1109 2366 huuc
1162 2272 1392 2344 invirtutibus
1410 2271 1572 2344 facientes
1596 2299 1606 2342 t
1637 2265 1770 2343 noluisti
1785 2265 1964 2339 sabbatum
1996 2277 2034 2348 70

429 2379 591 2450 mundum
606 2374 749 2450 dilexisti
780 2407 790 2450 a
821 2400 857 2450 ut
873 2405 934 2474 per
950 2377 1110 2473 unigeni·
1161 2371 1344 2445 custodiri.
1373 2371 1457 2443 Ecce
1472 2389 1552 2442 ante
1568 2366 1714 2463 gloriam
1743 2362 1891 2440 nominis
1912 2361 1964 2434 tui

307 2486 379 2549 tunt
394 2469 500 2545 lilium
526 2495 619 2549 tuum
646 2479 765 2549 cundia
795 2477 964 2548 terrestria
978 2473 1109 2549 celesti·
1162 2469 1330 2560 aperimus
1348 2466 1488 2541 vulnera
1504 2467 1614 2541 nostra
1640 2495 1649 2537 t
1679 2487 1722 2538 tu
1742 2483 1967 2558 apponens·

250 2586 253 2590 ’
307 2565 369 2634 bus
384 2565 529 2640 sociares
544 2573 760 2645 miseratione
783 2575 933 2667 gratuita
948 2602 958 2641 ε
971 2596 1036 2664 que
1051 2596 1107 2643 ce·
1159 2566 1229 2637 iltis
1260 2566 1513 2640 infirmitatibus
1542 2562 1768 2638 medicinam.
1796 2563 1967 2633 succurre

236 2689 284 2740 20
308 2661 410 2733 cirne
428 2667 528 2754 primi
542 2667 690 2739 hominis
706 2671 788 2743 faeta
805 2670 940 2741 fuerant
959 2673 1049 2740 inter
1073 2668 1107 2739 se
1159 2662 1257 2734 uobis
1285 2686 1322 2736 ut
1354 2663 1528 2752 promifisti
1556 2661 1779 2757 precantibus
1801 2686 1812 2727 t
1840 2656 1965 2749 quiex
2000 2712 2032 2744 ⁶:

232 2788 244 2847 ς
260 2796 277 2823 υ
307 2758 526 2834 dissidentia.
556 2766 609 2839 Da
640 2766 737 2840 nobis
758 2786 808 2839 ut
830 2766 1108 2858 quiobscuritate
1160 2759 1270 2832 nihilo
1288 2761 1389 2836 feeissi
1417 2761 1512 2853 quod
1540 2757 1677 2831 sumus.
1714 2760 1780 2833 Fac
1794 2752 1963 2826 collirium
1995 2768 2033 2841 75

305 2855 497 2931 nostrorum
511 2861 687 2935 criminum
711 2890 720 2930 r
753 2864 932 2955 aproximi
949 2860 1108 2935 dilectio-
1157 2857 1193 2927 &
1223 2878 1329 2956 tange
1356 2857 1476 2932 oculos
1505 2859 1611 2933 nostri
1625 2856 1741 2930 cordis
1772 2856 1808 2926 &
1835 2873 1965 2945 corpo·

305 2973 351 3021 ne
367 2957 585 3030 'avertimurc
616 2977 653 3030 te
682 2959 827 3034 inuobis
855 2956 1108 3053 perpetualiter
1160 2955 1206 3025 ris
1234 2984 1244 3024 r
1277 2982 1318 3028 ne
1346 2958 1485 3048 cecique
1512 2955 1663 3031 labuntur
1687 2955 1965 3027 intenebratum

308 3044 450 3125 lucente
476 3081 488 3124 a
516 3054 563 3127 ita
577 3055 609 3126 in
626 3056 773 3133 nominis
796 3057 846 3127 tui
861 3054 1108 3136 dulcedineso·
1161 3055 1336 3128 erroribus
1350 3056 1545 3127 consuetis.
1570 3054 1656 3129 Ecce
1690 3056 1794 3146 pedes
1823 3069 1904 3121 tuos
1920 3045 1965 3118 ti·
2072 3116 2073 3122 ,

233 3172 279 3246 25
312 3142 493 3223 lidemur.
533 3155 710 3242 Quatenus
735 3157 772 3231 ὃ(
799 3155 924 3229 amicos
950 3156 984 3227 in
1011 3177 1047 3228 te
1076 3160 1112 3232 δι
1164 3176 1282 3249 gamus
1299 3155 1548 3227 fletibusanon
1565 3176 1629 3226 nos
1643 3152 1782 3235 abjicias
1810 3141 1964 3219 humilit-
2004 3189 2028 3248 ’ς
2072 3195 2073 3199 =

230 3271 271 3329 (χ
308 3243 459 3318 inimicos
488 3270 632 3345 propter
655 3271 689 3324 te
718 3275 728 3323 r
756 3249 889 3328 alterne
916 3251 1112 3330 diledlionis
1164 3268 1245 3322 tos.
1278 3244 1863 3346 Olesuboneaavest'giistuis
1894 3241 2030 3315 nonen
2072 3324 2073 3344 ξ

305 3342 449 3427 Vlssculo
463 3345 724 3445 amplectamus
1165 3351 1360 3423 recedamus
1390 3381 1401 3424 a
1429 3347 1484 3442 qui
1499 3344 1633 3419 humilis
1648 3347 1766 3420 venisti
1784 3342 1817 3413 in
1833 3342 1963 3415 terris.
2072 3345 2074 3381 i

315 3449 556 3542 ¹llbeimeng
1164 3450 1256 3521 Audi
1272 3455 1337 3533 iam
1354 3445 1703 3522 nostrorumomnium
1729 3463 1867 3539 precem
1891 3467 1902 3506 c
1927 3443 1964 3512 dt
2071 3472 2073 3547 p

1162 3544 1316 3618 evellens
1340 3550 1533 3620 nostrorum
1559 3543 1738 3616 criminum
1756 3536 1968 3613 cecitateme
2072 3566 2073 3578 2

227 3660 278 3732 30
633 3644 782 3723 ululat
1162 3643 1336 3717 videamus
1363 3642 1510 3742 gloriam
1536 3641 1636 3715 faciei
1664 3662 1721 3712 tue
1741 3631 1852 3711 inilia
1869 3633 1959 3729 pacis
2002 3687 2027 3705 ..

234 3766 237 3771 ⁴
271 3756 276 3769 “
1160 3757 1281 3816 eterne
1305 3743 1515 3816 beatitudine
1541 3735 1793 3834 proclamantes
1822 3759 1833 3802 t
1861 3750 1962 3827 atque
1992 3734 2029 3826 85

413 3845 721 3946 ign'urn&1'ustum
742 3848 791 3921 est
819 3842 884 3920 nos
897 3842 961 3922 tibi
979 3847 1110 3949 gratias
1160 3839 1409 3916 itadicentes.
1734 3919 1736 3921 ,
1969 3886 1975 3902 ·

424 3973 529 4044 agere
560 3973 570 4016 t
596 3945 751 4019 Domine
767 3944 880 4021 sande
895 3967 997 4043 pater
1018 3967 1112 4021 eter.
1209 3941 1311 4012 Dicat
1326 3939 1471 4015 Chorus·
1500 3933 1664 4013 Sanfflls·
1690 3930 1857 4012 salustus·
1876 3933 1961 4016 San!
2068 3890 2073 4020 l

299 4062 345 4112 ue
366 4043 590 4139 omnipotens
620 4043 715 4116 Deus
748 4072 760 4114 t
788 4068 853 4140 per
865 4042 976 4125 lesum
1005 4046 1111 4119 Chri·
1161 4037 1260 4112 uus.

222 4150 270 4221 35
301 4137 499 4216 stumfiliunr
513 4164 612 4218 tuum
628 4140 814 4216 Dominum
842 4143 1016 4215 nolirum.
1036 4143 1110 4233 Qui
2021 4233 2023 4237 v

229 4230 562 4326 &inluminatione
602 4237 660 4308 sue
688 4240 768 4310 fidei
795 4239 955 4310 tenebras
988 4242 1113 4311 mundi
1360 4236 1773 4322 Portunamnetu.
1991 4244 2034 4315 9ο

296 4331 432 4424 expulit
461 4361 473 4399 a
498 4340 535 4409 dt
561 4331 644 4406 fecit
670 4333 765 4406 filios
780 4337 847 4405 effe
862 4334 978 4429 gratie
1007 4329 1019 4405 s
1045 4336 1116 4427 qui·
1967 4399 1972 4415 f

298 4429 507 4504 tenebantur
520 4429 580 4502 sub
593 4427 683 4526 legis
696 4433 778 4516 iulia
792 4431 1017 4504 dannatione.
1030 4432 1117 4525 Qi.
1154 4429 1249 4608 V
1263 4431 1326 4504 Ere
1344 4431 1417 4501 dies
1433 4433 1656 4526 sempiternus
1681 4460 1691 4500 ε
1721 4452 1807 4504 vere
1836 4426 1961 4502 lucifer

295 4524 349 4596 itt
362 4528 396 4598 in
406 4530 569 4614 judicium
591 4527 625 4599 in
656 4529 723 4602 hoc
750 4530 879 4602 mundo
903 4529 1003 4602 venit
1028 4557 1038 4598 ε
1064 4550 1114 4606 ut.
1273 4553 1376 4600 verus
1393 4529 1566 4605 Dominus
1595 4534 1708 4604 noster
1732 4527 1830 4607 lesus
1856 4526 1962 4598 Chri·

89 4659 97 4675 ,
217 4636 269 4714 40
297 4645 368 4696 uon
383 4628 542 4701 videntes
555 4625 713 4700 viderent
739 4656 750 4697 t
779 4629 815 4699 dt
845 4627 1004 4700 videnter
1028 4629 1101 4704 ceci
1151 4623 1217 4695 ssus
1234 4623 1322 4698 filius
1339 4647 1438 4699 tuus.
1464 4628 1532 4720 Qui
1545 4630 1589 4699 iic
1606 4625 1681 4700 luce
1694 4623 1889 4699 divinitatis
1904 4624 1961 4695 sue
1995 4676 2008 4690 ρ

231 4742 278 4812 '93
290 4721 439 4796 cuent..
453 4724 603 4819 qualiter
633 4725 669 4796 &
701 4724 737 4796 hi
759 4725 818 4818 qui
845 4723 881 4796 in
894 4723 927 4795 se
941 4727 1101 4800 tenebras
1149 4719 1279 4794 claruit
1296 4725 1502 4799 mundoeut
1516 4749 1594 4797 eum
1609 4726 1829 4799 tenebratum
1848 4722 1964 4814 eripe·
1988 4731 2027 4804 95

293 4823 548 4896 confiterentur
577 4846 731 4896 errorum
763 4852 773 4893 a
802 4823 1019 4919 perciperent
1042 4820 1099 4895 lu·
1151 4838 1203 4893 ret
1217 4820 1423 4896 dominatu.
1454 4827 1500 4896 Ut
1528 4846 1594 4893 uos
1615 4820 1961 4917 quialiquaudoera·

291 4941 370 4989 rnen
385 4941 540 4994 eternum
557 4947 567 4986 r
582 4943 644 5013 per
655 4922 750 5013 quod
762 4939 919 4997 carerent
946 4922 1096 4995 tenebris
1148 4941 1220 4989 mus
1236 4920 1378 4992 tenebre
1409 4948 1420 4986 a
1438 4921 1651 4993 efficeremur
1674 4921 1710 4992 in
1746 4933 1789 4990 eb
1809 4940 1963 4990 verum.»

293 5012 525 5090 deliciorum.
554 5017 598 5087 Et
614 5016 649 5086 hi
659 5017 720 5109 qui
733 5020 776 5089 de
792 5019 926 5096 meritis
951 5018 1099 5116 suis‘ar·
1147 5010 1297 5088 lumen.
1322 5015 1484 5113 Qualiter
1498 5042 1576 5091 eum
1588 5017 1876 5114 cognosceremus
1899 5038 1960 5107 per

203 5128 267 5201 ⁸45
295 5133 461 5207 rogantes
475 5112 586 5185 lumen
608 5112 641 5183 in
674 5114 878 5210 semetipsos
906 5118 1031 5192 habere
1044 5124 1099 5205 iu·
1149 5111 1445 5189 inluminationem
1462 5114 1542 5187 fidei
1560 5116 1652 5186 sue:
1686 5116 1744 5208 qui
1772 5136 1841 5206 pro
1861 5111 1964 5185 nobis
2019 5163 2033 5211 t

206 5240 222 5289 n
242 5238 274 5288 :t
291 5209 385 5282 {licie
399 5213 635 5284 extimabantt
652 5210 885 5306 insemeti'pfis
901 5218 1025 5288 merito
1041 5234 1097 5287 te·
1148 5213 1468 5286 omnibusanimant
1502 5213 1595 5287 suam
1621 5212 1765 5286 tradidit
1796 5207 1963 5301 usquead
1993 5216 2045 5274 100

291 5306 554 5379 nebrescerent.
580 5305 636 5398 qui
666 5303 795 5380 elevati
822 5310 980 5404 superbia
998 5312 1095 5386 suu-2
1146 5330 1296 5385 mortem
1312 5334 1322 5376 c
1337 5309 1490 5386 christus
1505 5309 1678 5387 Dominus
1694 5336 1733 5388 ac
1747 5309 1953 5403 redemptor

292 5404 673 5491 &vdejnsticiarconfist
701 5408 842 5500 propria
866 5435 880 5476 c
904 5405 949 5480 ad
976 5403 1099 5481 sanan·
1153 5426 1327 5482 eternus·
1760 5451 1762 5455 ·

294 5504 378 5576 dum
391 5504 557 5578 medicum
586 5507 888 5595 nonquerebaut·
910 5505 1103 5586 Periesum
1436 5543 1464 5581 η
1531 5529 1554 5586 r

216 5620 262 5694 50
294 5594 783 5723 enimquiofliumeffedinit
801 5603 1103 5697 adPatreutcpoo
1448 5602 1677 5706 Pollpridr'c..
1709 5686 1723 5716 ο

142 5754 146 5762 .
215 5756 253 5763 ..
293 5714 410 5770 terant
427 5697 601 5772 introire·
628 5700 698 5775 Sed
722 5700 803 5790 quia
828 5700 1016 5774 demeritis
1032 5700 1113 5773 eieae·
1667 5762 1675 5782 ,
1786 5752 1788 5755 -

287 5793 367 5868 vati
383 5793 458 5866 sunt
474 5772 634 5904 irlnnrobe
648 5827 658 5868 r
674 5798 710 5868 in
725 5797 784 5871 sua
799 5796 1033 5874 remanserunt
1050 5799 1106 5870 ni·
1250 5801 1353 5898 Ange
1368 5807 1547 5902 quesumus
1557 5807 1634 5884 lesu
1650 5804 1699 5880 fili
1714 5803 1781 5875 Dei
1798 5811 1966 5885 tenebra

288 5891 1106 5972 hilominusceeitate.Proindehumilesnosve·
1261 5904 1376 5975 cordis
1404 5905 1641 5995 nostridiqitis
1653 5906 1720 5976 tuis
1733 5931 1746 5972 r
1758 5925 1795 5976 ut
1813 5906 1863 5979 ita
1880 5929 1918 5981 te
1934 5909 1975 5982 in

291 5988 429 6064 niences
444 5995 580 6070 ruecde
596 5993 856 6096 metitisnollris
865 5993 1117 6094 presumentes.
1151 5997 1400 6088 nubisluceute
1412 5988 1636 6102 peccatorum
1659 5998 1821 6078 eruamur
1838 6028 1976 6080 arene-

313 6114 316 6119 ’
657 6154 673 6169 »ι
713 6154 728 6171 υ
827 6131 850 6173 6
1349 6107 1356 6113 ”
1715 6110 1722 6118 ‘
1881 6097 1979 6179 bris't

1993 5672 2050 5787 10³5
