4450 7209
117 716 121 731 ·
375 695 381 712 ”
801 745 805 753 ,
925 708 956 733 ·'
1053 693 1068 703 ..
1708 724 1720 748 s
1810 711 1816 752 l

256 761 339 835 sto
555 841 560 856 ‚
730 757 1154 838 DOMINICA
1215 756 1461 836 SEXTA
1626 814 1665 820 --

271 855 800 960 ¹omnesrlngeli&Archangeli
816 856 1104 936 noncelsantcla·
1129 848 1288 950 spietate
1318 878 1377 934 tna
1399 886 1418 933 a
1443 855 1539 934 malis
1565 855 1720 1030 propriis
1746 860 1911 938 liberaris
1937 865 1975 936 dt
2007 883 2033 957 53

144 1001 150 1010 ·
283 980 380 1030 mare
392 957 630 1051 quotidieuna
645 970 736 1032 v'oce
747 959 904 1034 dicentes
925 958 1104 1064 acherres.
1155 953 1293 1048 semper
1306 954 1340 1028 iu
1354 960 1422 1031 tuis
1438 953 1590 1031 laudibus
1609 961 1757 1056 goriari
1770 1009 1781 1031 .
1792 968 1973 1053 &Amen-

282 1052 427 1127 Sanslus
443 1101 455 1126 .
582 1053 661 1140 Posi
676 1059 837 1130 sannas.
1154 1051 1728 1130 DicatPresbd’ermisericordiam
1744 1078 1836 1134 tuam
1850 1053 1977 1134 &cro-

220 1153 226 1162 ’
390 1151 493 1224 Eram
518 1170 577 1225 tue
610 1149 790 1227 Trinitatis
817 1150 1104 1250 omnipotentiam
1154 1164 1239 1221 tum.
1266 1153 1375 1225 Lediis
1388 1151 1487 1224 libri
1492 1152 1659 1247 firpienrie
1674 1155 1876 1227 salomonis.
1892 1166 1977 1230 1111.

225 1280 254 1348 .5
403 1246 557 1326 Domine
570 1250 794 1328 concinentes
810 1281 820 1323 r
834 1253 885 1327 tui
904 1251 1106 1346 semperno·
1210 1247 1307 1321 Ullus
1320 1250 1470 1324 limorte
1486 1272 1734 1348 preoccupatus
1749 1254 1880 1326 fuerit:
1899 1255 1975 1329 ani·

203 1347 220 1379 “
286 1345 385 1421 minis
399 1348 611 1420 confeffione
631 1346 832 1446 locupleta:
854 1369 893 1422 ut
920 1353 1012 1444 qnod
1042 1347 1103 1421 tibi
1220 1369 1273 1420 ma
1285 1348 1359 1429 ejus
1379 1347 1413 1418 in
1427 1348 1609 1443 refrigerio
1634 1349 1726 1422 erit.
1755 1350 1974 1432 Senesluse·
2003 1355 2033 1425 6«

282 1445 463 1519 Cherubin
473 1447 680 1544 acSeraphin
696 1445 936 1521 incessabiliter
946 1445 1104 1533 iubilantr
1155 1446 1224 1517 nim
1235 1441 1439 1518 venerabilis
1451 1447 1527 1517 esta
1556 1467 1626 1519 non
1639 1447 1801 1520 diuturna
1817 1473 1880 1524 nec
1910 1476 1977 1526 nu·

185 1615 187 1618 ,
271 1541 430 1638 'Spiritus
445 1546 585 1619 Sanctus
599 1568 664 1621 nos
676 1543 759 1643 igne
773 1546 985 1642 perflagrans
1002 1571 1013 1611 a
1039 1543 1105 1613 hec
1156 1564 1254 1614 mero
1266 1564 1431 1617 annorum
1448 1560 1651 1635 computata
1668 1592 1678 1614 .
1700 1546 1790 1618 Cani
1816 1546 1896 1622 sunt
1912 1575 1975 1624 au·

279 1638 483 1737 incorrupte
502 1642 629 1719 mentis
659 1644 781 1718 statuta
805 1666 867 1715 nos
891 1644 955 1716 tibi
985 1640 1105 1727 iubeas
1156 1659 1227 1712 tem
1240 1636 1349 1711 sensus
1366 1639 1532 1712 hominist
1555 1642 1591 1712 δι
1606 1661 1678 1716 etas
1700 1641 1883 1716 senectutis
1898 1646 1976 1721 vita

110 1783 113 1789 ·
202 1766 256 1823 ,ιο
282 1739 470 1819 concinere
485 1786 495 1807 ·
513 1739 604 1831 Qia
619 1758 708 1813 tues
724 1742 892 1816 Dominus
909 1765 947 1815 ac
960 1738 1107 1814 Redem·
1155 1735 1392 1812 immacnlata.
1423 1737 1563 1813 Placens
1581 1738 1662 1813 Deo
1678 1739 1784 1813 sadus
1800 1738 1974 1816 diledus:

207 1845 213 1871 ⁷
282 1858 369 1935 ptor
386 1856 549 1911 eternus.
674 1836 751 1924 Pori
768 1839 899 1935 pridie.
990 1871 994 1875 ·
1078 1878 1080 1884 ·
1158 1832 1330 1917 &vivens
1356 1836 1447 1907 inter
1461 1853 1663 1931 peccatores
1691 1833 1873 1911 translatus
1895 1837 2032 1914 est.6

377 1938 468 2010 Rece
496 1953 610 2010 torum
625 1954 764 2014 tuorum
782 1937 932 2012 Domine
946 1937 1104 2029 mysteria
1158 1934 1290 2024 Raptus
1302 1933 1350 2005 cll
1369 1956 1412 2004 ne
1426 1931 1557 2005 malicia
1580 1955 1730 2008 mutaret
1759 1934 1975 2018 intelletium

387 1962 580 2108 recoiirntes
595 2062 605 2102 a
621 2033 809 2110 oblationis
827 2037 928 2121 huius
944 2031 1104 2109 libamina
1152 2035 1251 2115 ejus:
1282 2050 1340 2103 aut
1354 2055 1397 2104 ne
1411 2030 1507 2105 finio
1528 2030 1666 2105 'malicie
1690 2031 1869 2126 deciperet
1899 2037 1975 2111 ani.

283 2130 494 2206 sanclificare
511 2132 690 2229 dignetis:
720 2152 758 2206 ut
774 2153 833 2208 tue
850 2129 965 2230 gratie
981 2132 1104 2206 sancti·
1152 2148 1242 2215 mam
1270 2125 1390 2200 illius.
1420 2128 1611 2201 Fuscinatio
1636 2129 1728 2203 enim
1760 2133 1972 2226 nugacitatis

211 2253 253 2329 15
285 2226 450 2301 litatione
470 2229 645 2322 respersae
677 2227 790 2305 abluat
807 2229 1009 2307 sumentium
1021 2254 1103 2305 cor·
1153 2221 1309 2300 obscurat
1326 2226 1708 2302 nonnaninconnantia
1722 2230 1974 2325 concupiscen-

164 2415 167 2419 ‚
200 2321 210 2345 '
284 2324 384 2398 dibus
399 2351 502 2399 omne
515 2326 703 2402 delictum.
730 2344 779 2423 lje.
801 2334 938 2402 Amen.
1155 2323 1204 2396 tia
1222 2321 1425 2398 transvertit
1437 2323 1567 2398 sensum
1580 2327 1650 2397 fine
1665 2324 1817 2400 malicia.
1830 2329 1970 2402 Consu·
2004 2344 2033 2420 7s

335 2424 397 2494 Ad
409 2433 592 2497 orationem
607 2429 838 2498 Dominicass.
863 2430 1039 2500 Oremus.
1152 2443 1263 2496 matus
1289 2421 1322 2491 in
1350 2420 1447 2493 brevi
1478 2419 1635 2515 explevit
1657 2442 1813 2519 tempora
1835 2424 1972 2502 multae

376 2521 490 2619 Xurge
515 2523 717 2596 Domine&
738 2520 881 2618 prevale
906 2525 940 2596 in
968 2525 1101 2596 virtute
1151 2515 1276 2614 placita
1302 2520 1395 2590 enim
1411 2537 1485 2592 erat
1502 2518 1582 2594 Deo
1599 2519 1707 2596 anima
1732 2519 1847 2594 illius.
1875 2528 1970 2599 Pro·

284 2525 359 2706 E
386 2637 444 2692 tua
459 2647 468 2688 ε
484 2622 519 2691 &
536 2624 579 2693 ad
594 2621 740 2695 nostram
753 2622 985 2695 defensionem
1001 2616 1099 2693 exci·
1149 2635 1228 2711 pter
1244 2616 1309 2687 hoc
1322 2615 1527 2713 properavit
1555 2618 1699 2691 educere
1716 2616 1813 2690 illum
1833 2621 1877 2692 de
1893 2647 1972 2696 me-

200 2739 256 2792 ‘so
286 2733 319 2788 ta
333 2719 525 2810 potentiam
541 2737 633 2791 snam
649 2765 660 2785 ·
685 2717 831 2813 Respice
845 2718 1018 2812 propicius
1033 2740 1100 2789 no·
1149 2715 1207 2786 dio
1221 2714 1461 2808 iniquitatum·
1484 2713 1607 2807 Populi
1627 2734 1740 2791 autem
1755 2716 1917 2801 videntes
1931 2724 1972 2795 ὅτ

288 2813 344 2884 llri
358 2815 475 2886 cordis
490 2814 780 2914 presumptionem
794 2845 804 2884 r
830 2818 866 2888 δι
883 2838 928 2887 ex
957 2814 1098 2911 presen·
1148 2835 1219 2884 non
1235 2809 1469 2908 intelligentes
1488 2837 1499 2880 a
1513 2834 1577 2882 nec
1590 2835 1756 2908 ponentes
1770 2816 1805 2886 in
1821 2839 1968 2911 precor·
2002 2833 2033 2907 71

233 2988 237 2993 ,
284 2910 372 2981 tium
390 2909 619 2989 calamitatum
634 2913 793 3011 angustiis
807 2931 981 3008 paternam
997 2910 1097 2987 nobis
1148 2909 1213 2981 diis
1231 2907 1297 2984 suis
1323 2907 1425 2982 talia.
1449 2908 1622 3001 Qoniam
1649 2911 1881 2987 misericordia
1894 2915 1965 2990 Dei

284 3005 410 3102 exhibe
425 3008 589 3102 pietatem
606 3059 618 3082 .
1147 3011 1182 3080 δι
1196 3006 1308 3104 gratia
1321 3005 1355 3078 in
1366 3004 1484 3080 fando
1502 3005 1611 3089 illius;
1621 3010 1656 3079 δι
1671 3009 1841 3106 respectus
1850 3015 1887 3085 in
1900 3011 1974 3087 elea

335 3106 440 3179 Pater
467 3109 604 3182 noster.
636 3114 737 3184 nicae
763 3107 885 3183 nresb.
912 3105 1099 3184 Humiliate
1148 3103 1206 3180 ἂο
1222 3105 1345 3200 ipsius.
1369 3118 1420 3191 132.
1434 3109 1573 3177 Amen.
1677 3157 1682 3165 x

208 3221 229 3275 a
236 3221 255 3295 5
285 3225 351 3275 vos
378 3201 636 3279 benedidioni.
687 3207 895 3281 Benediiiio.
1096 3240 1099 3245 ·
1197 3205 1300 3274 Dicat
1316 3198 1436 3276 Preti.
1451 3201 1623 3278 Dominus
1638 3207 1679 3279 fit
1693 3206 1827 3305 semper
1849 3209 1972 3286 vobis·

390 3302 517 3375 Omine
529 3305 609 3380 Jesu
623 3304 758 3378 Christe
773 3303 831 3396 qni
847 3303 1017 3401 discipulis
1032 3303 1100 3380 tuis
1149 3301 1368 3396 cnm-Mt
1385 3322 1460 3375 cum
1473 3300 1614 3396 spiritu.
1712 3308 1918 3395 Psallesdo.
2000 3298 2033 3370 8⁴

404 3417 500 3472 tuum
519 3399 673 3494 spiritum
690 3401 832 3475 tribuilli
850 3432 859 3472 ε
877 3401 1023 3478 Ecclefie
1038 3425 1097 3479 tue
1207 3396 1335 3474 Alvum
1344 3423 1396 3473 me
1411 3398 1614 3473 sacDomine
1626 3427 1637 3470 :
1651 3404 1813 3495 qnoniam
1830 3403 1967 3503 ingres·

265 3493 475 3570 .Catholice
501 3497 764 3590 ipfius'muneris
780 3501 867 3574 dona
881 3498 1034 3597 largires
1048 3516 1097 3600 132.
1229 3496 1264 3570 se
1285 3497 1360 3573 sunt
1381 3521 1466 3591 aque
1482 3492 1585 3588 usque
1608 3500 1651 3573 ad
1678 3503 1821 3579 animam
1831 3525 1969 3578 meam·

288 3594 429 3664 Amen.
453 3596 498 3666 Ut
523 3595 716 3691 quicunque
731 3621 776 3670 ex
804 3622 889 3693 aqua
903 3601 938 3671 δι
967 3600 1099 3694 Spiritu
1144 3594 1194 3763 p.
1211 3596 1339 3670 infixus
1353 3595 1423 3670 sum
1448 3598 1482 3667 in
1496 3590 1580 3667 limo
1596 3601 1806 3693 profundi&
1832 3625 1903 3674 non
1920 3599 1970 3672 est

206 3702 257 3773 30
286 3688 412 3764 San'fio
436 3695 544 3767 renati
557 3691 635 3769 suut
649 3721 659 3763 a
672 3714 709 3766 te
726 3693 858 3788 semper
873 3695 1013 3770 induant
1025 3702 1097 3780 ejus
1165 3695 1347 3768 ubstantiae
1369 3693 1460 3767 veni
1474 3692 1507 3762 in
1534 3689 1749 3772 altitudinem
1763 3696 1882 3783 *maris
1900 3726 1910 3766 a
1929 3699 1966 3768 ὅτ

284 3785 508 3882 protectione
521 3791 642 3865 muniti
657 3840 666 3862 .
680 3806 728 3886 132.
743 3797 853 3866 Amen
872 3839 882 3861 .
909 3795 1094 3869 Redundet
1144 3793 1325 3887 tempestas
1341 3791 1498 3867 demersit
1513 3811 1566 3861 me
1582 3839 1593 3862 .
1608 3806 1651 3864 P.
1664 3794 1837 3876 Quoniam
1850 3793 1968 3893 iuges·
1996 3780 2033 3874 85

285 3885 398 3956 ineis
430 3884 576 3962 charitas
604 3891 725 3966 diffusa
754 3912 817 3986 per
829 3889 995 3987 Spiritum
1011 3895 1094 3965 San·
1148 3883 1638 3964 se.nicatPresb.Silentium
1649 3892 1777 3966 facite.

285 3978 375 4056 sium
396 3984 477 4076 equi
492 3986 627 4084 operiat
641 4013 680 4063 ac
693 3986 832 4089 superet
847 3987 1098 4065 multitudinem
1201 3990 1380 4086 Sequentia
1400 3980 1538 4090 Epiliole
1554 3987 1823 4090 Paulistpoliali
1847 3993 1891 4064 ad
1907 3994 1967 4064 Tr-

284 4091 751 4179 peccatorum·13arlmen.
1150 4087 1347 4163 matheum.
1382 4091 1387 4100 ”
1790 4098 1967 4188 Incapdt.

210 4186 254 4261 35
327 4183 430 4250 Dicat
443 4181 562 4254 Prerb.
577 4185 911 4264 Permisericordiam
927 4205 1020 4262 tuam
1033 4189 1101 4262 &ci
1255 4187 1458 4264 Harifftme.
1477 4194 1692 4269 Consortare
1707 4190 1741 4265 in
1766 4189 1962 4289 gratiaque

347 4275 400 4348 IN
427 4278 604 4352 SANCTI
622 4283 890 4356 ,caementis
920 4287 1039 4362 ΡΑΡΕ
1261 4285 1308 4355 cll
1322 4288 1355 4358 in
1369 4288 1621 4371 Chrillolesnz
1643 4314 1708 4384 que
1735 4289 1854 4364 andilli
1869 4311 1888 4359 a
1905 4310 1962 4360 me
1992 4289 2033 4360 9ι

514 4377 572 4449 ET
600 4381 867 4455 MARTYRIS.
1175 4403 1214 4450 er
1230 4377 1355 4458 multos
1382 4389 1482 4460 telles
1492 4410 1508 4459 .·
1531 4393 1606 4462 Hec
1621 4392 1824 4465 commenda
1849 4383 1963 4459 fideli·

460 4488 461 4491 ’
482 4477 545 4546 ..id
558 4477 693 4566 Mistam
710 4477 907 4568 .0fficium.
1149 4404 1213 4548 ins
1228 4480 1421 4554 hominibus
1446 4487 1505 4577 qui
1534 4485 1650 4560 idonei
1674 4486 1779 4558 sunt:
1806 4487 1842 4557 δι
1870 4481 1960 4559 alios

399 4567 424 4639 E
452 4573 634 4663 profundis
649 4574 792 4653 clamavi
819 4576 860 4650 ad
886 4593 921 4649 te
944 4577 1094 4654 Domine
1145 4575 1284 4648 docere.
1298 4579 1523 4657 laborassent
1537 4586 1646 4660 bonus
1659 4581 1961 4661 mileslesuChri·

205 4699 255 4773 40
424 4664 594 4755 alleluja.
634 4675 787 4749 Domine
816 4671 939 4749 exaudi
966 4699 1093 4752 vocem
1143 4671 1204 4742 ni.
1236 4674 1351 4750 Nemo
1379 4677 1528 4755 militans
1543 4683 1648 4754 Deo:
1679 4678 1833 4776 implicet
1851 4676 1961 4751 sene·

285 4782 407 4842 meam
423 4763 559 4853 alleluja
574 4768 732 4858 alleluja.
753 4769 799 4865 sl
815 4772 914 4847 Fiant
929 4794 1026 4846 aures
1041 4794 1099 4846 tue
1151 4769 1262 4864 goeiis
1276 4771 1491 4851 secularibus:
1505 4799 1543 4850 nt
1558 4779 1590 4849 ei
1606 4776 1740 4871 placeat
1754 4778 1807 4850 cui
1824 4774 1859 4845 se
1874 4802 1960 4873 pro-
1989 4774 2033 4847 95

282 4859 509 4937 intendentes
533 4870 703 4946 invocem
731 4870 984 4965 deprecationis
1000 4894 1098 4945 mee.
1150 4867 1272 4940 bavit.
1294 4874 1382 4945 Nam
1397 4880 1434 4949 &
1458 4877 1514 4969 qui
1531 4894 1665 4951 certant
1687 4877 1721 4949 in
1753 4897 1864 4972 agone
1887 4900 1961 4950 non

189 5000 192 5005 ,
283 4967 329 5026 P.
346 4959 497 5034 Domine
528 4969 675 5041 exaudi.
705 4967 751 5056 vl.
767 4967 888 5044 Gloria
917 4972 952 5044 &
982 4969 1096 5043 honor
1145 4988 1392 5043 coronantur:
1429 4974 1491 5046 niss
1530 4972 1684 5074 legitime
1714 4971 1960 5046 certaverint.

288 5054 386 5128 Patri
413 5057 448 5127 dt
472 5056 610 5133 Filio&
625 5065 765 5158 Spiritui
781 5066 907 5142 Sancto
922 5068 956 5138 in
986 5065 1095 5141 secula
1144 5063 1374 5140 laborantem
1402 5069 1612 5168 agricolam:
1639 5089 1785 5166 oportet
1807 5071 1960 5165 primum

204 5185 252 5261 45
282 5149 474 5226 seculorum
488 5179 611 5231 amen.
634 5173 678 5231 P.
694 5162 845 5236 Domine
860 5167 984 5238 exaudi
1002 5212 1013 5235 .
1142 5161 1187 5232 de
1204 5162 1367 5240 fructibus
1378 5170 1559 5265 accipere.
1591 5166 1752 5264 intellige
1772 5191 1839 5260 que
1856 5167 1958 5240 dicos

166 5280 172 5294 ‚
305 5252 405 5320 Dicat
417 5249 536 5322 nresb.
550 5257 617 5328 Per
630 5259 742 5352 omnia
755 5259 890 5352 semper
907 5255 1018 5334 secula
1041 5261 1093 5334 se-
1142 5259 1237 5334 dabit
1252 5263 1344 5335 enim
1363 5264 1423 5338 tibi
1440 5269 1608 5345 Dominus
1626 5265 1660 5337 in
1674 5263 1831 5340 omnibus
1845 5264 1959 5348 'intel-
1994 5266 2033 5326 10

132 5382 139 5407 ι
279 5344 647 5437 culorum.13tGloria
666 5354 1097 5432 inexcelfisDeo.tlrsrrrs.
1145 5353 1288 5433 lectum.
1316 5361 1458 5437 Memor
1475 5367 1548 5440 ello
1571 5363 1682 5449 lesum
1701 5361 1872 5439 Christum
1900 5388 1960 5437 re-

278 5445 322 5517 Et
339 5444 373 5518 in
389 5466 482 5521 terra
497 5472 587 5542 pare·
603 5467 733 5528 totum.
1038 5499 1040 5503 .
1145 5454 1350 5532 surrexissea
1363 5463 1507 5535 mortuis
1521 5486 1566 5534 ex
1592 5461 1719 5534 semine
1734 5461 1850 5534 David
1869 5488 1879 5529 ε
1905 5460 1960 5533 se·

328 5551 455 5615 lterum
471 5549 691 5623 sicarsresb.
719 5555 787 5626 Per
815 5552 929 5628 omnir
953 5551 1090 5650 semper
1141 5556 1288 5630 cundum
1301 5555 1524 5655 Evangelium
1540 5583 1652 5634 meum
1684 5559 1806 5651 inquo
1826 5558 1958 5635 laboro

206 5673 253 5742 50
281 5637 414 5714 secula.
608 5651 750 5722 oratio.
1140 5650 1245 5744 usque
1269 5655 1310 5726 ad
1324 5655 1459 5730 vincula
1474 5660 1565 5753 quast
1588 5655 1681 5731 latro
1699 5685 1708 5726 a
1737 5657 1795 5728 sed
1812 5656 1958 5733 verbum

165 5752 168 5759 ’
373 5739 473 5816 lotia
489 5745 603 5820 nostra
617 5748 710 5820 Deus
728 5747 861 5822 noller:
880 5751 936 5846 qui
955 5749 1085 5822 incelis
1138 5749 1205 5821 Dei
1221 5753 1347 5824 nonest
1361 5751 1560 5851 alligatum·
1589 5755 1675 5827 ideo
1688 5753 1958 5830 omniasustineo
1996 5767 2033 5823 10

266 5937 270 5945 Ι
395 5838 435 5912 ab
452 5840 598 5938 Angelis
611 5845 874 5920 demonstratis:
904 5848 986 5926 &in
1006 5873 1088 5942 per·
1138 5867 1284 5941 propter
1301 5846 1452 5927 eleslosa
1483 5875 1520 5926 ut
1537 5855 1571 5924 &
1590 5853 1651 5948 ipss
1677 5850 1815 5926 salutem
1835 5853 1961 5928 conse·

279 5953 420 6045 petuam
435 5941 644 6018 decantarisa
670 5944 726 6017 hic
752 5942 900 6020 fideliter
923 5945 1086 6020 acsolen-
1139 5965 1307 6040 quantur.
1333 5949 1611 6033 lnChrillolesu
1633 5947 1791 6026 Domino
1815 5952 1959 6029 nostro.

279 6048 370 6108 mter
390 6035 599 6132 predicaris:
625 6043 734 6138 prelia
763 6041 864 6124 nobis
888 6041 1086 6143 amplissima
1185 6053 1387 6148 ¹lla-rinna.

1857 6148 1963 6222 Dices
