4450 7209
648 704 707 783 tn
728 704 810 784 DIE
835 703 1148 791 ascensionis
1174 712 1384 789 nontnn.
1441 719 1458 741 ''
1771 728 1846 815 151

120 824 130 835 ”
191 804 295 881 eum}
319 806 361 880 Et
375 802 612 906 interrogavit
626 830 689 883 eos
701 810 795 907 quod
820 806 914 886 inter
925 838 998 890 voa
1044 834 1118 886 nrm
1131 813 1292 889 excubias
1320 841 1330 883 ε
1356 810 1414 885 sed
1430 836 1506 891 cum
1521 812 1666 917 Angelis
1680 817 1740 913 qui
1756 824 1847 895 redi·
1881 844 1926 916 55

189 902 426 999 conquiritis?
452 910 493 981 Et
511 904 723 1003 respondens
739 932 824 984 anor
851 911 894 985 de
917 926 994 989 tur·
1044 910 1165 987 tivum
1178 913 1345 987 nunciant
1356 909 1575 991 salvatorem
1588 920 1702 995 nostra
1721 920 1849 1015 gandia

188 1000 229 1075 ba
245 1002 333 1075 dixit
350 1048 361 1074 .
390 1006 555 1103 Magister
575 1002 676 1082 attuli
692 1007 803 1083 silium
818 1034 933 1086 meum
949 1014 993 1087 ad
1044 1009 1240 1087 misceamus
1256 1060 1268 1085 .
1293 1014 1430 1089 Etenim
1456 1012 1619 1110 deinceps
1646 1037 1759 1093 curam
1780 1018 1847 1091 sibi

187 1116 223 1171 te
249 1101 430 1177 habentem
459 1103 615 1199 spiritum
643 1108 855 1186 immundum
883 1157 895 1183 .
920 1112 992 1205 Qi
1043 1109 1174 1184 funeris
1188 1110 1328 1187 excuset
1356 1113 1505 1209 impendi
1530 1138 1542 1181 t
1565 1112 1625 1206 qui
1650 1115 1788 1187 redient
1804 1118 1848 1191 ad

140 1218 161 1291 5
186 1197 377 1294 ubicunque
391 1228 471 1276 enm
497 1204 767 1300 apprehenderit
793 1207 994 1290 alliditeom
1045 1208 1187 1289 Patrem
1202 1213 1484 1287 vamtatemortia
1509 1209 1668 1287 excubiae
1685 1207 1848 1309 vultpri-
1892 1262 1903 1276 -

183 1296 221 1366 81
236 1295 413 1392 spumat&
445 1304 564 1377 stridet
578 1304 741 1380 dentibus
766 1314 805 1385 ἃ
838 1309 994 1384 arescit.
1041 1308 1117 1381 vari
1145 1356 1156 1381 .
1185 1312 1296 1383 Simus
1313 1311 1447 1384 sanede
1465 1310 1535 1406 spei
1562 1310 1847 1387 noliteconsum·
1876 1314 1925 1381 60

182 1392 225 1466 Et
242 1396 314 1469 diri
330 1397 502 1496 discipulis
515 1401 608 1475 tuias
634 1424 674 1480 ut
688 1407 856 1492 ejicerent
871 1406 963 1486 illum
979 1434 991 1479 e
1041 1406 1197 1482 matione
1211 1410 1316 1483 securi
1330 1409 1502 1503 :namqui
1518 1410 1555 1481 in
1570 1406 1674 1480 altum
1691 1428 1846 1482 remeans

182 1492 307 1567 &non
333 1514 527 1593 potuerunt
561 1549 572 1571 .
603 1504 674 1594 opi
699 1506 914 1601 respondens
940 1509 992 1584 eia
1039 1506 1284 1600 captivitatem
1298 1506 1533 1583 duxittdabit
1545 1507 1639 1581 dona
1652 1503 1849 1585 hominibus

181 1589 297 1664 dicent
315 1639 326 1661 ·
350 1598 387 1669 O
402 1600 588 1693 generatio
602 1600 774 1679 incredula
802 1636 812 1679 ι
841 1608 992 1703 quandiu
1040 1624 1107 1697 qne
1123 1607 1302 1703 promisit.
1319 1620 1368 1705 15ιρ
1384 1614 1516 1681 Amen.

114 1712 158 1766 ιο
181 1691 269 1785 apud
282 1712 347 1763 ror
362 1718 453 1770 ero:
479 1699 627 1791 quandin
649 1726 717 1777 vor
746 1705 861 1799 patiar
890 1753 902 1780 .
925 1710 989 1783 Af·
1322 1707 1412 1780 Alia
1429 1708 1567 1779 orario.

181 1786 272 1860 ferte
290 1784 383 1865 illum
397 1796 439 1867 ad
456 1818 541 1867 me.
564 1798 607 1869 Et
621 1797 884 1880 tuleruntillnm
911 1853 923 1877 .
946 1808 990 1881 lit
1135 1802 1245 1877 Hrille
1260 1808 1355 1881 Deus
1378 1804 1436 1902 qui
1463 1802 1680 1879 ascendendo
1703 1798 1846 1879 incelot
1873 1804 1920 1897 65

180 1906 255 1957 cum
270 1885 406 1964 vidisset
421 1916 498 2006 ‘uem
515 1894 626 1971 statim
643 1894 783 1993 spirituc
798 1908 988 1980 conturba·
1151 1905 1355 1997 presentiam
1373 1899 1592 1998 corporalem
1619 1898 1686 1975 tuis
1712 1898 1847 1977 subtra-

181 1983 235 2056 nit
249 2006 327 2057 eum
342 2014 353 2057 t
368 1994 402 2064 ἃ
420 1987 520 2064 elisua
536 1993 570 2064 in
596 2014 725 2073 tetram
740 2000 990 2101 voluptabatur
1038 2000 1113 2072 xisti
1129 2002 1328 2100 discipulina
1341 2004 1507 2100 permitte
1521 2024 1585 2075 nos
1601 2016 1640 2071 ut
1657 2014 1693 2107 te
1721 1996 1844 2093 spiritu

179 2080 337 2174 spumans
367 2135 379 2158 .
405 2090 447 2161 Et
473 2090 707 2191 interrogavit
737 2119 874 2194 patrem
911 2108 988 2187 eiua
1037 2095 1220 2196 diligamur
1233 2126 1334 2197 quem
1360 2103 1397 2175 in
1422 2118 1629 2175 ermenone
1650 2094 1846 2171 vaderenee

112 2199 153 2272 15
179 2200 344 2270 quantum
359 2188 526 2282 temporis
542 2192 591 2264 ell
603 2214 649 2264 er
661 2216 731 2288 quo
753 2200 787 2271 ei
815 2199 986 2276 hocacci·
1036 2197 1169 2292 quimus
1197 2226 1208 2269 t
1241 2206 1277 2275 δι
1301 2220 1414 2277 tamen
1439 2203 1480 2274 ad
1504 2196 1666 2285 iudicium
1692 2192 1845 2270 fideliter
1911 2236 1925 2289 ἲ

108 2328 112 2339 .
180 2281 257 2352 dit.
285 2283 334 2356 At
348 2280 407 2356 ille
420 2285 567 2361 ait-Ab
579 2290 809 2369 infantia-Et
824 2300 988 2392 frequen·
1038 2294 1388 2388 expectamus.crea
1413 2299 1448 2371 in
1476 2294 1653 2369 nobiacor
1669 2295 1842 2367 novant&
1870 2314 1921 2391 το.

177 2395 233 2453 ter
249 2402 328 2452 eum
353 2384 390 2453 dt
417 2382 452 2454 in
477 2384 596 2484 ignem
613 2390 650 2460 dl
677 2389 713 2460 in
740 2416 860 2487 aquam
874 2396 985 2472 mifita
1034 2392 1193 2487 spiritum
1209 2394 1339 2472 resium
1359 2444 1373 2467 ·
1402 2399 1450 2467 Ut
1472 2394 1528 2491 qni
1543 2397 1612 2479 iant
1626 2386 1843 2463 Ascenfionit

176 2494 215 2550 at
227 2500 309 2550 eum
324 2481 486 2573 perderet
505 2530 517 2554 .
541 2486 723 2579 Sedsrquid
740 2510 844 2584 poter
859 2499 987 2578 adiuva
1037 2508 1096 2563 tue
1108 2491 1361 2569 celebravimus
1374 2496 1491 2568 sellum
1522 2518 1531 2561 =
1562 2484 1757 2585 promissam
1771 2516 1791 2562 a
1807 2506 1844 2569 te

175 2597 240 2646 nos
253 2575 411 2650 misertus
428 2578 532 2653 nostri
556 2582 680 2661 ·lesua
705 2607 822 2662 autem
840 2593 889 2667 ait
906 2591 984 2665 illi.
1033 2610 1225 2665 mereamur
1256 2592 1423 2691 suscipere
1453 2590 1624 2689 Spiritum
1647 2587 1808 2665 sanctum
1831 2626 1846 2663 ο

104 2687 149 2741 20
174 2670 208 2745 si
223 2690 330 2767 poter
344 2679 486 2750 credere
498 2681 614 2755 omnia
632 2684 802 2779 pofflbilia
817 2689 895 2764 sunt
910 2712 985 2764 cre·
1034 2690 1239 2779 &Annen-
1890 2733 1927 2779 ··.

174 2770 276 2843 denti
298 2817 309 2840 .
333 2774 377 2846 Et
393 2776 561 2851 continuo
578 2778 884 2885 exclamanspater
900 2812 987 2885 pue·
1226 2788 1304 2873 Posi
1330 2794 1462 2866 nomina
1475 2836 1487 2859 .
1501 2785 1645 2859 oratio.
1743 2842 1746 2851 n
1867 2797 1916 2883 75

173 2868 298 2943 ticum
312 2868 487 2947 lachrimis
500 2878 612 2965 aiebat
630 2923 642 2946 ·
666 2882 786 2957 Credo
803 2886 955 2961 Domine
970 2916 982 2959 e
1130 2890 1302 2963 scendiffe
1318 2910 1355 2966 te
1380 2888 1416 2963 in
1439 2886 1535 2961 celos
1553 2887 1595 2958 ad
1613 2885 1752 2959 Patrem
1770 2880 1841 2955 Dei

171 2968 304 3053 adjuva
318 2970 597 3050 incredulitatem
612 3000 721 3054 meam
742 3033 754 3056 .
779 2982 823 3059 Et
836 3010 913 3062 etna
928 2987 983 3061 vi·
1149 2985 1436 3065 Filiumcreatura
1450 3006 1507 3061 tua
1522 2982 1674 3055 letatur.
1699 2982 1742 3068 Et
1757 2980 1841 3054 ide0

174 3066 279 3138 deret
289 3066 385 3143 scsnr
397 3093 664 3148 concurrentem
682 3082 818 3154 turbam
831 3084 982 3159 commi·
1037 3079 1363 3175 suppliciter-cordis
1377 3084 1593 3161 contritione
1607 3078 1841 3172 exposcimurr

99 3180 146 3258 25
175 3165 338 3236 natusest
350 3164 485 3260 spiritui
501 3172 675 3247 immundo
690 3178 806 3252 dicens
820 3178 868 3254 illi
884 3184 988 3255 ‚sur-
1035 3201 1077 3252 ut
1093 3182 1128 3253 &
1143 3185 1176 3256 in
1193 3186 1294 3261 nobis
1308 3184 1597 3285 pollicitationem
1621 3176 1672 3249 tui
1701 3176 1841 3273 spititu³
1915 3222 1923 3263 τ

173 3260 594 3363 dedeimmundespiritus
606 3278 748 3371 egotibi
763 3280 918 3379 precipio
931 3282 987 3355 exi
1037 3276 1252 3375 impleant&
1269 3282 1439 3361 defunctis
1462 3287 1592 3357 donum
1604 3296 1725 3351 eterne
1742 3274 1840 3371 quie·
1869 3270 1919 3349 80

175 3358 218 3432 ab
234 3381 305 3429 eor
331 3363 367 3433 dc
397 3386 442 3435 ne
473 3366 623 3462 amplius
657 3370 812 3451 introeat
829 3380 862 3450 in
879 3404 958 3453 eum
976 3429 988 3452 .
1036 3378 1080 3451 tir
1094 3379 1273 3479 impertias
1288 3435 1297 3455 .
1313 3401 1362 3478 132.
1377 3386 1512 3457 Amen.

171 3458 216 3530 Et
244 3452 391 3531 clamans
406 3463 442 3535 &
458 3464 601 3537 multum
634 3467 830 3568 discerpens
859 3508 869 3548 r
895 3480 983 3553 exiit
1038 3517 1044 3529 ·
1254 3488 1438 3581 Adpncem
1453 3531 1463 3552 .
1477 3479 1622 3554 oratius

173 3555 273 3627 abeo
287 3558 323 3629 &
336 3556 448 3632 saduc
459 3564 600 3637 eststcut
616 3576 837 3649 mortuusa'ta
851 3577 983 3652 utmul-
1144 3584 1206 3651 sus
1221 3585 1277 3674 qui
1295 3582 1468 3656 ascendisti
1481 3580 1512 3651 in
1523 3574 1625 3651 altum
1640 3600 1650 3644 a
1665 3569 1839 3683 captivant

97 3668 144 3745 30
171 3652 199 3725 ti
212 3650 390 3727 dicerentz
402 3660 479 3751 quia
495 3678 651 3737 mortuos
664 3668 735 3740 eli.
760 3670 853 3753 lesus
869 3698 983 3753 autem
1156 3684 1281 3753 ducena
1300 3682 1559 3776 captivitatemr
1575 3676 1719 3748 dadona
1731 3672 1841 3743 homt·
1906 3718 1920 3729 -

173 3771 296 3826 tenena
308 3777 441 3830 manum
468 3766 542 3844 ejus
568 3758 782 3841 elevavit&
810 3772 984 3848 surrexit.
1033 3774 1132 3845 nibus
1150 3779 1239 3872 pacis
1253 3799 1374 3853 eterne
1390 3824 1404 3849 .
1425 3782 1471 3851 Ut
1488 3775 1545 3870 qui
1560 3794 1597 3848 te
1609 3765 1840 3879 hnmanisob·
1867 3764 1913 3859 85

169 3849 216 3922 Et
234 3872 314 3923 cum
328 3850 500 3929 introisset
514 3859 548 3929 in
562 3857 699 3937 domm
714 3893 725 3935 e
738 3867 893 3965 discipuli
909 3878 983 3957 eius
1033 3874 1167 3947 tutibus
1196 3878 1238 3947 ad
1268 3875 1364 3950 celon
1389 3874 1574 3950 ascendens
1602 3863 1839 3965 corporaliter

170 3947 310 4025 secreto
336 3949 597 4064 interrogabant
625 3984 703 4036 eum
731 4013 743 4036 .
767 3970 888 4058 Qate
917 3995 983 4045 noa
1034 3969 1272 4045 linbtraxisli=in
1288 3966 1839 4065 nolitiscordiburdignerirpro·

172 4070 240 4117 non
252 4067 435 4143 potuimus
449 4054 577 4137 ejicere
591 4078 669 4130 cnm
687 4066 703 4131 l
731 4066 773 4138 Et
784 4068 875 4141 dixit
891 4068 955 4143 illis
969 4118 983 4141 .
1031 4065 1176 4163 piciatua
1192 4072 1325 4145 infundi
1340 4120 1350 4143 .
1365 4086 1412 4161 132.
1430 4077 1568 4145 Amen.

97 4155 140 4233 35
173 4146 253 4218 Hoc
269 4169 374 4244 genus
389 4149 422 4219 in
439 4149 532 4225 nullo
557 4160 672 4249 potesi
695 4162 793 4237 exire
819 4194 831 4236 r
855 4166 916 4240 nisi
946 4168 981 4239 in
1351 4172 1475 4245 inlatio
1506 4217 1519 4239 ·
1903 4200 1919 4219 ⁸

111 4281 116 4291 ·
174 4245 372 4319 orationem
383 4248 419 4317 &
429 4252 565 4335 ieiunio
578 4277 589 4322 ε
604 4266 652 4345 Bt.
668 4262 780 4333 Arnen
798 4310 810 4333 .
1136 4266 1256 4359 lgnum
1272 4270 1307 4341 dr
1318 4270 1439 4346 lullum
1453 4269 1499 4342 esi
1516 4296 1526 4339 a
1552 4284 1613 4337 noa
1629 4261 1691 4336 tibi
1703 4260 1836 4355 semper
1861 4275 1921 4345 90.

219 4342 456 4418 nicarnress.
467 4350 638 4425 Dominus
650 4356 693 4430 sit
709 4358 842 4459 semper
857 4364 978 4441 vobis·
1152 4366 1282 4461 gratiae
1295 4392 1396 4464 agere
1411 4368 1562 4441 Domine
1589 4362 1705 4435 sande
1726 4362 1837 4470 Pater

171 4458 248 4512 tum
262 4489 273 4511 ·
288 4451 337 4537 132·
350 4444 503 4518 Etcum.
1029 4482 1149 4534 eterne
1164 4464 1389 4558 omnipotens
1402 4464 1496 4536 Dens
1514 4486 1575 4559 per
1597 4460 1711 4536 lesum
1727 4457 1834 4528 01111·

221 4542 336 4609 Lauda
366 4587 378 4610 .
407 4540 558 4626 Alleluia
585 4592 598 4614 .
627 4540 675 4637 ys.
691 4552 785 4625 Misit
797 4575 843 4623 er
856 4556 931 4633 asto
941 4567 978 4635 dt
1029 4560 1112 4630 llum
1126 4558 1248 4629 Filium
1262 4578 1357 4651 tuum
1372 4563 1557 4632 Dominum
1569 4558 1717 4628 nollrum
1732 4598 1743 4621 ·
1759 4552 1836 4641 Q't

92 4645 140 4723 40
170 4635 302 4730 accepit
318 4658 395 4706 met
411 4634 576 4735 assumpsit
591 4666 644 4714 me
658 4648 756 4722 Dens
771 4652 878 4725 Pater
897 4684 913 4727 r
941 4664 979 4732 δι
1029 4654 1127 4728 nohis
1141 4653 1222 4730 ideo
1236 4655 1441 4748 presentiam
1472 4654 1637 4727 subtranit
1663 4649 1832 4723 nativita·

166 4729 368 4808 conlocavit
391 4737 434 4811 ad
461 4738 643 4817 dexteram
668 4745 767 4821 suam
793 4752 981 4831 nale.
1029 4753 1072 4825 tia
1086 4765 1257 4847 corporee
1284 4782 1295 4821 a
1325 4772 1364 4829 ut
1377 4774 1454 4825 earn
1470 4750 1666 4849 spiritaliter
1680 4746 1834 4823 disceret
1856 4768 1907 4845 95

170 4825 264 4915 lusa·
1025 4848 1839 4949 mutamnre.Qriquediscipulisintrasuarum,

454 4934 698 5022 sacristiam
1026 4948 1195 5023 mentium
1210 4944 1347 5022 clattslra
1370 4948 1487 5024 tandiu
1513 4948 1683 5046 presidere
1707 4966 1830 5040 prece·

259 5024 372 5103 Ollite
398 5030 524 5108 hosiias
550 5060 561 5103 =
586 5038 797 5118 &introite
824 5038 861 5116 in
888 5048 976 5125 atria
1026 5049 1078 5145 pit
1093 5044 1296 5139 ='qnonsque
1311 5048 1584 5143 supervenientia
1606 5048 1830 5119 enarrentur

87 5130 134 5209 45
274 5128 433 5204 Dominit
449 5131 599 5220 alleluiae
614 5134 843 5238 allelujaqs.
857 5150 975 5223 Affer.
1025 5146 1197 5240 presentta
1211 5144 1358 5239 Spiritus
1371 5143 1485 5224 saneti
1502 5156 1524 5217 ’.
1548 5146 1617 5218 Cui
1631 5166 1708 5215 cant
1722 5144 1830 5215 Patre
1869 5178 1919 5233 ·‚

130 5280 139 5304 t
166 5238 202 5295 te
215 5224 371 5305 Domino
384 5228 533 5328 gloriam
555 5236 593 5306 81
617 5235 822 5318 honoremt
845 5244 971 5320 afferte
1021 5240 1160 5318 &Filio
1177 5244 1828 5345 uniDeoiugiterinsempiternumre·
1860 5276 1932 5344 101

164 5320 326 5401 Domino
337 5325 486 5425 glorium
496 5332 631 5411 nomini
647 5338 723 5424 eius
747 5388 762 5412 .
785 5352 832 5423 2³.
857 5343 902 5417 Et
919 5342 975 5435 iq.
1023 5339 1148 5440 guanti
1160 5363 1280 5417 omnes
1295 5343 1424 5442 Angeli
1438 5344 1643 5418 famulantes
1656 5364 1723 5412 una
1735 5354 1828 5413 voce

166 5420 303 5496 truite.
1022 5439 1240 5537 proclamant
1253 5437 1831 5540 undantemundantem

508 5530 629 5627 Missis.
1025 5538 1296 5617 temsrnens.
1453 5570 1457 5577 ·
1599 5564 1603 5571 '

86 5624 135 5699 50
161 5616 421 5801 Mylierio
433 5628 712 5713 Resurreciionls
723 5634 876 5731 impleto
898 5658 914 5714 t
937 5642 977 5714 81
1297 5638 1378 5727 Post
1399 5640 1563 5715 sonus.

206 5812 212 5825 ·
300 5728 508 5821 corporibus
540 5729 666 5811 fratrea
689 5734 972 5813 charisimicun·
1026 5734 1355 5923 Vliresanssur
1374 5743 1412 5814 dr
1432 5734 1932 5853 annectendum-105.

166 5813 212 5885 en
227 5817 649 5908 exultemusssrcordlbus
670 5884 684 5906 .
711 5834 790 5907 Nec
804 5841 873 5923 iant
894 5864 975 5916 cum
1144 5843 1253 5917 minua
1267 5840 1398 5913 -nosier
1414 5837 1512 5917 sesua
1537 5838 1693 5913 carinus
1720 5832 1828 5913 Filiae

163 5910 339 6011 sepulchri
353 5922 547 6000 custodibus
570 5930 659 6013 sacri
673 5933 834 6037 corporis
844 5936 978 6040 asgfleaa
1022 5934 1830 6110 mamniAngelorumeuesiuauluiatasetdn·

891 6034 916 6045 ’”
1797 6048 1828 6105 tt
