4450 7209
353 719 610 814 quantu
648 719 1051 801 HEBDOMADE
1088 724 1620 810 QUADRAGESIME.¹
1748 753 1820 827 135

156 821 213 896 De
230 816 342 894 verbo
367 820 466 917 quod
490 816 739 897 locutisuimus
755 824 959 920 ego&tur
1008 824 1057 899 ait
1081 873 1094 898 .
1120 826 1210 899 Ecce
1242 823 1289 902 ibi
1316 830 1364 902 est
1394 828 1519 926 sagitta
1546 878 1558 902 .
1583 831 1697 906 Porro
1728 829 1836 908 ultra'
1861 855 1903 932 55

157 919 200 990 sit
217 917 387 994 Dominus
412 919 571 1000 interme
599 922 635 996 dt
652 920 807 1017 reusque
823 919 959 998 insrm-
1008 943 1045 998 te
1074 967 1086 999 ο
1116 924 1357 1020 clamavitque
1387 927 1512 1002 iterum
1540 929 1701 1008 lonathas
1747 931 1822 1026 pou

159 1017 337 1112 piternum
357 1065 369 1087 .
393 1016 628 1092 Absconditut
656 1018 704 1090 est
731 1044 824 1121 ergo
848 1022 966 1098 David
1017 1042 1152 1124 tergum
1185 1023 1283 1120 pueri
1304 1025 1420 1102 dicens
1443 1074 1457 1101 .
1481 1029 1610 1104 Festina
1636 1025 1823 1103 velociten

158 1117 194 1188 in
220 1140 332 1212 agro:
357 1117 394 1200 ,δι
423 1115 792 1208 venerunt-Kelendee
816 1123 853 1195 dt
880 1120 966 1199 sedit
1015 1147 1059 1196 ne
1089 1123 1221 1200 steterit
1247 1171 1259 1198 .
1287 1123 1446 1228 Collegit
1472 1146 1588 1202 autem
1615 1149 1703 1222 puer
1719 1129 1826 1205 Jona-

115 1215 238 1316 5-Rer
264 1218 307 1295 ad
331 1218 589 1294 comedendum
616 1243 738 1316 panem
769 1223 969 1319 ·Cumque
1009 1224 1078 1297 the
1118 1222 1261 1322 sagittas
1291 1251 1300 1291 ε
1341 1229 1378 1300 dr
1417 1221 1534 1310 attulit
1561 1227 1606 1300 ad
1635 1223 1827 1300 Dominum

159 1311 295 1390 retinet
312 1315 390 1389 Rex
420 1314 524 1412 super
546 1319 743 1396 cathedram
766 1321 885 1396 suarna
914 1323 968 1395 se·
1017 1322 1114 1396 suum
1140 1370 1151 1393 .
1173 1324 1217 1397 Et
1241 1320 1324 1417 quid
1356 1341 1519 1422 ageretur
1555 1320 1693 1420 penitua
1725 1322 1827 1420 igno·
1860 1327 1911 1401 60

158 1413 307 1486 cundum
324 1414 606 1492 consuetudinem
628 1427 897 1515 queeratjuxta
911 1447 972 1521 pa·
1019 1422 1121 1496 rabat
1162 1469 1173 1492 .
1214 1423 1474 1498 Tantummodo
1502 1422 1593 1498 enim
1618 1421 1780 1507 jonathas
1816 1447 1829 1492 e

159 1510 283 1585 rietem
308 1537 319 1580 e
345 1513 496 1589 surrexit
519 1519 684 1594 lonathas
713 1521 749 1594 &
775 1519 864 1595 sedit
891 1547 901 1593 a
933 1525 970 1599 dt
1021 1524 1057 1595 m
1079 1520 1196 1596 David
1221 1543 1295 1596 rem
1316 1520 1635 1598 noverant.Dedit
1658 1543 1746 1617 ergo
1767 1524 1829 1598 Jo-

159 1610 284 1723 Aianer
314 1610 493 1690 exlatere
521 1615 627 1692 Saul:
656 1617 849 1713 vacuusque
866 1645 973 1718 appa·
1021 1620 1142 1698 nathae
1178 1643 1270 1697 arma
1306 1620 1363 1697 sua
1390 1644 1501 1719 puero
1525 1646 1536 1691 a
1559 1621 1595 1694 dr
1634 1617 1725 1694 dixit
1752 1617 1787 1690 ei
1821 1663 1832 1688 .

95 1737 142 1794 ιο
163 1727 233 1782 rurt
259 1708 356 1785 loeus
381 1713 535 1789 David.
576 1716 622 1790 Et
653 1741 724 1790 non
758 1719 807 1792 eti
834 1717 972 1798 locutus
1021 1719 1121 1793 Vade
1149 1771 1162 1807 ,
1197 1719 1235 1792 dt
1254 1721 1353 1796 defer
1376 1720 1408 1792 in
1432 1719 1612 1795 civitatem
1636 1765 1649 1790 .
1669 1718 1828 1812 Cumque

161 1806 339 1904 quicquam
368 1809 449 1885 saul
486 1811 522 1903 in
559 1810 617 1889 illa
640 1815 737 1889 die.
778 1817 974 1916 Cogitabat
1022 1817 1155 1896 abnuet
1181 1841 1269 1914 puer
1296 1816 1445 1896 surrexit
1473 1818 1587 1892 David
1625 1817 1670 1890 de
1708 1811 1793 1890 loco
1823 1838 1833 1883 r
1867 1819 1915 1912 65

159 1906 253 1985 enim
282 1909 374 2004 quod
410 1907 507 1984 forte
537 1915 704 1989 evenisset
730 1913 801 1987 eir
840 1919 876 1990 dt
901 1945 975 1996 non
1024 1917 1083 2014 qui
1127 1917 1298 2018 vergebat
1338 1919 1382 1992 ad
1408 1917 1557 1994 austrum
1586 1963 1598 1984 .
1628 1917 1671 1989 Et
1708 1917 1833 1990 eadent

160 2007 432 2081 essetmunduae
457 2031 522 2082 nec
550 2012 780 2110 purificatus.
808 2019 971 2114 Cumque
1025 2038 1156 2113 pronus
1184 2019 1220 2090 in
1249 2021 1383 2093 terrim
1408 2044 1419 2087 e
1441 2013 1603 2090 adoravit
1630 2009 1737 2088 tertio
1759 2059 1771 2083 ·
1793 2012 1837 2086 lit

159 2100 333 2181 inluxisset
369 2106 443 2181 diet
479 2107 628 2188 secunda
662 2114 739 2212 post
762 2113 976 2192 Kalendast
1024 2112 1204 2190 osculatur·
1227 2112 1435 2190 alterutrum
1456 2141 1467 2182 ε
1489 2113 1662 2186 fleverunt
1692 2111 1837 2200 paritera

93 2231 138 2302 ες
160 2203 292 2316 rursum
322 2229 453 2281 vaenue
487 2212 647 2310 appamit
682 2210 792 2290 loeus¹
816 2214 972 2296 David.
1024 2211 1144 2290 David
1175 2232 1290 2292 autem
1316 2211 1458 2313 amplius
1489 2260 1502 2284 .
1532 2207 1634 2284 Dixit
1662 2231 1753 2306 ergo
1775 2213 1841 2287 Jo-

159 2300 265 2378 Drxit
304 2323 421 2383 autem
451 2302 531 2381 Saul
571 2311 615 2387 ad
643 2311 827 2397 jonatham
866 2314 977 2394 filium
1025 2310 1147 2390 nathae
1172 2313 1216 2387 ad
1240 2311 1360 2388 David
1389 2310 1521 2385 ‚Vade
1547 2306 1583 2380 in
1609 2327 1727 2406 pacet
1757 2329 1840 2402 que·
1872 2332 1926 2410 7⁰

157 2400 295 2476 suum.
337 2406 414 2479 Cur
452 2428 523 2478 non
550 2411 649 2487 uenit
686 2408 777 2485 filius
803 2414 883 2509 isay
913 2437 979 2490 nee
1025 2428 1172 2506 eumque
1191 2410 1381 2498 juravimus
1409 2409 1511 2486 ambo
1538 2407 1573 2481 in
1602 2405 1740 2482 nomine
1761 2406 1842 2482 Do-

156 2499 234 2573 heri
263 2526 328 2574 nec
352 2502 460 2577 nodie
487 2505 530 2581 ad
556 2508 767 2586 vescendum
796 2519 812 2585 ἓ
839 2515 884 2586 Et
919 2539 978 2589 re·
1027 2511 1112 2588 mini
1138 2512 1326 2586 edicentes
1355 2557 1366 2583 .
1392 2509 1566 2585 Dominus
1594 2506 1637 2579 sit
1665 2505 1758 2579 inter
1786 2525 1844 2578 me

156 2596 298 2694 spondit
310 2603 479 2680 Jonathas
491 2608 612 2683 Sauli.
642 2607 801 2707 Rogavit
823 2633 880 2689 me
903 2613 972 2688 ou
1020 2614 1056 2687 dt
1085 2629 1163 2683 te:
1209 2610 1363 2684 &inter
1393 2608 1508 2683 semen
1535 2627 1691 2693 meum,
1729 2603 1765 2674 81
1794 2602 1847 2674 se·

87 2725 138 2782 eo
156 2698 239 2810 1153st
265 2716 305 2774 ut
329 2701 405 2774 iret·
427 2700 463 2772 in
488 2705 701 2783 Bethleeme
729 2707 772 2781 lit
786 2710 835 2783 ait
863 2755 875 2781 .
903 2711 971 2786 Di·
1022 2733 1105 2786 men
1131 2721 1232 2784 tuum
1271 2706 1436 2801 usquein
1478 2704 1729 2801 sempiternum
1761 2749 1771 2771 .
1802 2701 1846 2774 Et
1896 2743 1905 2754 ψ

155 2814 260 2908 mitte
291 2819 372 2870 mee
401 2804 563 2893 quoniam
589 2804 791 2883 sacrificium
822 2804 966 2883 solenne
1022 2807 1174 2883 surrexit
1205 2806 1324 2882 David
1355 2833 1366 2876 a
1395 2803 1543 2881 &abiit
1572 2796 1673 2878 ·Sed
1716 2803 1752 2874 dt
1781 2803 1845 2877 Jo-
1879 2827 1927 2908 75

155 2917 191 2966 tn
214 2894 362 2971 civitate
399 2921 487 2972 unus
528 2905 572 2976 de
603 2903 770 2978 fratribus
796 2904 881 2980 meis
912 2932 969 2984 ae·
1023 2907 1145 2981 nathan
1168 2905 1335 3004 ingressus
1361 2901 1844 2994 esteivitatem013t.Amen.

152 2993 293 3104 cersuit
317 2991 432 3072 mihi.
456 2999 561 3077 Nune
582 3023 672 3098 ergo
699 3001 726 3074 sr
751 3001 872 3080 inveni
888 3031 969 3105 gra·
1025 3002 1197 3080 Dominus
1222 3004 1266 3078 fit
1296 3003 1430 3096 semper
1453 2995 1634 3075 vobiscum
1663 3046 1675 3068 ·
1707 3011 1757 3085 Bt·
1777 2997 1850 3072 Et·

156 3107 242 3163 tram
266 3092 303 3163 in
331 3089 443 3169 oculis
470 3100 567 3174 tuine
595 3100 719 3176 vadam
744 3102 818 3175 cito
845 3105 882 3176 dt
911 3102 968 3176 vi·
1355 3097 1519 3170 Trebius·

85 3219 135 3293 25
156 3189 250 3263 debo
289 3189 414 3267 fratres
445 3218 539 3271 meon
569 3242 581 3264 ·
625 3195 684 3267 Ob
721 3196 811 3272 itanc
838 3199 972 3276 causam
1135 3197 1209 3272 Une
1231 3219 1314 3271 ecce
1348 3195 1517 3291 oppressit
1538 3213 1593 3266 me
1616 3191 1723 3270 dolor
1744 3215 1851 3271 meus:

155 3312 227 3362 non
253 3290 352 3364 venit
380 3293 423 3368 ad
439 3295 589 3368 mensam
607 3292 747 3390 Regis.
778 3299 889 3371 Iratus
915 3323 975 3372 au·
1146 3299 1182 3370 &
1215 3297 1257 3370 ad
1285 3293 1440 3370 nihilum
1477 3289 1609 3366 redadii
1642 3293 1722 3370 sunt
1752 3310 1844 3366 rrtua
1883 3298 1935 3374 80

158 3406 230 3463 tem
259 3385 339 3466 Saul
372 3390 535 3468 adversus
559 3391 733 3476 lonathan
756 3418 766 3460 a
792 3393 884 3469 dixit
909 3395 972 3468 ei.
1022 3397 1092 3468 mei
1126 3420 1136 3464 ι
1176 3395 1303 3468 fratres
1351 3391 1417 3468 mei
1456 3391 1688 3470 testimonium
1723 3389 1848 3464 dieunt

155 3483 221 3559 Fili
236 3483 389 3564 mulieris
410 3487 507 3566 ultro
533 3490 646 3564 virum
662 3490 853 3584 rapientise
875 3515 974 3566 num·
1023 3511 1150 3568 contra
1177 3517 1261 3567 mee
1288 3496 1324 3566 dt
1362 3487 1541 3566 suscitatus
1571 3487 1764 3586 falsiloquus
1792 3491 1851 3564 ad·

155 3582 239 3681 quid
268 3586 398 3683 ignoto
433 3593 514 3687 quia
544 3586 659 3684 diligis
692 3587 803 3665 filium
828 3590 906 3686 isay
939 3592 973 3666 in
1023 3589 1143 3667 versus
1191 3593 1315 3665 faciem
1355 3613 1463 3664 meam
1496 3637 1507 3661 .
1573 3637 1584 3659 .
1623 3594 1851 3686 Aperueruut

82 3715 134 3790 30
155 3683 398 3764 confufionem
425 3706 560 3764 tuame
598 3682 696 3760 &in
728 3689 975 3769 confusionem
1024 3708 1151 3764 contra
1179 3713 1233 3763 me
1265 3687 1397 3761 inimici
1435 3712 1497 3764 ora
1544 3713 1583 3761 ua
1609 3713 1619 3759 t
1645 3690 1681 3760 dt
1713 3709 1849 3782 enpro-

155 3784 848 3979 itiiillil²lllll⁰fsi⁰llll
871 3788 973 3981 tlt
1023 3791 1165 3958 llll?
1183 3781 1850 3978 s„l{‘⁶¹;‚itl¹¹ll²l¹lilnlimet
1884 3788 1932 3882 ⁸⁵

158 4001 313 4060 terramt
336 4007 410 4059 non
435 3983 558 4057 stabilis
582 3964 653 4056 eris'
674 4000 739 4054 tua
772 4005 885 4077 neque
917 4008 974 4056 re·
1024 3985 1121 4056 Deus
1148 3979 1184 4055 in
1211 4004 1329 4068 manus
1356 3981 1569 4077 impiorum·
1597 3977 1645 4076 qd.
1679 3977 1844 4080 Collegit

161 4103 266 4177 gnum
297 4098 395 4157 tuum
424 4082 590 4174 ··ltaque
621 4085 695 4164 iarn
716 4105 807 4152 nune
836 4083 972 4155 mittet
1023 4083 1180 4156 furorem
1202 4080 1299 4154 fuum
1327 4079 1361 4152 in'
1388 4103 1443 4154 me
1467 4107 1477 4149 a
1502 4082 1539 4152 δι
1568 4077 1776 4156 comminans
1791 4078 1853 4152 mi·
1906 4140 1924 4160 s,

86 4183 198 4276 35&
226 4176 338 4254 adduc
362 4204 441 4252 eum
470 4181 513 4254 ad
541 4202 618 4251 mea
648 4177 729 4271 quia
758 4178 848 4254 filiun
877 4203 972 4255 mor·
1022 4179 1062 4255 hi
1084 4178 1265 4254 infremuit
1293 4193 1418 4253 contra
1446 4201 1499 4254 me
1532 4224 1544 4246 .

162 4280 209 4350 tis
246 4279 333 4350 esi.
370 4276 605 4371 Respondeas
647 4294 766 4352 autem
805 4279 973 4356 Jonathae
1078 4277 1183 4349 Dicar
1196 4272 1318 4350 Preti·
1333 4271 1514 4352 Silentium
1533 4273 1664 4351 facite·
1882 4299 1938 4368 90-

163 4375 256 4458 Sauli
281 4373 375 4472 patri
400 4378 463 4452 suo
494 4375 543 4452 ait
568 4422 579 4445 ·
611 4373 730 4464 Qare
760 4376 933 4450 morietur
962 4381 983 4448 i
1081 4379 1266 4470 Sequentia
1291 4369 1430 4474 Epitiule
1442 4378 1546 4448 Petri
1556 4370 1710 4474 mastali
1734 4422 1745 4446 .
1770 4375 1854 4450 Deo

115 4477 123 4482 ’
159 4473 245 4571 quid
269 4475 353 4548 secie
383 4478 399 4545 i
427 4475 473 4549 Et
502 4470 651 4570 arripuit
680 4469 758 4550 Saul
787 4471 940 4548 lanceam
967 4499 982 4546 t
1032 4473 1189 4573 gratias.
1631 4479 1677 4542 Is.
1695 4479 1854 4568 Caput.

160 4592 202 4645 ut
233 4591 431 4671 percuteret
458 4597 571 4648 eum·
597 4573 643 4647 iit
668 4567 844 4644 intellexit
869 4577 978 4649 lona·
1129 4571 1323 4648 Harissimir
1338 4570 1504 4648 adveniet
1520 4569 1856 4648 autemdieaDomi·

85 4691 141 4766 40
164 4675 244 4744 thas
271 4673 368 4764 quod
395 4670 580 4746 diffinitum
605 4669 689 4744 esset
717 4667 809 4763 patri
823 4669 909 4743 suot
939 4686 980 4745 ut
1143 4671 1175 4743 ni
1201 4669 1285 4744 sicut
1302 4673 1359 4746 fut
1374 4698 1388 4739 r<
1406 4669 1439 4740 in
1470 4693 1536 4761 qua
1552 4667 1617 4747 celi
1632 4692 1761 4765 magno
1776 4669 1841 4742 im·

165 4771 384 4845 interficeret
412 4770 532 4845 David
557 4818 568 4840 .
593 4769 755 4841 Surrexit
792 4791 884 4863 erpo
910 4772 977 4847 io·
1026 4789 1116 4864 pem
1142 4768 1353 4844 trascurrent
1374 4815 1385 4838 .
1410 4763 1590 4841 Elementa
1618 4789 1707 4840 vero
1733 4765 1849 4840 calore
1880 4785 1934 4862 95

165 4965 322 5040 comedit
351 4966 388 5039 in
414 4965 472 5037 die
501 4963 645 5037 secunda
659 4961 894 5038 Kalendarum
915 4992 979 5058 pa·
1028 4990 1066 5038 ra
1106 4982 1339 5038 exurentur.
1373 4963 1437 5036 His
1460 4987 1500 5035 er
1580 4963 1846 5058 pereuntibuse

164 5089 281 5140 nem·
309 5064 543 5140 Contristetur
573 5063 622 5135 est
650 5062 742 5138 enim
769 5058 877 5158 super
903 5062 979 5137 Da·
1026 5056 1144 5155 quales
1160 5079 1309 5156 oportet
1323 5065 1388 5138 esse
1399 5083 1464 5160 vos
1476 5062 1510 5132 in
1522 5060 1642 5136 saumis
1654 5061 1845 5138 couversa-

83 5191 139 5262 45
165 5163 265 5238 vida
306 5163 479 5260 eoquod
519 5161 727 5239 confodisset
761 5182 843 5234 eum
876 5178 979 5255 pater
1030 5156 1848 5258 tionibusnrpietatibusexpeetantestupro-

165 5263 272 5338 surus.
300 5264 456 5357 Cumque
485 5258 655 5334 inluxisset
679 5281 778 5332 mane
804 5258 979 5339 venitin·
1030 5279 1192 5356 perantes
1209 5259 1250 5333 ad
1269 5258 1481 5356 presentiam
1504 5258 1579 5333 diei
1598 5258 1848 5355 Domini-‚per
1886 5276 1962 5335 roe

163 5362 287 5436 natiuae
320 5360 355 5435 in
390 5385 478 5458 agro
503 5365 606 5448 juxta
639 5354 801 5456 placitum
825 5358 988 5432 David'e
1033 5381 1133 5451 quem
1146 5354 1210 5430 celi
1229 5355 1846 5435 ¹ardentersolventun:iitelemeuta

163 5466 201 5536 dt
237 5481 327 5552 puer
361 5455 527 5550 parvulus
559 5481 635 5532 cum
670 5480 754 5532 eo:
792 5459 831 5530 dt
859 5458 907 5536 ait
938 5458 982 5529 ad
1034 5454 1852 5554 ignitardoretabeseentNovosverocelos&

163 5579 311 5653 puerum
347 5552 478 5628 suum.
518 5558 616 5630 Vade
649 5582 663 5625 a
704 5559 742 5630 dr
777 5557 862 5629 affer
896 5555 982 5627 milti
1029 5553 1853 5649 novamternansecundumpromiisaipsiuserr-

88 5677 140 5750 50
164 5657 309 5755 sagittat
333 5675 416 5747 quat
447 5677 525 5748 ego
553 5654 646 5739 jacio
667 5699 678 5722 ·
703 5654 863 5749 Cumque
891 5677 979 5748 puer
1030 5652 1203 5750 peilamus
1218 5655 1409 5746 :in—quibus
1423 5649 1852 5747 j'utiiciainhabitatQa.
1904 5681 1910 5690 ·

160 5751 361 5831 cucurrisset
382 5778 393 5820 r
418 5752 501 5837 j'eeit
544 5749 648 5825 aliam>
684 5746 980 5850 sagittam·trana
1030 5773 1178 5849 propter
1193 5753 1376 5832 maritimi
1391 5747 1853 5850 irerexpediantesasatagi-
1885 5767 1954 5848 rog

159 5875 346 5952 puerum·
374 5849 482 5923 Venit
523 5849 642 5945 itaque
670 5871 758 5946 puer
795 5849 839 5923 ad
865 5844 979 5925 locum
1031 5869 1067 5923 te
1084 5847 1522 5925 immaculatifflnuiolati
1553 5849 1642 5939 apud
1660 5873 1736 5920 eum
1751 5852 1854 5922 inve·
1956 5931 1959 5936 ¹

161 5949 267 6043 jaculi
302 5978 313 6020 e
340 5950 436 6043 quod
461 5945 597 6022 miserat
617 5947 784 6031 Jonathaa
810 5977 820 6019 e
847 5948 883 6020 &
912 5947 982 6024 cla·
1003 5977 1005 5980 ⁴
1030 5949 1095 6020 niti
1115 5948 1315 6041 inpacee&
1332 5947 1472 6022 Domini
1489 5942 1858 6044 nustrilonganimita·

163 6051 281 6137 mavit
303 6047 470 6133 looathat
489 6047 580 6144 post
603 6066 751 6148 tergum
771 6046 872 6147 pueri
896 6072 908 6116 ε
944 6048 983 6124 dt
1033 6043 1518 6150 temsalutemanbitramini.
1533 6044 1681 6122 Siout&
1696 6046 1859 6125 eltariffi-

1775 6165 1858 6226 mist

164 4871 288 4943 nathae
316 4895 336 4944 a
360 4867 476 4942 mensa
504 4869 540 4940 in
563 4870 613 4941 ira
639 4866 769 4939 furoris
798 4892 807 4934 t
838 4870 875 4940 δι
903 4890 975 4942 non
1024 4865 1207 4942 solvenmr
1224 4867 1283 4936 a&
1303 4863 1572 5060 terra&qu{(in
1588 4863 1658 4960 ipsa
1670 4863 1747 4936 sunt
1763 4889 1852 4960 ope·
