4450 7209
699 722 777 795 IN
824 719 953 796 DIE
1003 721 1599 802 PENtucosrss

316 813 478 925 orphanis
523 817 802 914 protectorem:
843 822 1012 918 oppreffis
1040 823 1120 896 vin·

315 912 424 987 dicem
455 944 464 984 a
493 916 746 993 consolatorem
795 920 906 996 mestis
944 947 954 988 r
1007 920 1119 996 dubiis

317 1007 499 1113 dudiorem
529 1062 539 1083 .
570 1016 623 1086 Sit
651 1017 750 1088 nobis
786 1017 819 1089 in
849 1042 894 1091 eo
923 1019 1124 1092 indeficiens

320 1104 548 1219 ‘consolatius
579 1112 613 1182 in
643 1136 713 1202 quo
738 1112 798 1187 tibi
825 1113 962 1209 filioque
987 1135 1052 1191 tuo
1077 1117 1125 1189 cll

266 1234 285 1302 5
320 1206 466 1315 indiqisa
512 1212 707 1294 coniundiio
763 1214 797 1284 &
846 1211 1125 1293 immensurabilis

318 1296 504 1396 plenitudo
531 1354 541 1377 .
571 1308 765 1401 sanctisque
799 1312 954 1386 omnibus
980 1312 1125 1404 inexpu-

322 1398 469 1492 gnabilis
502 1402 677 1477 fortitudo
709 1426 867 1496 tanquam
892 1426 986 1482 certa
1026 1407 1123 1479 nobis

316 1496 360 1565 fit
377 1498 420 1567 de
445 1518 504 1573 tua
517 1502 766 1599 gubernatione
785 1504 907 1578 liducia
925 1533 934 1575 ε
952 1528 1122 1597 nunquam

316 1591 351 1661 se
374 1598 496 1670 sentiat
521 1603 631 1673 anima
672 1600 862 1676 muniminis
895 1605 944 1676 tui
972 1601 1122 1697 presidio

240 1723 286 1776 10
320 1691 481 1768 destituta
506 1744 516 1765 .
542 1697 593 1770 lta
608 1697 733 1792 vigore
759 1710 824 1774 tuo
856 1702 966 1774 nostra
995 1700 1122 1775 adver·

316 1784 372 1856 siis
403 1790 576 1866 diabolum
599 1792 766 1888 fragilitas
783 1798 953 1873 muniatur
980 1824 989 1864 r
1015 1822 1057 1871 nc
1072 1797 1122 1872 ul·

316 1881 449 1958 latenus
466 1889 498 1959 in
515 1885 701 1964 certamine
716 1891 895 1989 superetur
921 1944 932 1967 .
963 1896 1017 1969 Sic
1044 1919 1123 1971 cor·

317 1983 361 2053 da
389 2001 427 2055 tu
451 1986 590 2062 scientia
615 1991 746 2083 posbde
777 2023 786 2063 a
813 1993 858 2065 fic
882 1993 1123 2068 conscientiam

316 2101 404 2172 rege
439 2107 449 2149 a
477 2102 517 2157 ut
543 2084 735 2164 &consilio
751 2089 888 2183 providi
916 2091 1121 2165 efficiamur:

238 2211 283 2286 15
318 2177 354 2248 ἃ
381 2203 490 2272 opere
519 2158 644 2278 probi:
670 2186 914 2285 &prudentes
939 2186 1121 2263 sermones

320 2275 356 2346 dt
374 2277 548 2352 ferventes
565 2282 819 2378 inextinguibili
831 2285 998 2360 charitate
1013 2331 1027 2358 .

367 2485 418 2564 132.
434 2473 578 2549 chorus.
592 2479 729 2552 Amen.

488 2690 493 2705 ·
515 2669 592 2757 Poll
610 2679 763 2750 nomina.
788 2678 927 2751 oratio·

234 2703 284 2766 20

242 2846 247 2854 ⁵
316 2857 412 3035 D
428 2862 557 2937 Omine
584 2868 644 2962 qui
672 2870 803 2945 virtute
818 2869 966 2965 Spiritus
983 2872 1031 2946 tui
1047 2904 1056 2944 a
1073 2873 1124 2947 ,δι

436 2985 555 3039 eorum
581 2968 638 3058 qui
673 2968 802 3042 veteris
831 2971 1041 3045 confusionis
1071 2970 1125 3041 su·

1905 727 1972 800 261

1240 828 1341 896 Dicat
1385 822 1561 896 Presbr'rer
1599 819 1787 893 Orationem
1830 825 1872 893 ad
1901 832 1972 892 Pa·
2003 839 2045 910 55

1169 947 1238 997 rem
1266 918 1508 994 rMirabilium
1536 941 1673 994 tuorum
1693 915 1843 992 Domine
1858 942 1972 991 ovan-

1175 1040 1229 1095 tes
1265 1020 1406 1116 insignia
1437 1017 1647 1113 predicamus
1675 1044 1684 1083 a
1709 1019 1743 1088 &
1782 1017 1865 1090 ideo
1891 1011 1976 1093 inla-

1174 1119 1234 1213 psu
1263 1114 1324 1192 illo
1348 1117 1461 1189 santii
1477 1117 1626 1211 Spiritus
1654 1112 1782 1208 repleri
1810 1137 1873 1185 nos
1899 1135 1977 1186 cre-

1174 1219 1282 1289 dimus
1320 1214 1412 1308 squi
1443 1215 1493 1286 bis
1534 1241 1553 1287 a
1590 1230 1628 1284 te
1654 1211 1737 1284 olim
1763 1211 1829 1283 fuit
1859 1210 1892 1280 in
1923 1210 1976 1282 di·

1173 1311 1319 1407 scipulos
1350 1311 1571 1384 distributus.
1596 1309 1732 1382 Cum&
1746 1329 1825 1380 aitte
1847 1307 1977 1381 Ascen·
2005 1333 2054 1400 60

1173 1415 1303 1485 sionem
1333 1427 1426 1483 tuam
1454 1407 1487 1480 iri
1514 1430 1634 1480 eorum
1674 1405 1835 1481 cordibus
1876 1403 1975 1477 ind'e·

1173 1529 1251 1602 ptus
1278 1505 1432 1601 proximi
1467 1502 1685 1578 diledionem
1727 1531 1737 1571 a
1773 1505 1807 1575 &
1853 1503 1977 1599 polle
2071 1519 2074 1524 '

1172 1603 1255 1678 celis
1291 1606 1461 1677 emissust
1492 1602 1675 1676 tenendam
1717 1601 1750 1671 iri
1781 1597 1847 1673 illis
1880 1620 1976 1673 tuam

1174 1703 1342 1797 impressit
1379 1703 1619 1775 charitatem.
1646 1700 1696 1768 Ex
1732 1699 1798 1771 hoc
1832 1717 1868 1769 te
1906 1694 1977 1769 cle·
2034 1789 2036 1794 Ι

1171 1800 1373 1876 mentissime
1400 1799 1494 1872 Deus
1522 1819 1658 1875 oramus
1686 1821 1696 1862 a
1724 1813 1762 1869 ut
1791 1795 1861 1870 boc
1880 1795 1974 1887 quod
2001 1815 2048 1910 αἱ

1171 1901 1224 1973 his
1261 1898 1476 1972 sacramentis
1505 1899 1691 1993 figuratum
1733 1896 1811 1967 sore
1837 1915 1975 1989 cogno·

1172 1997 1277 2070 scitur
1304 2022 1314 2063 r
1340 1995 1374 2067 iri
1403 1993 1520 2066 nostris
1555 1991 1716 2067 cordibus
1752 1986 1977 2084 impleaturss·

1173 2098 1257 2185 Quo
1286 2091 1406 2187 spiritu
1434 2094 1612 2165 ferventes
1641 2091 1676 2160 δι
1705 2083 1892 2182 spiritualia
1920 2086 1976 2160 lo·

1170 2188 1386 2288 cupletantes
1413 2217 1423 2259 a
1451 2186 1692 2283 &proximis
1728 2183 1970 2260 connectamur

1170 2290 1205 2364 in
1233 2312 1314 2383 pace
1340 2317 1349 2359 a
1376 2288 1411 2359 δι
1443 2306 1501 2359 tua
1526 2284 1674 2358 ubertim
1690 2285 1880 2357 ferveamus
1898 2278 1974 2354 dul'·
2000 2321 2050 2396 70

1169 2388 1292 2463 cedine
1317 2430 1327 2453 ·
1356 2386 1401 2456 Ut
1420 2385 1453 2457 in
1467 2385 1635 2457 charitate
1665 2379 1804 2479 illaque
1822 2404 1884 2473 per
1899 2382 1977 2475 Spi-

1169 2487 1276 2561 ritum
1306 2480 1462 2556 Sanctum
1491 2481 1612 2556 nostris
1634 2479 1681 2550 ell
1703 2475 1823 2549 diffusa
1846 2477 1882 2549 iii
1898 2499 1976 2551 cor·

1171 2582 1269 2657 dibus
1293 2577 1478 2652 firmissime
1501 2577 1641 2650 radicati
1664 2603 1675 2646 a
1701 2567 1975 2653 consolationem

1170 2694 1409 2776 promerentes
1437 2675 1627 2748 Paraclitir
1653 2670 1814 2748 coronati
1842 2695 1976 2762 merca}

1171 2803 1247 2855 mur
1273 2772 1308 2843 in
1333 2775 1484 2848 adventu
1496 2773 1614 2859 judicii
1632 2772 1706 2844 tui·
1890 2790 1898 2804 ·
1950 2804 1956 2823 ·
2000 2807 2047 2883 75

1223 2965 1585 3067 132.tunrur.nmen.·
1645 2988 1647 2991 ’

314 3058 436 3147 -perbie
462 3081 590 3135 turrem
616 3065 819 3139 edificabant
844 3070 1048 3159 perturballi
1065 3092 1125 3139 au·
1193 3148 1197 3155 ,

235 3187 281 3263 ²5
318 3154 427 3228 ditum
453 3185 462 3224 a
488 3160 523 3228 ὅ(
551 3159 720 3258 surgentis
741 3158 884 3235 Ecclesse
921 3185 980 3238 tue
1016 3165 1120 3241 novi·

318 3266 393 3322 tate
422 3254 547 3324 diffufis
574 3251 697 3354 linguis
722 3256 953 3352 multiplicasti
985 3262 1122 3360 insigni·

316 3348 379 3418 bus
408 3374 417 3415 a
458 3369 496 3421 ut
533 3361 626 3442 quod
651 3357 764 3429 suerat
797 3357 831 3428 in
858 3361 1118 3434 condemnatio·

313 3466 358 3516 nc
384 3468 395 3511 a
421 3447 502 3518 esset
528 3449 561 3518 iii
592 3477 729 3526 munere
755 3500 766 3522 .
792 3458 909 3550 Atque
930 3457 1008 3530 inde
1034 3481 1118 3532 con·

313 3541 459 3612 slrueres
488 3545 591 3619 fidem
617 3578 626 3620 a
652 3554 742 3622 unde
775 3554 985 3630 destruxeras
1017 3556 1117 3629 vani·

230 3675 281 3748 30
316 3655 422 3710 tatem
448 3642 538 3750 ..Da
566 3642 668 3741 super
693 3650 781 3719 hunc
814 3650 942 3723 familie
972 3673 1030 3727 tue
1060 3644 1118 3727 cess

316 3754 389 3847 tum
418 3739 566 3830 Spiritus
596 3747 707 3819 Sansli
732 3747 784 3817 tui
814 3774 911 3843 quem
939 3776 975 3822 es
1015 3749 1120 3846 polli-

313 3854 403 3907 citus
434 3836 621 3914 adventum
647 3891 658 3914 .
684 3843 754 3935 Qti
787 3842 820 3917 in
853 3847 995 3920 nobise
1033 3871 1119 3922 con·

314 3930 425 4003 trario
455 3932 660 4014 mollicionis
687 3939 793 4014 sludia
825 3943 967 4016 adversa
994 3945 1124 4040 disper·

317 4046 377 4122 gat
407 4055 416 4096 a
453 4032 488 4103 δι
512 4040 685 4142 ⁸meritum
719 4037 996 4115 sanctificationis
1025 4067 1123 4115 accu-

231 4157 279 4233 35
315 4122 424 4196 mulet
448 4126 601 4236 ‚Sisque
627 4158 827 4213 munerator
860 4139 892 4210 in
923 4140 1121 4233 promissio·

312 4246 356 4292 ne
383 4249 393 4290 a
420 4246 477 4314 qui
507 4247 543 4296 es
571 4233 753 4327 promissor
774 4235 808 4306 in
833 4260 974 4310 munere
1001 4286 1011 4306 .
1035 4241 1119 4326 Quo

309 4317 455 4394 Ecclesia
489 4342 546 4394 tua
570 4335 641 4415 eius
668 4331 746 4426 igne
771 4332 924 4406 succensa
952 4361 961 4401 a
988 4335 1117 4431 inipso

309 4440 428 4528 veram
453 4437 569 4492 teneat
595 4428 697 4500 fidem
725 4455 735 4496 a
761 4441 862 4522 a‚'quo
885 4455 1019 4505 omnem
1036 4459 1116 4525 pet·

311 4516 396 4607 cipit
441 4517 626 4594 veritatem
666 4569 676 4590 .
715 4524 857 4616 Ipseque
892 4527 1111 4603 offerentium

226 4643 278 4721 40
310 4609 448 4717 nomina
475 4608 651 4688 celestibus
681 4613 801 4691 scribat
820 4620 852 4690 in
871 4623 1004 4715 paginis
1032 4650 1042 4692 a
1073 4647 1112 4698 ac

309 4724 462 4816 requiem
500 4709 665 4818 dignetur
706 4717 853 4808 prestare
897 4717 1068 4792 defunctis
1102 4749 1113 4790 a

309 4826 367 4896 qui
394 4823 428 4872 in
458 4826 592 4884 unitate
618 4810 770 4886 Deitatis
798 4831 914 4889 tecum
938 4835 1114 4915 permanet

310 4899 443 4995 semper
461 4908 613 4996 equalis.

190 5104 275 5205 “45
316 5149 320 5156 -
358 5104 691 5194 m-chorasnmen.
769 5060 771 5062 ”

358 5295 460 5369 Dicat
484 5303 660 5378 aresbtrer
689 5299 821 5396 ·Qia
847 5307 887 5380 tu
914 5328 951 5380 ts
965 5305 1037 5381 vita
1054 5303 1109 5382 vi-

306 5414 431 5466 vorum
461 5421 470 5462 a
500 5401 623 5474 sanitas
640 5401 855 5477 infirmorum
882 5431 892 5472 a
919 5428 957 5477 ac
975 5405 1109 5499 requies

308 5491 464 5562 omnium
497 5497 648 5571 fidelium
689 5502 931 5581 defunctorum
954 5501 989 5578 iu
1019 5521 1111 5582 etet·

228 5616 276 5693 50
307 5610 352 5661 tia
381 5585 722 5674 seculaieculointn.

355 5795 406 5878 ξι.
422 5786 542 5863 chorus
557 5794 667 5872 Amen
687 5839 699 5865 .

1501 3165 1648 3240 inlatio.

1325 3326 1327 3330 ·
1869 3332 1873 3345 .
1999 3272 2047 3350 80

1269 3359 1391 3458 lgnum
1432 3362 1467 3433 ὅτ
1508 3363 1627 3448 lullum
1657 3357 1705 3430 est
1747 3354 1974 3450 omnipotens

1290 3466 1384 3535 Deus
1400 3488 1409 3529 a
1426 3482 1494 3552 pro
1509 3455 1731 3555 possibilitate
1755 3450 1881 3531 carnali
1899 3474 1975 3522 mu·

1167 3582 1284 3634 nerum
1316 3579 1455 3633 tuorum
1498 3555 1664 3631 beneficia
1703 3550 1867 3625 confiteri
1895 3576 1916 3642 εΙ
1936 3549 1973 3620 &

1168 3657 1336 3731 indultum
1378 3654 1549 3730 hodierno
1589 3653 1644 3724 die
1682 3652 1810 3724 donum
1852 3644 1968 3720 salutis

1168 3773 1289 3828 eterne
1321 3751 1550 3827 anniversaria
1579 3751 1711 3844 semper
1724 3766 1969 3820 commemora·
1997 3763 2045 3853 35

1167 3853 1265 3925 tione
1290 3849 1465 3926 celebrare
1503 3900 1514 3920 .
1554 3849 1685 3921 Etenim
1722 3869 1787 3939 pro
1812 3826 1970 3934 adventii

1172 3951 1319 4045 Spiritus
1347 3948 1398 4019 tui
1422 3949 1533 4022 Sentii
1565 3967 1681 4018 tacere
1708 3942 1782 4038 quis
1814 3942 1935 4012 audeat
1961 3961 1973 4031 t

1172 4070 1249 4119 cum
1277 4047 1387 4121 omnis
1414 4068 1476 4139 per
1508 4040 1698 4136 Apostolos
1725 4059 1806 4110 tuos
1833 4041 1972 4129 aetiam

1172 4145 1326 4242 gentium
1351 4144 1565 4215 barbararum
1594 4141 1708 4233 lingua
1733 4158 1804 4209 non
1833 4149 1970 4207 taceat.

1170 4244 1256 4335 Qis
1284 4240 1375 4313 enim
1404 4263 1561 4312 enarrare
1588 4233 1680 4310 valet
1706 4235 1803 4318 huius
1831 4233 1972 4319 hodier-
1993 4232 2046 4336 pb

1166 4366 1214 4417 no
1247 4341 1303 4410 die
1333 4338 1422 4434 ignis
1448 4335 1639 4430 inlapsum:
1668 4334 1712 4403 sic
1727 4330 1901 4404 distributa
1915 4327 1969 4398 di·

1166 4434 1301 4533 scipulis
1327 4459 1453 4533 genera
1484 4432 1642 4509 universa
1671 4427 1861 4593 linguarum
1890 4456 1900 4496 a
1927 4441 1969 4496 ut

1162 4559 1227 4606 ricc
1257 4535 1393 4607 Latinus
1432 4532 1574 4605 Hebreo
1618 4551 1681 4600 nec
1747 4543 1841 4594 rccus
1873 4527 1970 4616 Egy-

1164 4633 1241 4725 ptio
1271 4657 1281 4696 a
1308 4653 1370 4702 nec
1385 4628 1501 4700 Scitha
1523 4628 1611 4699 lndo
1626 4621 1766 4719 proptia
1782 4620 1861 4691 dum
1874 4615 1966 4714 quis·

1164 4751 1230 4820 que
1255 4727 1289 4796 δι
1316 4721 1497 4820 peregrina
1536 4723 1676 4797 audiens
1715 4715 1868 4810 loquitur
1898 4713 1964 4815 lin·¹
1990 4748 2041 4826 95

1166 4847 1254 4920 grat
1280 4822 1524 4894 detrimentum
1551 4818 1606 4892 vel
1625 4815 1809 4910 alienigeni
1826 4812 1966 4886 fecerita

1162 4917 1219 4995 vel
1246 4917 1295 4990 sui
1312 4917 1450 4989 senserit
1465 4913 1691 4990 rutilianus?
1723 4917 1865 5006 Quaque
1893 4911 1968 4984 vir·

1101 5033 1106 5047 ¹
1162 5035 1237 5090 tute
1265 5016 1306 5088 lit
1333 5012 1443 5089 adum
1474 5044 1482 5085 a
1521 5014 1616 5109 quod
1638 5012 1782 5087 dicentis
1809 5007 1967 5106 veritatis

1162 5112 1367 5210 preconibus
1393 5135 1453 5209 per
1480 5113 1589 5205 spacia
1619 5107 1777 5187 immensa
1797 5127 1967 5183 terrarum

1161 5211 1259 5287 unius
1285 5231 1388 5304 atque
1417 5206 1631 5286 indivifibilis
1662 5213 1796 5283 donum
1837 5201 1967 5280 dauri·
1996 5216 2067 5293 1'00

1160 5333 1203 5382 ne
1229 5305 1358 5385 celestis
1387 5331 1452 5402 pro
1477 5309 1647 5405 potellate
1677 5304 1966 5400 voluiitariapar·

1161 5405 1289 5482 tiretur
1312 5410 1327 5476 i
1352 5405 1452 5488 Nihil
1478 5429 1579 5507 agens
1604 5406 1727 5478 unitati
1756 5402 1835 5474 fidei
1863 5400 1964 5474 disso-

1159 5527 1240 5578 uum
1270 5533 1279 5575 a
1304 5504 1457 5601 quamuis
1498 5501 1693 5596 multiplicis
1728 5497 1870 5571 scientie
1913 5496 1966 5570 di·

1157 5601 1364 5677 saluatione
1391 5598 1663 5694 pulcherrimum
1688 5623 1700 5667 a
1725 5600 1759 5670 dt
1783 5594 1964 5689 multimo-

1161 5700 1206 5776 da
1232 5700 1411 5775 mirificum
1436 5699 1594 5774 extiterit
1628 5695 1801 5772 varietate
1834 5694 1965 5771 sermo·
1996 5729 2065 5804 ¹05

1086 5870 1090 5881 ,
1161 5818 1264 5872 uum.
1290 5796 1481 5883 Ostendens
1509 5794 1964 5894 quodconfelsioniDomi·

1159 5892 1237 5968 nice
1266 5919 1335 5970 non
1362 5890 1506 5989 impedit
1536 5890 1716 5967 diversitas
1745 5887 1966 5989 lingueanec

1081 6088 1087 6099 Ι
1159 5991 1303 6074 interut
1328 5993 1424 6105 quod
1438 5991 1537 6075 ustio
1562 5994 1640 6093 quis
1664 5991 1823 6071 sermone
1850 5992 1962 6092 fateaf

1886 6107 1981 6201 luta?
