4450 7209
521 728 1739 816 rosrocrtunsrnrnutnrn.·
1874 750 1917 842 ες

251 816 306 904 'in
321 828 431 906 secula
447 831 660 910 seculorum.
688 849 736 925 132.
749 842 879 912 Amen.
893 831 1066 908 Dominus
1117 856 1257 931 tempus
1274 837 1482 911 curationis:
1503 842 1537 912 &
1556 866 1635 915 ecce
1654 835 1831 916 turbatio.
1846 846 1919 922 Co·
1952 871 1996 944 55

267 929 313 1004 sit
337 931 469 1025 semper
495 930 697 1008 vobiscum.
725 934 942 1025 sscEtcum.
966 935 1069 1005 Dicat
1118 935 1309 1033 gnoscimus
1337 935 1490 1010 Domine
1535 937 1750 1044 iniquitates
1770 943 1918 1019 nollrasa

271 1032 414 1101 cuorus.
442 1028 603 1104 Gustare.
726 1027 804 1113 Post
819 1032 1021 1102 communio.
1120 1033 1338 1126 impietatem
1356 1053 1492 1129 patrum
1507 1038 1700 1111 nostrorum
1718 1061 1784 1132 qua
1800 1065 1924 1132 pecca·

361 1127 511 1200 Athonis
525 1130 695 1206 dominice
711 1127 849 1204 calicem
863 1126 1070 1202 delibantess
1120 1132 1230 1206 vimus
1245 1131 1307 1203 tibi
1326 1180 1337 1201 .
1364 1132 1417 1213 Ne
1433 1156 1493 1206 nos
1521 1139 1580 1206 des
1608 1136 1642 1207 in
1662 1137 1922 1232 opprobrium-2

213 1248 249 1325 ‚5
370 1232 407 1295 dt
433 1225 634 1301 sacrosanbii
661 1227 820 1320 corporis
839 1223 1070 1300 suavitatem..
1121 1250 1268 1325 propter
1286 1253 1413 1303 nomen
1431 1247 1552 1302 tuum:
1580 1259 1687 1326 neque
1706 1234 1807 1308 facias
1822 1241 1920 1311 nobis

270 1324 443 1419 gustantes
457 1351 467 1390 a
483 1327 662 1420 gratias&
678 1324 812 1399 laudem
828 1325 859 1396 ei
874 1326 1070 1398 reseramus:
1120 1326 1362 1403 contumeliam
1380 1376 1391 1399 .
1406 1325 1536 1400 Solium
1547 1329 1666 1426 glorie
1681 1350 1741 1403 tue
1759 1340 1921 1408 recorda·
1949 1334 1999 1408 60

267 1420 304 1492 in
321 1426 430 1495 domo
449 1428 523 1507 ejus
543 1420 608 1496 leti
633 1424 669 1494 δι
691 1422 813 1497 hilares
831 1420 1068 1495 ambulantes.
1119 1448 1181 1496 rea
1208 1450 1250 1495 ne
1277 1426 1416 1498 irritum
1445 1424 1545 1499 facias
1577 1430 1672 1501 fedus
1697 1448 1792 1501 tuum
1807 1433 1922 1506 nobis·
1957 1476 1967 1497 .

269 1530 319 1612 ¹3²·
336 1525 470 1591 Amen.
499 1523 566 1594 Per
582 1520 847 1598 misericordiam
864 1541 955 1592 tuam
971 1523 1068 1595 Deus
1118 1545 1219 1594 crim.
1236 1525 1288 1597 Tu
1304 1543 1414 1596 autem
1430 1522 1466 1593 in
1480 1524 1579 1596 nobis
1596 1551 1631 1598 es
1644 1526 1795 1597 Domine
1809 1529 1844 1599 δι
1857 1555 1922 1604 no·

267 1615 383 1690 noster
393 1617 455 1710 qui
470 1642 506 1688 es
515 1619 716 1701 ‚benedictus
740 1622 776 1691 δι
792 1617 883 1691 vivis
897 1622 932 1691 dt
951 1619 1068 1692 omnia
1117 1644 1196 1694 men
1210 1642 1304 1692 tuum
1321 1621 1517 1695 invocatum
1532 1623 1579 1692 cll
1595 1623 1695 1718 super
1710 1646 1785 1695 nost
1799 1647 1841 1695 ne
1858 1630 1922 1701 de·

211 1736 249 1801 50
268 1714 361 1811 regis
378 1714 411 1787 in
428 1715 538 1789 secula
552 1716 764 1790 seculorum.
786 1730 835 1813 132.
849 1720 976 1788 Amen.
992 1719 1069 1790 Do·
1118 1715 1289 1812 relinquas
1304 1742 1386 1793 nos.
1416 1731 1464 1811 ¹32·
1480 1725 1615 1791 Amen.
1934 1796 1938 1805 Α

266 1814 378 1884 minus
407 1815 448 1885 stt
469 1813 605 1908 semper
618 1815 820 1889 vobiscum.
847 1826 895 1905 Βι.
909 1815 1041 1888 Etcum
1056 1860 1068 1883 .
1167 1820 1269 1887 Dicar
1286 1812 1406 1886 Presb.
1421 1815 1590 1890 Dominus
1605 1820 1645 1890 fit
1659 1819 1792 1915 semper
1804 1821 1921 1899 vobis·
1937 1816 1999 1919 ἴς,

266 1908 306 1979 In
321 1911 459 1984 nomine
471 1912 616 1985 Domini
633 1913 738 1984 nostri
752 1909 828 1992 lesu
844 1910 971 1984 Christi
988 1935 1067 2007 per·
1118 1935 1220 1987 cunr.
1247 1925 1295 2005 132.
1313 1914 1355 1985 Et
1372 1934 1474 1987 cum.

264 2007 417 2080 siciamus
432 2031 630 2106 cumpace.
657 2024 707 2103 lja.
721 2010 803 2083 Deo
817 2008 970 2108 gratias.
1166 2009 1369 2100 Pfirllendo·
1394 2009 1491 2082 Deus
1511 2016 1619 2098 juder
1639 2015 1741 2099 justus
1760 2017 1862 2091 fortis
1882 2021 1921 2093 dt

1118 2108 1281 2203 patiensa
1308 2131 1377 2181 non
1400 2106 1484 2181 iram
1507 2109 1658 2182 inferens
1684 2135 1747 2203 per
1763 2113 1922 2211 singulos

211 2226 244 2305 55
308 2206 361 2278 IN
386 2206 592 2279 octavo
617 2204 876 2280 DOMINICO
901 2206 1022 2280 POST
1120 2203 1490 2293 dies.5i.Confitebor
1502 2208 1656 2282 Domino
1672 2210 1851 2281 secundum
1865 2217 1920 2296 ju-

424 2303 677 2381 EPlPHANIE
701 2304 908 2378 DOMINI.
1120 2303 1243 2376 {liciam
1258 2308 1329 2388 eius
1348 2301 1483 2398 psallam
1498 2306 1629 2380 nomini
1644 2305 1786 2381 Domini
1802 2303 1919 2383 altilli-
1945 2324 1998 2403 φο,

263 2404 328 2481 ’.Διί
344 2399 470 2494 Missam
488 2399 625 2491 officium
648 2405 694 2475 dt·
717 2405 827 2475 oratio
852 2417 890 2475 ut
913 2402 1070 2497 inprims
1118 2401 1189 2476 tni.
1214 2411 1259 2470 P.
1276 2402 1344 2472 Per
1358 2402 1431 2472 sin.

313 2503 512 2572 Dominico.
872 2497 1069 2586 faLXHH.
1166 2499 1271 2573 Dicat
1284 2495 1404 2572 eresb.
1422 2497 1602 2580 Silentium
1618 2504 1749 2581 facite.

313 2601 426 2670 Lesiio
440 2597 523 2671 libri
537 2597 705 2669 Hieremia
717 2595 903 2695 prophete.
921 2613 969 2692 nt.
984 2598 1064 2672 Deo

211 2717 245 2785 no
267 2699 423 2795 gratias.
884 2704 1066 2789 capfflt.
1166 2698 1346 2790 Sequentia
1370 2693 1500 2792 epislole
1515 2700 1624 2773 Pauli
1643 2697 1778 2798 apostoli
1802 2703 1846 2776 ad
1859 2708 1918 2778 (σα

219 2796 228 2807 ’
377 2795 420 2862 Ec
447 2791 532 2866 dicit
559 2790 756 2865 Dominus.
781 2791 986 2865 Benedislus
1009 2795 1066 2867 vir
1118 2791 1284 2864 rinthios.
1311 2807 1360 2884 132.
1376 2796 1458 2869 Deo
1471 2803 1625 2893 gratias.
1727 2803 1730 2806 ⁴
1783 2810 1913 2873 cnm
1943 2806 2003 2901 π’
2120 2812 2125 2823 “

391 2891 446 2981 qui
463 2889 604 2961 confidit
622 2891 654 2959 in
670 2887 843 2962 Dominoa
859 2891 893 2961 dt
911 2891 977 2960 erit
990 2890 1064 2965 Do-
1112 2889 1350 3068 FRatres.
1376 2895 1447 2963 Vos
1473 2898 1548 2967 estis
1577 2918 1703 2989 corpus
1731 2896 1856 2970 Christi
1878 2902 1915 2969 dt.

265 2992 375 3064 minus
391 2990 512 3060 fiducia
530 2995 627 3073 eius.
655 2988 696 3057 Et
724 2986 791 3058 crit
819 2989 911 3080 quali
933 2985 1062 3084 lignum
1212 2989 1360 3060 membra
1376 2991 1418 3059 de
1434 2993 1601 3064 membro:
1616 2996 1649 3064 δι
1663 2991 1826 3084 quosdam
1839 2995 1916 3088 qui·

265 3091 359 3177 quod
380 3084 646 3178 transplantatur
662 3085 893 3179 superaquam
910 3089 1061 3178 quodad
1111 3086 1190 3155 dem
1205 3085 1322 3174 posuit
1340 3086 1434 3157 Deus
1449 3087 1484 3157 in
1502 3087 1667 3160 ecclesa.
1693 3090 1843 3163 Primum
1861 3098 1914 3165 A·
2039 3142 2043 3150 -

211 3205 243 3273 ις
266 3183 443 3256 humorem
471 3185 574 3254 mittit
604 3182 731 3253 radices
749 3180 847 3251 suas:
878 3185 912 3253 dt
933 3206 1002 3256 non
1021 3185 1064 3258 ti·
1115 3179 1289 3272 postolos.
1303 3183 1461 3257 Secundo
1474 3187 1685 3278 Prophetas.
1700 3186 1825 3259 Tertio
1835 3189 1914 3264 Do·

265 3281 371 3353 mebrt
404 3303 479 3352 cum
505 3280 640 3354 venerit
654 3281 763 3350 estus.
789 3277 830 3348 Et
857 3279 924 3349 erit
942 3279 1062 3358 folium
1113 3278 1247 3349 dores.
1273 3278 1410 3353 Deinde
1426 3280 1608 3354 Virtutes.
1635 3283 1764 3354 Exinde
1781 3288 1910 3381 gratias
1941 3286 1990 3362 80

263 3385 335 3463 ejus
375 3382 526 3450 virides
568 3379 601 3447 δι
640 3377 671 3447 in
715 3396 869 3468 tempore
904 3376 1062 3454 siccitatis
1113 3376 1349 3449 curationum.
1379 3377 1911 3471 Opitulationes.Gubernatio.

261 3501 329 3547 non
359 3478 424 3546 erit
443 3472 624 3548 sollicitum
644 3497 742 3544 nnec
773 3469 954 3564 aliquando
976 3478 1063 3548 deli-
1113 3495 1201 3543 nes.
1225 3473 1362 3548 Genera
1389 3474 1608 3571 linguarum.
1634 3479 1807 3572 Numquid
1833 3506 1912 3558 onr-

261 3595 321 3646 net
341 3573 452 3646 facere
469 3571 636 3644 irusium.
663 3568 866 3645 Maledisius
880 3572 987 3647 homo
1003 3575 1060 3666 qui
1114 3593 1173 3640 nes
1185 3575 1369 3667 Apostoli?
1385 3575 1555 3665 Numquid
1570 3598 1690 3646 omnes
1712 3576 1909 3670 Propheta?
2009 3586 2012 3592 '

211 3693 241 3766 30
261 3673 404 3744 conlidit
422 3673 458 3742 in
475 3672 638 3744 homines
664 3670 698 3737 dt
714 3688 820 3764 ponet
833 3691 968 3741 carnem
985 3670 1061 3745 bra·
1111 3667 1283 3762 Numquid
1300 3696 1420 3743 omnes
1437 3671 1608 3744 Doctores
1622 3677 1636 3740 Ρ
1652 3674 1826 3768 Numquid
1839 3699 1912 3747 cm·
1982 3738 1985 3745 .

260 3770 373 3841 chium
407 3769 519 3841 suum:
549 3788 585 3840 ut
611 3793 626 3838 a
653 3766 805 3842 Domino
834 3772 971 3842 recedat
999 3794 1060 3845 cor
1110 3788 1171 3836 nes
1196 3769 1381 3841 virtutes?
1413 3768 1589 3861 Numquid
1618 3795 1736 3844 omnes
1765 3775 1910 3869 gratiam
1940 3770 1989 3864 85

258 3873 346 3952 ejus.
366 3867 438 3939 Erit
457 3867 547 3938 enim
566 3861 655 3959 quali
675 3865 791 3939 mirice
808 3866 839 3934 in
857 3865 1007 3939 deserto:
1024 3874 1059 3943 &
1110 3861 1236 3934 habent
1254 3868 1498 3938 curationum?
1521 3867 1695 3960 Numquid
1711 3892 1831 3942 omnes
1845 3867 1910 3941 lin·

259 3989 328 4038 non
348 3965 482 4037 videbit
495 3990 570 4040 curn
584 3963 720 4034 venerit
738 3964 891 4035 bonum.
918 3967 985 4035 Sed
1002 3967 1058 4039 ha.
1110 3960 1184 4055 guis
1199 3957 1416 4054 loquentur?
1444 3965 1614 4056 Numquid
1647 3988 1766 4036 omnes
1801 3967 1911 4038 inter·

258 4061 384 4137 bitabit
406 4063 438 4133 in
456 4062 596 4134 deserto
617 4058 701 4128 &in
721 4077 812 4131 terra
830 4057 1057 4156 salsuginis&
1108 4063 1322 4148 pretantut?
1349 4058 1546 4132 Emulantini
1571 4081 1684 4134 autem
1708 4060 1910 4139 charismata

211 4173 237 4253 55
259 4156 498 4232 inhabitabili.
527 4161 674 4230 Pravum
699 4161 745 4229 est
771 4182 833 4230 cor
849 4157 994 4230 hominis
1018 4163 1055 4232 dt
1106 4152 1277 4228 meliorat
1316 4160 1353 4230 δι
1376 4157 1485 4228 adhuc
1507 4157 1789 4232 excellentiorem
1817 4161 1908 4257 viam
1981 4218 1983 4223 .

257 4255 475 4330 inscrutabile
494 4285 503 4325 a
534 4256 607 4348 quis
623 4256 811 4347 cognoscet
837 4252 948 4329 illud?
978 4257 1054 4352 Ego
1103 4251 1207 4325 vobis
1219 4254 1461 4328 demonstrabo
1476 4254 1521 4322 ι*
1541 4257 1576 4328 Si
1594 4254 1717 4352 linguis
1731 4257 1907 4332 hominum
1935 4283 1987 4346 90

258 4355 429 4428 Dominus
446 4356 595 4426 scrutans
610 4374 689 4423 cor:
716 4355 751 4426 sil
770 4353 914 4446 probans
930 4378 1054 4425 renesa
1108 4344 1229 4444 loquar
1255 4356 1291 4424 δι
1316 4351 1519 4450 angelorum
1544 4354 1906 4431 charitatem-autem,
1936 4360 2036 4434 'lma'

258 4453 315 4548 qui
340 4457 387 4526 do
401 4453 576 4543 unicuique
601 4455 697 4535 iuxta
712 4451 798 4526 viam
814 4449 902 4523 suam
920 4480 930 4520 a
956 4454 990 4524 ἃ
1004 4457 1058 4538 ju·
1108 4470 1179 4519 non
1197 4448 1359 4524 habeam=
1387 4449 1493 4524 fadus
1517 4450 1586 4525 sum
1603 4450 1698 4525 velut
1716 4477 1752 4525 es
1766 4457 1907 4526 sonanss

258 4568 320 4623 xta
338 4548 483 4621 studium
498 4550 779 4622 adinventionum
794 4548 925 4623 suarum
941 4597 951 4619 .
975 4552 1057 4623 Per·
1107 4563 1166 4616 aut
1180 4546 1357 4623 cimbalum
1375 4549 1541 4620 tinniens.
1570 4549 1611 4622 Et
1624 4551 1648 4620 fi
1662 4551 1811 4621 habuero
1823 4576 1908 4646 pro-

211 4667 236 4738 to
260 4649 317 4719 dix
334 4648 427 4721 fovit
447 4670 513 4739 qne
541 4670 608 4718 non
627 4646 786 4738 peperit:
815 4646 895 4718 fecit
913 4646 1056 4719 divitias
1106 4643 1285 4735 phetiama
1311 4646 1522 4718 &noverim
1547 4645 1704 4729 malletis
1730 4649 1904 4720 omnia&
2025 4681 2029 4688 ·

258 4749 293 4819 δι
309 4771 379 4820 non
397 4745 598 4829 injudicio.
626 4745 660 4812 ln
676 4743 816 4817 dimidio
829 4746 958 4818 dierum
975 4746 1055 4817 suo·
1107 4761 1242 4814 omnem
1256 4741 1449 4814 scientiam:
1476 4743 1511 4811 dt
1528 4743 1680 4816 habuero
1704 4766 1840 4815 omnem
1859 4743 1902 4814 fi·
1932 4763 1985 4837 95

256 4869 331 4917 rutn
346 4840 562 4935 derelinquet
577 4866 631 4912 eas
648 4865 657 4908 a
684 4845 718 4910 dt
740 4841 774 4911 in
791 4841 973 4913 novitsrmo
990 4841 1078 4916 suo.
1105 4836 1184 4910 dem
1198 4839 1244 4912 ita
1258 4858 1296 4910 ut
1313 4859 1446 4912 montes
1459 4840 1682 4913 transferam:
1700 4842 1903 4917 charitatem
1983 4846 1986 4853 '

256 4942 327 5016 etit
351 4942 529 5035 insipiens.
560 4937 687 5012 Solium
703 4937 815 5035 glorie
831 4935 1018 5012 altitudinis
1034 4964 1053 5011 a
1103 4953 1218 5006 autem
1235 4958 1303 5006 non
1318 4937 1470 5007 habuero
1485 4935 1567 5009 nihil
1586 4941 1676 5010 sum.
1691 4938 1731 5009 Et
1750 4938 1773 5011 fi
1793 4940 1907 5012 dillri·

257 5041 432 5134 principio
447 5037 541 5113 locus
558 5035 832 5110 sanslificationis
847 5038 971 5109 nostre.
986 5037 1053 5109 Ex·
1102 5030 1215 5103 buero
1228 5030 1263 5103 in
1277 5033 1371 5105 cibos
1386 5057 1574 5126 pauperum
1589 5059 1706 5109 omnes
1722 5034 1901 5112 facultates

211 5135 413 5235 5pe6iatio
430 5133 558 5208 lsrael.
588 5134 743 5207 Domine
759 5157 875 5206 ornnes
899 5134 958 5228 qui
981 5153 1051 5208 tes
1102 5151 1219 5200 meas:
1245 5122 1512 5207 &sitiadideto
1529 5156 1656 5228 corpus
1671 5158 1782 5208 meum
1798 5137 1843 5210 ita
1860 5154 1902 5209 ut
1973 5198 1976 5203 .

254 5233 519 5330 derelinquunt:
536 5234 818 5308 confundentur.
834 5234 1052 5306 Recedentes
1103 5229 1257 5300 ardeam:
1282 5228 1485 5302 charitatem
1507 5251 1619 5303 autem
1650 5257 1717 5307 non
1735 5235 1874 5307 habeam
1890 5260 1900 5300 s
1936 5245 2009 5303 τοῦ

254 5333 466 5407 ateinterra
481 5331 679 5404 scribentur:
693 5331 849 5424 quoniam
860 5329 1053 5425 derelique·
1103 5323 1187 5396 nihil
1216 5324 1297 5399 mihi
1312 5328 1473 5423 prodest.
1499 5330 1660 5403 Charitas
1679 5333 1813 5426 patiens
1826 5334 1900 5402 elia

254 5452 335 5505 runt
363 5453 486 5504 venam
512 5453 674 5523 aquarum
706 5427 900 5502 viventium
927 5427 1052 5503 Domi·
1101 5421 1251 5519 benigna
1268 5428 1338 5498 est.
1362 5428 1519 5501 Charitas
1536 5452 1605 5499 non
1621 5426 1807 5501 emulatur=
1830 5451 1901 5498 non

211 5546 224 5610 ’.
255 5552 360 5604 num.
386 5530 563 5624 Propheta
577 5552 712 5624 quoque
727 5528 761 5598 ἃ
775 5527 941 5603 Sacerdos
958 5526 1052 5598 abie·
1104 5523 1177 5618 agit
1192 5547 1392 5617 perperam.
1411 5527 1492 5596 Non
1507 5526 1646 5596 inflatur
1662 5550 1671 5591 a
1690 5547 1755 5594 non
1772 5527 1819 5596 est
1832 5547 1903 5599 ant·

211 5664 225 5713 >
253 5648 334 5700 runt
350 5625 383 5698 in
403 5649 554 5700 terram:
579 5651 676 5722 quam
692 5624 916 5723 ignorabant.
943 5625 1052 5698 Num·
1104 5619 1253 5692 biciosaa
1280 5647 1349 5695 non
1363 5619 1479 5716 querit
1496 5645 1561 5715 que
1579 5620 1635 5692 sua
1651 5621 1726 5692 sunt
1742 5648 1752 5688 a
1769 5645 1840 5693 non
1856 5623 1902 5695 ir·
1974 5672 1977 5677 -

254 5724 339 5819 quid
355 5728 542 5820 projiciens
556 5724 702 5810 abiecisti
718 5727 836 5800 Judam
854 5747 863 5790 a
883 5740 940 5794 aut
955 5725 1054 5813 Syon
1104 5720 1254 5790 ritatura
1281 5743 1350 5794 non
1378 5720 1514 5818 cogitat
1531 5715 1677 5792 malum.
1702 5716 1784 5792 Non
1815 5744 1895 5817 gau·
1933 5736 2006 5815 105

250 5824 476 5897 abhominata
504 5824 550 5894 eli
579 5823 686 5896 anima
703 5825 794 5893 tua?
820 5823 935 5911 Qare
962 5842 1053 5916 ergo
1103 5817 1162 5888 det
1178 5815 1900 5911 superiniquitateacongaudetautemve-

247 5922 437 6016 percussisti
455 5945 517 5995 nos
532 5948 542 5989 a
559 5921 608 5992 ita
624 5941 661 5993 ut
675 5916 765 5990 nulla
779 5918 820 5990 fir
837 5918 974 5991 sanitas.
986 5917 1052 5991 Ex·
1101 5913 1217 5987 ritatia
1235 5916 1347 5987 omnia
1365 5913 1495 5987 suffen:
1513 5912 1624 5985 omnia
1638 5913 1766 5986 credit:
1782 5916 1896 5989 omnia

240 6017 466 6122 penarium
487 6040 609 6122 pacem
636 6019 672 6092 &
687 6041 758 6094 non
772 6017 819 6093 eu
833 6019 988 6095 bonums
1012 6021 1051 6093 &
1099 6011 1363 6110 spetatsornnia
1377 6009 1710 6191 sustift.Charitas
1724 6023 1904 6122 nunquam·

1512 6131 1536 6188 2
1801 6129 1899 6186 cxci«
