4450 7209
282 771 290 775 ..
416 733 421 740 -
539 681 786 758 DOMlNlCll
812 680 982 756 TERTIE
1019 681 1419 774 QJADRAGESIME.
1741 705 1804 774 ¹²5

140 770 250 886 debat
277 786 358 854 ant'e
381 776 467 856 eos}
491 782 728 878 Feceruntque
756 807 835 856 eum
862 783 947 856 stare
996 783 1108 857 vester
1123 779 1292 856 Diabolus
1320 800 1480 874 tanquam
1506 773 1560 851 leo
1578 779 1717 878 rugiens
1739 779 1808 884 cir·
1835 803 1878 878 55

139 892 236 946 rotet
261 872 343 952 duas
377 879 577 955 columnas.
604 883 673 971 Qai
698 880 786 955 dixit
814 904 948 977 pueros
999 879 1233 974 cuitquerens
1261 881 1527 974 quemdevoret
1555 906 1564 946 ι
1592 881 1646 953 cui
1666 879 1807 954 ressslite

137 970 280 1044 dimitte
310 1001 424 1054 ment
456 999 596 1076 tangam
624 976 801 1054 columnas
828 979 949 1072 quibus
998 979 1109 1053 sortes
1134 977 1252 1052 infide
1283 1006 1293 1046 s
1321 976 1405 1051 nihil
1432 995 1619 1048 verentes.
1643 978 1805 1051 Scientts

139 1069 256 1146 omnis
282 1071 436 1175 imminet
457 1079 576 1152 domus
590 1104 600 1148 a
614 1100 653 1151 ut
681 1075 826 1152 recliner
851 1076 952 1174 super
999 1078 1143 1149 eandem
1162 1079 1348 1172 passionem
1366 1077 1398 1149 ei
1411 1072 1468 1169 qui
1491 1071 1526 1142 iu
1542 1073 1729 1150 mundoell
1742 1098 1805 1148 ve·

83 1185 105 1256 5
139 1169 252 1239 ²²⁸&
268 1175 443 1265 paululum
460 1176 696 1270 requiescam.
726 1178 860 1250 Dornu's
887 1199 948 1250 au·
977 1175 1062 1268 yslre
1075 1175 1282 1250 fraternitati
1309 1174 1409 1250 fieri·
1436 1169 1531 1241 Deus
1546 1189 1662 1244 autem
1688 1171 1800 1270 omnis
1922 1207 1926 1213 ⁷

138 1283 213 1338 tem
232 1268 422 1358 plenaerat
450 1275 605 1350 virorum
621 1300 659 1348 ac
671 1272 850 1348 mulierum
877 1303 886 1342 ι
911 1274 949 1344 &
999 1271 1109 1368 gratie
1136 1277 1194 1369 qui
1222 1273 1362 1347 votavit
1383 1293 1447 1345 vos
1476 1267 1509 1340 in
1539 1287 1690 1346 eternam
1715 1269 1806 1362 suam
1833 1273 1884 1351 da

134 1383 238 1437 erant
267 1367 316 1445 ibi
347 1397 464 1447 omnes
512 1374 658 1469 rineipes
676 1369 950 1448 Philistinorum:
1002 1366 1150 1484 gloriam
1181 1370 1215 1442 in
1231 1366 1368 1443 Christo
1378 1367 1454 1451 lesu
1480 1364 1648 1443 modicum
1676 1367 1808 1461 passura
1897 1385 1899 1390 '

137 1485 183 1534 ²⁶
208 1465 255 1535 de
276 1471 376 1548 testo
388 1475 424 1544 δι
448 1401 575 1548 solario
603 1472 744 1546 circiter
757 1469 827 1545 tria
842 1466 948 1544 millia
1001 1465 1074 1562 rpse
1089 1466 1273 1564 perficiet.
1287 1463 1527 1540 Confirmabitt
1544 1461 1727 1543 solidabit:
1744 1464 1807 1562 ipfi

136 1561 315 1656 utriusque
358 1569 494 1642 sexus:
534 1567 732 1663 spedabant
770 1565 952 1640 ludentem
1001 1557 1590 1660 imperiuminseculaseculorum.

61 1678 107 1732 10
139 1659 310 1738 Samson.
345 1670 395 1739 At
424 1663 482 1738 ille
513 1666 678 1742 invocato
696 1667 849 1742 Domino
876 1663 952 1739 ait·
1052 1669 1255 1758 BnAmen.
1536 1665 1541 1746 j

137 1756 296 1837 Domine
317 1769 412 1839 Deus
438 1785 614 1839 memento
641 1767 707 1839 mei
737 1794 747 1832 ι
779 1768 813 1838 dt
845 1762 952 1837 redde
1836 1759 1885 1854 ὅς

138 1856 228 1928 mihi
265 1886 351 1938 nunc
383 1862 553 1957 pristinam
581 1864 826 1940 fortitudinem
854 1864 951 1935 Deus
1049 1864 1162 1936 cestro
1176 1863 1289 1937 sanda·
1303 1858 1481 1962 Evangelii
1497 1859 1683 1951 strandum
1699 1859 1811 1952 'joan-

140 1977 242 2030 meus
258 1979 299 2034 ut
322 1957 462 2037 ulciscar
472 1983 527 2034 me
549 1963 592 2036 de
606 1963 757 2038 hostibus
772 1961 879 2038 meis.
905 1960 948 2033 Et
1001 1982 1100 2034 nen.
1122 1961 1438 2062 132.Deogratias·
1641 1966 1810 2056 caprffl.

143 2076 215 2148 pro
228 2058 401 2133 amiffione
415 2059 565 2136 duorum
578 2060 762 2135 luminum
785 2081 885 2132 unam
896 2053 949 2128 ul·
1065 2059 1129 2136 Llo
1146 2062 1179 2132 in
1193 2081 1380 2158 tempore·
1403 2059 1572 2135 Dominus
1585 2053 1805 2136 nosterlesus

64 2165 107 2238 15
143 2151 280 2230 tionem
306 2155 495 2251 recipiam·
522 2159 565 2232 Et
589 2159 847 2254 apprehendens
870 2173 974 2230 am·⁴
1074 2160 1225 2235 Chrillus
1241 2160 1338 2233 venir
1366 2159 1402 2231 in
1420 2157 1584 2254 templum
1609 2183 1618 2224 ι
1640 2160 1676 2229 &
1692 2154 1803 2231 omnis

144 2249 206 2322 bas
229 2251 402 2328 columnas
433 2283 444 2325 s
469 2257 591 2350 quibus
608 2257 804 2334 imminebat
831 2257 951 2337 domus
1001 2254 1149 2353 populus
1167 2257 1263 2331 venit
1279 2260 1322 2332 ad
1338 2280 1439 2330 eum·
1462 2257 1505 2328 Et
1520 2255 1638 2330 sedens
1660 2255 1807 2328 docebat
1837 2273 1885 2348 70

143 2344 646 2446 alteramqueearumdextera
671 2359 706 2430 dt
734 2353 877 2429 alteram
901 2351 953 2427 le·
1001 2380 1090 2430 eos.
1120 2356 1305 2430 Adducunt
1334 2373 1447 2430 autem
1476 2353 1639 2434 scribe&
1668 2348 1814 2446 pharisei

146 2471 196 2520 va
234 2470 357 2523 tenens
386 2453 436 2524 ait
464 2498 475 2521 ·
507 2452 681 2528 Moriatur
702 2453 813 2530 anima
838 2475 955 2528 meu
1003 2452 1182 2534 mulierem
1210 2455 1244 2526 in
1266 2451 1440 2530 adulterio
1464 2448 1712 2548 deprehensam
1737 2465 1750 2519 ι·
1776 2449 1813 2520 dt

143 2564 225 2619 cum
265 2546 482 2625 Philistiim·
522 2551 769 2645 Concussisque
808 2550 952 2628 sortiter
1000 2553 1191 2626 statuerunt
1205 2574 1279 2628 eam
1296 2552 1331 2626 in
1344 2549 1461 2624 medio
1482 2579 1491 2618 ι
1516 2547 1728 2624 &dixerunt
1751 2543 1810 2618 ei.

66 2657 116 2710 20
144 2641 318 2719 columnis
343 2673 353 2714 a
384 2646 511 2720 cecidit
550 2650 669 2725 domus
697 2651 798 2745 snper
814 2669 952 2725 ,omnes
1002 2648 1166 2746 Magister
1189 2651 1255 2722 hec
1270 2646 1391 2726 mulier
1412 2649 1519 2724 modo
1538 2643 1751 2742 deprehensa
1765 2641 1814 2716 eli

144 2741 371 2838 principes&
387 2762 540 2820 ceteram
552 2745 810 2822 multitudinem
822 2772 890 2843 que
903 2746 952 2820 ibi
1002 2747 1037 2821 in
1051 2744 1225 2823 adulterio
1241 2795 1253 2818 .
1274 2749 1315 2820 ln
1332 2745 1413 2844 lege
1427 2766 1541 2822 autem
1556 2743 1699 2839 Moyses
1715 2764 1809 2832 111111·
1837 2760 1884 2838 75

146 2860 223 2913 erat
256 2887 269 2910 .
303 2838 487 2935 Multoque
523 2842 640 2939 plures
669 2845 845 2922 interfecit
876 2869 953 2919 mo·
1002 2843 1098 2920 davit
1115 2845 1215 2920 nobis
1238 2843 1431 2931 hujusmodi
1444 2842 1595 2940 lapidare
1625 2859 1698 2915 atu
1722 2862 1810 2936 ergo

144 2938 270 3010 tiens:
296 2961 396 3032 quam
413 2957 513 3012 antea
538 2943 851 3019 vivusocciderat.
879 2939 954 3014 Dc·
1001 2942 1211 3037 quiddicis?
1238 2945 1313 3016 Hec
1340 2959 1456 3015 autem
1481 2942 1642 3016 dicebant
1672 2954 1811 3011 tentan-

144 3033 348 3108 scendentes
361 3057 477 3111 autern
492 3035 613 3113 fratres
629 3048 703 3127 ejus
728 3069 738 3110 a
764 3043 800 3113 dt
814 3041 955 3115 uuiver-
1003 3062 1055 3115 tes
1069 3065 1148 3115 eum
1180 3069 1191 3110 s
1219 3058 1260 3113 ut
1276 3041 1411 3136 pollent
1426 3038 1583 3112 accusare
1597 3059 1675 3111 eum
1691 3033 1807 3132 desua

69 3145 117 3218 25
149 3133 361 3230 sacognatio
386 3131 538 3208 tulerunt
558 3144 770 3234 corpusejus
793 3141 829 3211 dt
853 3137 950 3231 sepe·
1001 3157 1113 3213 autem
1127 3137 1291 3214 inclinans
1304 3134 1515 3210 sedeorsum
1545 3162 1556 3203 a
1582 3133 1699 3232 digito
1726 3131 1810 3237 scri·

147 3226 272 3304 lierunt
298 3233 334 3304 in
363 3251 456 3306 terra
477 3227 536 3306 sus
563 3237 597 3307 in
618 3232 751 3308 Asthaol
777 3235 812 3308 in
838 3234 951 3330 sepul·
1000 3237 1102 3310 bebat
1132 3236 1166 3309 in
1193 3255 1286 3310 terra
1314 3281 1325 3303 ·
1350 3234 1439 3312 Cum
1464 3251 1594 3313 autem¹
1611 3231 1808 3328 persevera·
1835 3231 1885 3310 80

148 3329 235 3401 chro
248 3328 419 3423 patrissui
430 3329 558 3404 Manue
571 3333 830 3430 ·ludicavitqne
847 3327 949 3408 Israel
1001 3354 1077 3408 rent
1096 3335 1349 3431 interrogantes
1362 3355 1439 3409 eum
1457 3361 1466 3403 a
1482 3329 1595 3406 erexit
1611 3331 1644 3408 se
1668 3329 1808 3404 &dixit

147 3425 276 3521 viginti
291 3429 414 3501 annis.
445 3436 642 3522 lja-Arnen.
999 3434 1072 3508 eis.
1102 3433 1172 3526 Qi
1184 3435 1253 3508 sne
1280 3447 1426 3528 peccato
1450 3431 1498 3503 cll
1523 3431 1671 3506 vestrum
1700 3455 1710 3496 ι
1735 3428 1807 3525 pri·

171 3528 298 3635 ‘Dicat
318 3522 439 3600 ansb.
461 3527 630 3606 Dominus
658 3534 700 3609 fit
729 3529 862 3628 semper
886 3553 952 3608 vo·
1000 3557 1078 3607 mus
1092 3533 1127 3604 in
1141 3528 1232 3606 illam
1248 3527 1397 3626 lapidem
1421 3529 1564 3604 mittat·
1594 3526 1806 3601 Etiterunia

72 3641 119 3711 30
146 3619 297 3694 brscum.
903 3695 911 3716 ,
1001 3632 1036 3704 se
1063 3630 1226 3708 inclinans
1255 3627 1421 3702 scribebat
1449 3627 1485 3700 in
1511 3643 1605 3702 terra
1623 3674 1633 3697 .
1654 3625 1810 3699 Audien·
1914 3628 1917 3632 ’

195 3734 245 3816 ξι.
260 3721 303 3796 Et
317 3745 393 3828 cum
407 3723 529 3821 spiritu
544 3748 635 3806 tuo.
721 3788 725 3794 .
1001 3748 1056 3803 tes
1096 3719 1212 3805 autern
1249 3749 1334 3798 unus
1361 3724 1437 3820 poll
1459 3747 1562 3798 unum
1593 3721 1731 3797 exibant
1758 3721 1809 3793 in·
1836 3723 1882 3818 8¹5

508 3887 514 3898 .
999 3826 1219 3920 cipientes.a
1249 3820 1438 3896 senioribus
1468 3850 1477 3890 s
1505 3825 1541 3895 δι
1568 3822 1724 3896 remansit
1751 3817 1810 3893 so-

475 3929 629 4002 Tramas.
1000 3921 1056 3998 lus
1083 3956 1092 3994 ι
1122 3925 1157 3996 dt
1183 3918 1306 3996 mulier
1326 3919 1361 3992 in
1389 3917 1501 3992 medio
1530 3919 1639 4012 stans.
1664 3918 1830 4014 Erigens,

252 4021 357 4096 Udite
373 4022 514 4098 obsecro
527 4048 645 4101 omnes
670 4054 680 4097 a
701 4028 736 4098 dt
749 4024 871 4100 videte
887 4022 952 4096 do⁴
1003 4042 1118 4097 autem
1134 4019 1271 4100 selesus
1287 4015 1376 4092 dixit
1401 4016 1459 4089 ei.
1488 4013 1617 4104 Mulier
1631 4044 1640 4104 a
1654 4015 1711 4087 ubi
1728 4015 1806 4088 sunt
1883 4076 1888 4088 .

77 4130 118 4204 35
263 4119 373 4196 lorem
391 4123 951 4216 meumquiairatusestsupermc
1002 4121 1061 4220 qui
1088 4140 1135 4194 te.
1152 4117 1381 4198 accusabant?
1405 4114 1522 4188 Nemo
1544 4131 1580 4186 te
1601 4113 1809 4188 condemna·

150 4217 244 4289 Dens
282 4218 719 4315 propterimulritudiuem
760 4217 953 4315 iniquitatis
1004 4222 1085 4297 vit·
1116 4225 1195 4314 Qe
1224 4216 1341 4291 dixit·
1370 4211 1486 4288 Nemo
1499 4211 1678 4286 Domine.
1707 4211 1807 4284 Dixit
1832 4237 1883 4310 90
1958 4223 1960 4240 ‘

151 4336 251 4387 mee.
276 4314 542 4412 d.Complevir
558 4322 715 4397 furorem
735 4321 828 4394 suum
849 4319 883 4390 in
897 4340 951 4390 me
1001 4314 1247 4398 autemlesus'.
1271 4313 1346 4386 Nec
1376 4333 1448 4407 ego
1478 4325 1516 4382 te
1542 4310 1808 4387 condemnabo.

152 4410 321 4490 &effudit
345 4416 428 4489 iram
444 4416 688 4514 indignationis
713 4420 770 4492 sue
798 4443 809 4486 a
837 4419 872 4486 dt
887 4441 952 4508 op·
1001 4417 1097 4491 Vade
1115 4421 1150 4492 ἃ
1166 4409 1308 4511 amplius
1321 4415 1389 4498 iam
1405 4403 1478 4488 noli
1492 4431 1660 4501 peccare.
1703 4435 1704 4438 ¹

150 4509 954 4610 preffitmeamaritudine.pb.8ed&cumcla·
1015 4529 1106 4607 ⁴132·
1123 4521 1265 4590 Amen.
1453 4577 1455 4584 ,

77 4624 124 4696 40
150 4630 291 4683 mavero
330 4615 373 4684 ad
412 4635 530 4684 tuma
569 4609 712 4691 exclusit
754 4607 953 4690 orationem
1053 4616 1154 4688 Dicat
1175 4607 1352 4687 vresbr'rer
1371 4652 1382 4677 .
1404 4603 1577 4684 Dominus
1601 4601 1645 4678 sit
1674 4601 1810 4699 semper

152 4727 288 4780 meam.
536 4758 582 4781 ,ι
907 4757 913 4770 ·
1007 4703 1214 4790 vobiscum·
1833 4733 1882 4810 95

200 4804 303 4879 Dicar
317 4804 438 4881 Presb.
452 4805 633 4884 Silentium
646 4809 751 4887 facite
767 4815 780 4881 .'
1055 4827 1105 4907 ga.
1123 4815 1257 4886 Etcum
1275 4801 1392 4900 spiritu
1406 4823 1494 4881 tuo.
1571 4879 1576 4886 ,
1724 4881 1727 4890 ,

1003 4917 1007 4924 ’
1053 4902 1393 4983 lauda.Confitebor
1406 4901 1567 4978 Domino
1582 4898 1680 4974 nimis
1697 4899 1811 4973 inore

201 5007 379 5098 Sequentia
395 5001 532 5103 Epistola
546 5004 835 5103 Petrr‘Apasiola'i
1005 5030 1106 5082 meos
1117 5005 1150 5076 in
1165 5002 1281 5078 medio
1296 4998 1483 5080 multorum
1499 4997 1645 5075 laudabo
1661 5021 1763 5074 euru.

79 5101 472 5210 45132·Deogratias.
797 5105 956 5200 ΗΜ.
996 5139 1000 5144 »
1053 5097 1438 5176 Ῥνεεει.Ρειιὶιειιιει.

251 5199 422 5275 Harrffimi
453 5201 578 5274 subditi
603 5204 713 5280 ellote
740 5201 956 5280 senioribus·
1058 5197 1289 5284 sacrficium.
1304 5196 1442 5272 Offerte
1456 5199 1631 5276 Domino·
1845 5223 1916 5276 roo

260 5299 389 5374 Omnes
414 5319 527 5376 autem
558 5299 706 5377 invicem
730 5300 959 5378 humilitatem
1052 5365 1057 5370 Α

153 5392 321 5467 insinuate
348 5426 358 5464 ι
385 5399 463 5494 quia
489 5398 586 5472 Deus
615 5399 767 5496 superbis
797 5398 916 5476 refistit
947 5425 958 5465 a
1056 5405 1169 5500 Quare
1184 5401 1218 5472 in
1231 5402 1289 5470 W.
1296 5397 1389 5490 feria
1406 5405 1433 5473 Ι.
1446 5395 1646 5473 hebdomade
1658 5389 1817 5492 Qadrc·

155 5489 336 5565 humilibus
364 5515 478 5570 autem
507 5497 567 5570 dat
598 5491 742 5596 gratiam
764 5548 774 5571 .
799 5493 966 5574 Humilia·
1008 5495 1316 5591 gcfinrefoldclx.

83 5612 125 5682 50
154 5588 235 5664 mini
264 5590 374 5686 igitur
404 5594 463 5666 sub
490 5603 632 5690 potenti
660 5597 728 5669 Dei
759 5619 859 5672 manu
889 5624 898 5662 ε
927 5610 965 5664 ut
1360 5587 1480 5685 Miffa.

153 5712 219 5763 vos
248 5685 382 5762 exaltet
408 5691 614 5784 intempore
636 5695 846 5768 vidrationis
877 5691 960 5763 sues
1116 5690 1274 5788 Ngentes
1290 5689 1371 5766 oleo
1381 5687 1609 5764 misericordie
1619 5702 1721 5782 caput
1734 5705 1819 5782 corq
1848 5713 1915 5786 105

153 5807 290 5860 omnem
304 5783 551 5863 solicitudinem
573 5794 715 5866 vestram
734 5790 962 5886 projicientes
1018 5841 1021 5849 ·
1126 5789 1179 5862 dis
1207 5790 1335 5862 interni
1365 5790 1490 5862 fratres
1529 5784 1710 5861 charissimi
1742 5811 1752 5852 s
1779 5782 1816 5852 δι

152 5884 187 5957 in
201 5906 279 5956 eurn
306 5911 317 5952 a
346 5885 508 5974 quoniam
529 5887 684 5979 ipsicura
700 5891 748 5962 cll
772 5893 816 5961 de
834 5890 960 5962 vobis.
1009 5886 1131 5967 mentis
1152 5885 1270 5960 faciem
1286 5885 1467 5983 spiritualis
1500 5915 1510 5955 a
1541 5906 1641 5982 atque
1669 5882 1819 5954 nitores

151 5979 271 6058 Sobrii
287 5983 424 6061 estote.
446 5980 603 6082 Vigilate
624 6014 633 6056 ι
653 5985 733 6082 quia
748 5985 962 6072 aduersarius
1010 5985 1214 6060 mundantes
1251 5983 1464 6084 acceptabile
1493 5985 1576 6063 Deo
1617 5979 1819 6064 sacrificium

1743 6099 1823 6176 pre·
