4450 7209
272 688 352 787 ²3⁶
694 692 951 774 DOMINICA
977 689 1029 763 ΙΝ
1053 686 1258 766 OCTAVA
1286 683 1498 759 raserit.

1135 785 1188 859 bis
1204 781 1385 860 &famulis
1402 784 1471 856 tuis
1483 780 1636 860 exaudiri
1649 783 1741 879 apud
1755 803 1795 858 te
1810 807 1943 861 merea·
1975 808 2015 879 55

564 887 656 963 Alia
670 894 815 967 orario.
1134 909 1232 959 ruura
1250 903 1321 957 tam
1337 907 1403 976 pro
1426 881 1621 960 viventibus
1637 907 1647 950 ε
1662 906 1761 981 quam
1794 910 1866 980 pro
1884 885 1948 957 de·

198 1024 201 1028 ·
1135 978 1459 1059 fundissidelibur.

227 1101 249 1177 5
277 1079 488 1269 INgeniti
503 1082 679 1176 genitoris
697 1085 818 1184 genite
846 1085 896 1162 fili
926 1113 936 1157 a
963 1083 1083 1181 quiin
1183 1082 1389 1174 Mmen.

355 1207 403 1256 eo
425 1182 527 1257 nobis
557 1183 628 1256 diei
661 1184 761 1272 hujus
786 1182 904 1259 octavi
931 1205 1083 1259 renovas

219 1312 224 1319 ·
276 1277 483 1355 cuitumsin
499 1303 568 1374 quo
583 1301 619 1355 te
632 1278 876 1378 discipulorum
889 1280 1083 1378 aspectibus
1356 1276 1723 1376 Adparent-oratio:
1966 1280 2012 1354 60

276 1375 386 1451 hodie
415 1378 575 1474 prebuisii
602 1375 810 1475 palpandum
837 1426 849 1449 ·
878 1380 970 1455 Nam
1003 1377 1084 1452 licet

278 1473 338 1545 bic
364 1473 437 1549 dies
457 1475 498 1549 tit
525 1475 623 1571 prior
652 1502 713 1571 pre
739 1478 864 1555 ceteris
894 1478 1081 1555 conditura
1235 1472 1350 1547 Hride
1365 1472 1433 1549 Dei
1447 1468 1633 1567 filiusrqui
1655 1468 1823 1548 obseratis
1854 1467 1941 1544 serit

207 1589 254 1648 ιο
280 1570 429 1648 oslarus
453 1575 529 1669 post
544 1571 674 1669 septem
702 1576 849 1650 efficitur
871 1573 1083 1652 revolutus.
1244 1575 1286 1645 ad
1299 1571 1484 1669 discipulos
1497 1571 1831 1646 intrasseternaeos
1852 1591 1943 1666 pace
1966 1659 1972 1662 Π

283 1673 370 1762 Qu
388 1669 458 1764 ipse
488 1671 572 1744 stcut
600 1671 1083 1770 ammirabiliteresepulchro
1133 1671 1460 1766 confirmasaprebe
1473 1669 1507 1740 in
1523 1669 1575 1739 hir
1585 1663 1851 1741 solennitatibus
1872 1666 1940 1738 ob·
2003 1716 2006 1723 -

194 1804 207 1872 3
282 1769 458 1845 surrexisti
472 1794 491 1842 a
507 1769 655 1845 mortuis
670 1799 679 1841 a
696 1771 744 1850 ita
756 1771 798 1846 ad
810 1769 996 1870 discipulos
1010 1773 1083 1845 iue-
1132 1765 1288 1861 sequenti
1307 1787 1446 1844 caterve
1462 1792 1473 1833 a
1490 1766 1525 1839 dc
1541 1763 1722 1839 simultatis
1738 1765 1869 1840 vicium
1882 1766 1940 1837 fu·
1965 1770 2006 1861 65

281 1863 495 1941 ssimabiliter
528 1869 662 1943 intrasti
681 1870 791 1955 ianuis
807 1866 996 1947 obseratis.
1014 1868 1085 1941 lni-
1134 1890 1218 1963 gare
1236 1892 1245 1934 a
1260 1867 1296 1939 δι
1311 1863 1490 1940 charitatis
1519 1885 1605 1937 uere
1630 1864 1859 1937 concordiam
1874 1885 1942 1939 ve·

269 1967 369 2040 tium
388 1963 552 2041 videlicet
570 1966 690 2063 pasche
706 1995 716 2037 a
730 1992 768 2041 ac
785 1972 890 2043 finem
915 1990 1084 2043 exornans
1135 1962 1261 2037 raciter
1291 1965 1474 2037 retinere·
1504 1964 1586 2050 Quo
1604 1961 1657 2033 tui
1684 1957 1845 2056 discipuli
1876 1983 1943 2055 per

209 2077 255 2156 15
283 2065 447 2163 congruis
466 2066 702 2140 sacramentis:
720 2087 796 2142 cum
813 2068 848 2138 &
862 2066 1086 2140 Resurrediio
1135 2058 1358 2137 diledrionem
1389 2058 1504 2134 effesii
1519 2086 1529 2128 t
1546 2054 1613 2130 illie
1643 2057 1782 2153 perusia
1793 2152 1800 2168 ⁶
1813 2056 1940 2154 pasche

284 2182 343 2237 tua
357 2165 549 2236 custodibus
568 2183 741 2237 terrorem
756 2165 928 2239 incuteret
943 2193 953 2235 a
968 2168 1003 2238 dr
1018 2187 1088 2239 ma·
1136 2156 1286 2237 solennia
1303 2158 1477 2234 sacrificiis
1489 2156 1703 2231 honoremus
1719 2181 1729 2224 a
1743 2156 1867 2249 qurbus
1884 2153 1949 2250 ipsi

190 2302 195 2319 ι
287 2261 463 2335 uisrsiatio
490 2259 733 2354 discipulorum
755 2261 861 2335 corda
877 2264 979 2338 dubia
1004 2285 1087 2333 con·
1136 2254 1487 2352 purificarianostris
1504 2252 1700 2331 criminibus
1726 2276 1948 2329 mereamur·
1969 2285 2047 2360 70,

287 2359 464 2432 sottaret.
490 2357 680 2442 Quesumus
705 2384 796 2455 ergo
811 2378 849 2432 ut
873 2386 937 2437 nos
967 2360 1019 2432 his
1036 2359 1089 2432 sa·
1139 2368 1190 2450 15t·
1206 2357 1348 2432 Auen.

203 2502 207 2510 -
286 2456 469 2532 eramentis
497 2456 672 2530 imbutosa
704 2458 791 2531 fides
818 2478 883 2549 qua
915 2477 952 2531 te
980 2456 1092 2531 credi·

207 2566 259 2626 πο
287 2575 360 2627 mus
379 2576 389 2625 a
406 2554 478 2648 posi
496 2554 578 2626 iilud
606 2552 757 2632 seculum
775 2555 839 2629 tibi
871 2555 1089 2651 representet
1477 2552 1626 2628 tuturo.

287 2648 440 2724 inlesos.
464 2647 605 2724 Nullum
632 2651 730 2725 nobis
755 2654 799 2724 dc
831 2670 867 2725 te
897 2651 1091 2748 scrupulum

192 2784 198 2795 ·
286 2747 518 2822 dubitationis
534 2775 544 2817 r
560 2749 780 2844 errorisque:
806 2768 866 2825 aut
888 2754 1003 2824 ocium
1030 2776 1092 2846 pa·
1254 2749 1378 2848 ignum
1391 2750 1427 2824 dc
1442 2750 1568 2838 jussura
1585 2749 1634 2822 esi
1661 2773 1726 2824 nos
1740 2746 1802 2822 tibi
1821 2744 1949 2844 gratias
1969 2772 2008 2848 75

207 2853 213 2869 ‘
284 2845 354 2922 riat
373 2865 453 2919 :aut
467 2847 613 2938 questio
635 2845 769 2920 incauta
804 2849 983 2921 enutriat.
1007 2850 1091 2920 Ser·
1262 2874 1389 2946 ageres
1409 2848 1555 2925 Domine
1569 2845 1691 2920 Sancte
1713 2849 1948 2921 Patereterne

287 2945 382 3018 vain
400 2944 538 3056 nomine
553 2963 618 3019 tuo
635 2967 742 3039 equos
766 2946 933 3018 redemisti
952 2944 1089 3044 sangui·
1138 2948 1358 3041 omnipotens
1376 2944 1471 3017 Deus
1502 2976 1513 3017 e
1546 2970 1611 3040 per
1634 2942 1748 3024 lesum
1774 2945 1945 3055 Christum

208 3060 257 3138 ²⁵
287 3039 1089 3237 ltnt‘t‘rtsnizl‘tsszs”bf‘trgssslt
1140 3042 1945 3238 llll-‘isstsitsfjtsltltmnstra}
1997 3182 2000 3187 ,

237 3302 241 3307 .
286 3235 500 3334 ingredere.
527 3238 603 3315 Elio
617 3239 749 3335 semper
765 3240 798 3310 in
816 3239 933 3314 medio
961 3239 1065 3313 nosiri
1078 3266 1089 3308 s
1140 3239 1175 3312 in
1189 3237 1428 3313 humilitates&
1446 3236 1813 3325 maiesiaremDeitatis
1828 3241 1940 3310 osten·
1965 3245 2005 3317 80

286 3338 347 3433 qui
367 3333 473 3410 hodie
487 3357 606 3429 pacem
624 3339 784 3410 nuncians
798 3336 1038 3434 discipulorum
1055 3339 1088 3408 in
1139 3339 1281 3410 dentem
1307 3338 1339 3408 in
1357 3339 1472 3407 divina
1489 3336 1654 3412 virtute·
1681 3334 1752 3418 Qui
1768 3357 1831 3428 per
1854 3335 1946 3407 infir·

284 3435 402 3511 medio
427 3432 555 3508 astitisti
577 3482 589 3507 .
615 3436 753 3532 Quique
783 3433 897 3507 ineis
922 3435 1087 3508 insufflasti
1139 3435 1294 3509 mitatem
1312 3434 1423 3508 carnis
1453 3435 1540 3506 mori
1560 3432 1788 3530 dignatusest
1809 3461 1819 3502 a
1838 3433 1873 3505 dr
1891 3454 1948 3501 re·

208 3547 259 3632 30
289 3530 447 3628 spiritum
462 3529 534 3603 vite
553 3559 563 3602 a
581 3533 680 3608 nobis
708 3528 833 3628 largire
847 3532 998 3618 crustam
1023 3533 1092 3631 spi·
1139 3533 1300 3606 surrexit·
1322 3557 1384 3625 per
1401 3529 1552 3605 divinam
1568 3530 1718 3624 Spiritus
1733 3528 1850 3601 sancti
1876 3527 1947 3600 vir·

286 3631 379 3705 ritus
404 3626 710 3707 consolationem.
735 3632 843 3718 Quod
874 3631 1001 3706 sacrum
1029 3657 1091 3724 pa·
1141 3649 1278 3704 turem·
1309 3628 1379 3722 Qui
1402 3625 1556 3724 pluribus
1573 3630 1687 3701 modis
1715 3626 1880 3700 &mustis
1895 3649 1948 3697 ar·
1997 3698 2000 3703 ,

199 3814 207 3829 ,
286 3724 367 3799 scba
382 3725 476 3819 quod
489 3724 640 3804 evolutis
654 3727 930 3823 septem'dierum
942 3728 1089 3805 cursibus
1134 3724 1312 3826 gumebtis
1326 3727 1360 3799 se
1376 3724 1547 3820 discipulis
1559 3726 1627 3798 suis
1643 3722 1942 3799 vivumexiribuin
1964 3735 2008 3824 ες

287 3821 566 3898 immolavimusa
589 3829 689 3912 huius
702 3824 835 3904 oslaro
857 3827 1090 3900 dieicurricu·
1139 3845 1176 3900 ut
1207 3823 1345 3898 rideris
1368 3829 1493 3921 tangis
1515 3822 1722 3917 tradarique
1750 3823 1945 3916 potuisset:

286 3918 326 3995 lo
348 3920 496 4016 presenti
525 3923 694 3998 sacrificio
722 3926 1011 4000 consummemus.
1042 3929 1086 3998 Ut
1139 3948 1182 3996 ne
1200 3926 1402 3997 crederetur
1414 3922 1570 4016 assumpti
1590 3920 1739 3996 hominis
1754 3943 1892 3994 carnem
1909 3919 1944 3990 in

210 4039 257 4114 35
289 4018 325 4093 in
339 4022 407 4096 hoc
432 4021 489 4093 die
504 4048 523 4095 a
538 4048 609 4117 quo
628 4022 900 4099 Resurredionis
915 4044 972 4095 tue
990 4025 1086 4118 cepi·
1138 4022 1258 4095 inseris
1277 4019 1465 4118 reliquisse.
1493 4021 1563 4110 Qi
1580 4018 1708 4096 osiavo
1740 4018 1799 4089 die
1828 4017 1942 4092 resur·

284 4139 358 4191 utus
374 4114 538 4191 excolere
551 4121 763 4211 mysteriums
781 4121 949 4216 presentis
963 4119 1086 4215 pasche
1137 4121 1302 4195 reslionis
1324 4120 1490 4216 sueapro
1515 4120 1813 4194 metuludeoruru
1839 4115 1941 4189 disci·
1997 4161 2000 4167 -

193 4262 201 4307 4
289 4235 494 4308 peragamus
511 4215 706 4315 legitimum
722 4217 992 4294 sacramentum.
1141 4216 1228 4312 pulis
1254 4217 1348 4291 domi
1386 4216 1497 4302 ianuis
1522 4212 1640 4288 claufis
1671 4214 1831 4310 apparuit
1864 4244 1874 4284 a
1905 4214 1939 4283 δι
1960 4243 2005 4308 90

289 4324 339 4404 Β.
352 4315 470 4385 Amen
486 4355 497 4380 .
1141 4338 1280 4390 omnem
1292 4315 1519 4388 diffidentiam
1541 4316 1583 4385 ad
1597 4315 1709 4388 nosire
1722 4311 1938 4384 credulitatis

1141 4411 1297 4508 exempla
1320 4412 1518 4485 desiruxit.
1543 4412 1611 4484 Hic
1628 4434 1707 4483 cum
1733 4409 1941 4503 improvisus

488 4503 567 4594 ‘Post
582 4511 714 4585 meina
728 4560 739 4584 .
755 4515 896 4587 orario.
1142 4507 1175 4583 in
1190 4511 1305 4586 medio
1324 4508 1645 4586 circumsedentium
1662 4529 1843 4606 appareret
1854 4534 1864 4575 a
1877 4534 1943 4605 pu·

610 4608 621 4615 ”
1133 4611 1263 4685 -tabaut
1285 4632 1407 4683 omnes
1438 4610 1473 4682 se
1500 4609 1657 4705 spiritum
1683 4630 1855 4684 cernere:
1883 4610 1942 4704 qui
2002 4648 2006 4657 ·

207 4538 260 4611 40

237 4798 239 4805 y
291 4700 388 4876 D
403 4701 458 4777 ies
473 4702 554 4780 isloc
567 4658 718 4781 llotuine
739 4731 828 4804 quos
849 4707 882 4781 in
897 4707 1011 4783 leticia
1035 4732 1092 4782 ce·
1142 4711 1244 4803 porus
1277 4705 1397 4785 clausit
1426 4707 1537 4794 ianuis
1566 4705 1713 4781 introire
1738 4752 1750 4775 ·
1783 4709 1941 4790 Quorum
1959 4726 2003 4800 95

202 4801 209 4816 “
412 4801 772 4883 lebramusChrisiitui
785 4805 1091 4904 Resurtesiioglo-
1140 4830 1216 4881 cum
1236 4809 1342 4881 corda
1367 4807 1504 4883 turbata
1520 4807 1747 4902 previderet:
1764 4802 1856 4879 illum
1887 4806 1943 4878 su·

295 4898 384 4971 riosa
416 4902 775 4999 depinxitsnobisque
800 4905 833 4975 in
861 4908 1089 5003 generatione
1141 4905 1269 4997 perflua
1294 4906 1403 5002 priori
1432 4900 1664 4979 sollicitudine
1691 4923 1943 5000 pernegantem

210 5021 259 5096 45
291 5015 460 5091 perpetua
480 4997 705 5080 celebrandos
721 5002 876 5076 dodrina
892 5002 1091 5099 Apostolica
1141 5003 1236 5074 affari
1263 5003 1422 5102 dignatus
1448 5005 1533 5076 esi·
1566 5006 1612 5078 llt
1640 4999 1726 5076 latus
1750 5004 1941 5096 perfossum

81 5121 114 5127 ··
235 5195 237 5199 ἢ
289 5091 501 5187 dereliquit.
531 5099 689 5173 Asiantes
711 5120 894 5196 ergoante
913 5125 1005 5174 tuam
1018 5126 1090 5174 ma·
1141 5097 1455 5174 lancearmanibus
1481 5100 1680 5174 attrediaret
1710 5130 1720 5172 a
1749 5102 1785 5172 dt
1812 5102 1942 5176 fixuras
2000 5144 2005 5157 ·

183 5267 188 5278 ,
289 5192 445 5279 §estatem
473 5191 733 5269 clementissime
762 5199 869 5270 Pater
892 5199 1014 5293 pascha
1041 5198 1090 5270 le·
1139 5195 1322 5274 clavorum
1356 5198 1390 5270 in
1431 5196 1497 5271 suia
1523 5197 1643 5293 palmis
1675 5197 1867 5295 aspiceret·
1895 5202 1941 5274 Ut
1963 5217 2023 5274 100

290 5289 454 5385 gitimum
482 5292 736 5386 frequentamus
764 5295 830 5364 a&
846 5313 884 5365 ur
913 5296 1088 5372 nobiscum
1138 5320 1209 5368 non
1239 5293 1431 5392 perniciosa
1456 5296 1698 5385 incredulitate
1723 5295 1941 5371 tabescereta

291 5388 335 5461 sit
356 5385 498 5482 sponsus
509 5407 650 5467 eternus
674 5388 749 5487 iugi
767 5391 1010 5481 obsecratione
1026 5395 1087 5466 de·
1138 5394 1196 5465 sed
1235 5394 1339 5470 celeri
1370 5395 1584 5469 consessione
1628 5397 1841 5494 gauderet.
1875 5396 1943 5468 luo

210 5514 260 5584 5⁰
291 5484 485 5583 poscimur.
517 5488 622 5587 Eripe
649 5489 761 5582 itaque
786 5512 850 5562 not
877 5489 1087 5568 &familiam
1138 5490 1473 5588 proindeaquicum
1493 5495 1628 5567 viderer
1643 5494 1789 5566 credidit
1818 5522 1829 5564 s
1863 5495 1944 5569 bea·

289 5601 384 5656 tuam
406 5585 447 5658 ab
462 5583 700 5683 iniquitatibus
726 5586 856 5660 cunctis
870 5616 879 5658 a
894 5590 936 5661 ab
952 5588 1088 5664 scanda·
1139 5593 1248 5666 tiores
1264 5588 1342 5667 illos
1354 5590 1411 5684 qui
1433 5613 1499 5661 non
1513 5591 1675 5665 vidissent
1690 5590 1940 5666 credidiffeuta
1993 5610 1998 5620 ·

184 5759 211 5785 ἡ,
290 5680 330 5757 lo
363 5684 402 5753 dc
428 5683 549 5758 diebus
586 5683 765 5760 malinis·
797 5691 946 5783 Prepara
984 5687 1085 5760 nobis
1137 5689 1271 5764 difinita
1290 5686 1458 5762 sententia
1472 5689 1689 5765 declaravit·
1713 5691 1807 5775 Vere
1823 5689 1938 5767 fidelis
1960 5707 2016 5781 105

281 5778 430 5855 mensam
456 5785 643 5857 venerandi
658 5708 777 5858 altaris
795 5813 804 5855 s
821 5809 920 5879 quam
946 5787 1088 5860 circum·
1138 5787 1311 5863 Dominus
1337 5789 1371 5860 iu
1393 5787 1512 5864 verbis
1540 5787 1605 5860 suis
1634 5816 1645 5858 a
1675 5791 1710 5862 dt
1741 5788 1874 5862 sandius
1903 5788 1935 5861 in

277 5879 396 5954 demus
409 5875 507 5953 velut
523 5879 795 5981 sobolesmagni
810 5884 942 5980 Regis.
973 5889 1020 5960 Ut
1033 5886 1089 5960 os·
1137 5886 1294 5962 omnibus
1331 5885 1495 5981 operibus
1524 5884 1618 5958 suia.
1659 5886 1736 5960 Pati
1764 5888 1801 5959 &
1829 5885 1939 5958 resur·¹

277 5978 430 6052 terentes
440 5979 736 6089 propiciatorium
768 5980 917 6069 libamen
929 6010 998 6084 pro
1025 6008 1091 6082 no·
1139 5985 1286 6086 gere-sc
1308 5984 1468 6087 promist
1495 6008 1508 6056 a
1535 5984 1754 6085 &doctiss
1784 5989 1822 6061 cc
1850 5979 1948 6160 legi:

565 6141 571 6150 .
1804 6104 1890 6162 0116
