4450 7209
384 803 387 808 q
540 773 545 783 .
717 705 954 794 FBRIA
1004 695 1331 810 QUARTA'
1805 737 1872 813 rar

193 801 550 886 strsnlnvobum.
565 802 637 898 Qui
664 807 761 884 veuit
780 811 821 885 sd
849 832 903 886 me
929 833 1001 888 non
1053 807 1259 888 inveneritis
1276 809 1309 884 in
1325 827 1425 886 manu
1437 825 1512 888 mea
1524 803 1726 910 quippiam.
1750 811 1792 888 Er
1809 817 1864 890 di·
1894 809 1938 910 55

190 908 318 985 esuriet
334 934 344 977 a
358 909 393 980 δι
418 905 599 1003 quictedir
615 905 649 979 in
666 927 721 981 me
748 906 925 984 nonfitiet
941 933 1005 982 un·
1051 931 1205 986 xerunt·
1228 907 1363 984 Teliis·
1391 909 1432 984 Et
1456 908 1503 985 ait
1518 908 1649 988 Samuel
1678 917 1721 990 ad
1751 937 1864 1010 popu·

190 1031 291 1102 quam
305 1003 352 1102 p.
368 1006 447 1102 ligo
460 1006 530 1080 sum
544 1003 604 1082 lux
623 1002 738 1079 mundi
757 1007 838 1100 equi
853 1001 1004 1101 sequitur
1053 1005 1154 1080 lum.
1181 1006 1354 1085 Dominus
1379 1006 1436 1102 qui
1459 1006 1709 1102 secit'Moyscn
1736 1013 1772 1086 dt
1791 1015 1865 1087 Aa·

192 1131 248 1180 me
262 1129 329 1182 non
347 1101 531 1182 ambulabit
545 1104 579 1176 in
598 1101 749 1178 tenebris
763 1136 773 1178 a
789 1105 847 1178 sed
862 1106 1003 1181 habebit
1052 1129 1116 1180 ron
1148 1133 1157 1177 r
1185 1110 1221 1182 Sc
1248 1106 1370 1180 eduxit
1400 1125 1514 1200 patres
1534 1107 1669 1180 noliros
1699 1113 1743 1184 de
1768 1127 1862 1186 terra

141 1219 162 1294 5
191 1203 303 1279 lumen
319 1205 393 1278 vite
406 1251 418 1276 .
433 1204 559 1294 P.Qi
575 1202 673 1277 venit
687 1250 697 1271 .
713 1213 800 1282 com.
815 1201 1003 1300 Repletum
1053 1205 1187 1301 Egypti
1202 1254 1212 1276 .
1228 1203 1330 1276 Nunc
1343 1229 1433 1302 ergo
1449 1207 1531 1280 state
1547 1232 1558 1276 s
1574 1225 1611 1278 ur
1625 1205 1755 1290 iudicio
1773 1229 1861 1284 con·
1894 1273 1897 1280 .

189 1307 237 1377 esi
250 1302 412 1401 gaudium
440 1302 615 1378 nostrums
639 1299 811 1402 &lingua
827 1304 940 1380 nostra
966 1302 1003 1376 in
1054 1306 1193 1378 tendam
1214 1302 1393 1376 adversum
1420 1327 1485 1380 vos
1506 1325 1621 1377 coram
1636 1301 1793 1382 Domino
1817 1304 1862 1378 de
1893 1330 1942 1408 60

190 1403 406 1478 exultatione
422 1448 440 1482 .,
461 1401 580 1476 oratio
603 1395 777 1497 pulicum.
800 1401 911 1498 Reple
926 1399 1005 1478 Do·
1054 1403 1212 1476 omnibus
1228 1399 1471 1474 misericordiis
1487 1399 1628 1475 Domini
1646 1428 1656 1468 s
1678 1427 1761 1500 quas
1776 1403 1862 1479 sctit
1929 1435 1935 1448 ·

191 1504 281 1574 minc
306 1523 371 1574 cor
387 1501 562 1574 nostrum·
585 1503 733 1593 usqum
744 1507 779 1577 in
790 1511 820 1576 Ι.
832 1504 1005 1578 hominist
1054 1499 1232 1575 vobiscum
1244 1504 1279 1574 Sc
1294 1522 1373 1572 cum
1388 1498 1539 1594 patribus
1555 1499 1694 1574 vestris.
1706 1505 1865 1594 Qorum

159 1625 168 1638 ·
192 1596 454 1708 Qodragcssme
462 1597 682 1689 fuimus.
1053 1596 1220 1697 ingressus
1233 1597 1392 1681 eleacob
1405 1600 1437 1670 in
1450 1599 1674 1695 Egyptums&
1688 1599 1865 1677 clamave-

119 1715 167 1768 ιο
1051 1719 1135 1774 runt
1150 1717 1267 1795 patres
1284 1698 1386 1770 vellri
1405 1721 1449 1768 ex
1462 1697 1650 1794 Egyptoa&
1659 1694 1866 1776 conlocavit

344 1797 424 1883 Qu
443 1795 479 1872 A
496 1799 530 1874 R
545 1793 623 1870 TA
664 1795 690 1872 F
705 1798 778 1875 ER
793 1797 858 1882 Isi
1053 1819 1114 1868 eos
1130 1799 1162 1868 in
1177 1796 1256 1870 loco
1272 1794 1420 1888 hoeri
1435 1795 1539 1870 obliti
1554 1793 1632 1868 sunt
1645 1793 1860 1874 DominiDei
1890 1816 1938 1914 55

1053 1893 1102 1967 sui
1114 1897 1168 1968 a&
1184 1896 1326 1970 tradidit
1341 1918 1402 1968 eos
1418 1893 1452 1966 in
1471 1916 1569 1988 manu
1583 1890 1693 1973 Sisare
1708 1891 1860 1996 magistri
1936 1903 1942 1920 '

483 1989 710 2091 «Adsdiffonr.
1052 1989 1178 2068 milicie
1194 1993 1381 2068 Asor:&in
1398 1990 1863 2072 manuPnilrssinorumsrin

1052 2114 1153 2166 manu
1167 2095 1275 2190 Regis
1289 2089 1407 2166 Moabt
1421 2095 1457 2164 dt
1474 2113 1718 2188 pugnaverunt
1737 2096 1863 2170 adver·

116 2207 137 2266 1
145 2207 166 2281 5
241 2186 354 2266 lessio
373 2185 459 2266 libri
469 2187 730 2289 proverbiorum
746 2188 955 2272 Salomonis.
1054 2189 1125 2264 sum
1137 2192 1337 2268 eos-Postea
1352 2207 1464 2264 autem
1480 2187 1714 2270 clamaverunt
1727 2197 1770 2269 ad
1784 2189 1865 2264 Do·

193 2300 243 2370 Rc
255 2289 338 2366 Deo
352 2289 508 2390 gratias.
837 2300 892 2365 cc.
909 2297 1005 2364 XIII.
1054 2291 1182 2366 minum
1200 2293 1234 2364 St
1249 2288 1746 2388 dixerunt.l²eccavimussquia
1760 2297 1863 2367 dere·
1890 2327 1942 2408 7⁸

283 2384 348 2462 lli:
378 2391 451 2463 Lex
462 2387 628 2487 sapientis
638 2388 716 2466 sons
729 2390 828 2468 vitea
842 2413 882 2466 ut
897 2387 1005 2465 decli·
1052 2387 1210 2484 liquimus
1226 2388 1413 2464 Dominum
1432 2392 1497 2460 s&
1512 2385 1716 2468 servivimus
1732 2389 1864 2468 baalim

294 2506 355 2562 net
367 2511 387 2561 a
399 2486 497 2562 ruina
526 2489 651 2564 mortis
668 2541 681 2564 .
708 2490 880 2567 Dosirina
910 2494 1004 2565 bona
1052 2489 1294 2563 unstruth.
1321 2487 1423 2559 Nunc
1447 2509 1536 2583 ergo
1551 2508 1635 2560 erue
1654 2516 1716 2566 nos
1731 2493 1774 2564 de
1791 2511 1865 2562 ma·

194 2583 918 2684 nabitgratiamainitinerecontcntorum
934 2615 1002 2663 vo·
1052 2611 1098 2660 nu
1129 2586 1345 2661 inimicorum
1375 2583 1566 2662 nostrorum
1583 2611 1592 2654 a
1609 2593 1644 2662 Sc
1674 2589 1863 2665 serviemus

115 2701 166 2758 to
193 2710 304 2784 rago.
320 2686 462 2761 Allutus
485 2686 600 2762 omnia
630 2691 705 2787 agit
733 2712 813 2765 cum
836 2685 1002 2764 consilios
1044 2683 1143 2770 tibi.
1173 2685 1213 2757 Er
1230 2684 1317 2758 misit
1335 2682 1505 2758 Dominus
1520 2687 1703 2764 Hierobaal
1720 2716 1730 2759 a
1746 2691 1781 2760 ἃ
1796 2690 1863 2762 Ba·

191 2787 252 2880 qui
279 2805 397 2862 antem
417 2783 535 2859 fatuus
566 2787 770 2885 eslsaperit
796 2784 1002 2862 stulticiam.
1050 2787 1156 2860 dama
1176 2785 1211 2856 dc
1240 2783 1391 2865 Barschr
1419 2785 1616 2881 &dephtca
1644 2791 1679 2862 sc
1702 2777 1862 2865 Samuele
1889 2813 1945 2897 75

191 2885 351 2958 Nuncius
375 2880 473 2978 impii
482 2881 578 2957 cadit
599 2884 633 2956 in
649 2883 771 2960 malum
786 2914 796 2958 s
811 2882 944 2984 legatus
960 2885 1003 2958 fi·
1050 2885 1087 2957 ἃ
1102 2881 1195 2957 eruit
1216 2907 1283 2958 vos
1300 2886 1343 2954 de
1367 2907 1467 2957 manu
1494 2885 1709 2962 musicorum
1730 2883 1864 2958 vestro-

51 3054 56 3060 ,
192 2982 281 3058 dclis
308 2979 456 3056 sanitas.
481 2983 619 3080 Egestas
631 2984 871 3084 &ignominia
898 2987 930 3056 ei
944 2987 1002 3079 qui
1051 3005 1126 3056 rum
1140 3005 1203 3077 per
1219 2982 1402 3055 circuitum
1420 2981 1477 3051 s&
1491 2983 1665 3058 habitastis
1678 2983 1865 3060 confiden-

180 3075 323 3155 'usserit
342 3077 554 3175 disciplinam
569 3083 651 3175 equi
671 3102 787 3157 autem
818 3084 1002 3176 acquiescit
1050 3099 1123 3152 ter.
1138 3075 1309 3153 Videntcs
1324 3099 1438 3152 autem
1454 3083 1547 3172 quod
1565 3084 1655 3158 Naar
1675 3085 1751 3156 Rex
1769 3078 1861 3153 silio·

116 3191 164 3267 ος
194 3179 354 3277 arguenti
364 3175 1020 3276 glorificabitumDefideriumficom-.
1051 3201 1128 3251 rum
1148 3181 1296 3252 Ammon
1326 3175 1469 3250 venisset
1496 3180 1675 3254 adversum
1698 3203 1762 3256 vos
1780 3205 1790 3248 s
1808 3171 1866 3248 di·¹

193 3278 333 3375 pleatur
354 3303 366 3348 s
390 3275 544 3351 delesiat
585 3277 731 3356 animam
756 3307 767 3350 a
791 3280 1003 3354 detestantur
1049 3276 1142 3349 xistis
1160 3273 1264 3349 mihi.
1284 3274 1516 3369 Nequaqusrm
1533 3275 1591 3350 sed
1608 3279 1684 3356 Rex
1709 3285 1860 3374 impera·
1890 3289 1941 3372 80

191 3376 285 3451 sluiti
308 3374 442 3471 eosqui
468 3374 607 3472 fugiunt
634 3375 745 3452 mala.
770 3379 841 3474 Qu
856 3401 934 3451 curn
948 3381 1002 3452 sa·
1051 3374 1101 3448 bit
1117 3374 1245 3447 nobis.
1270 3375 1360 3452 Cum
1375 3373 1545 3449 Dominus
1563 3380 1659 3452 Deus
1675 3379 1786 3454 vester
1808 3397 1865 3448 re·

191 3474 369 3572 pientibus
391 3474 583 3574 graditure
612 3473 743 3570 sapiens
766 3477 1002 3551 eritcamicus
1051 3491 1177 3572 gnarct
1205 3470 1239 3544 in
1264 3471 1392 3552 vobis.
1421 3473 1522 3544 Nunc
1550 3500 1639 3575 ergo
1668 3475 1784 3573 prelio
1812 3471 1863 3548 esi

191 3573 372 3650 siultorum
392 3573 541 3650 efficitur
552 3572 694 3646 ssmilis.
718 3577 923 3652 Peccatores
947 3576 1002 3647 se·
1052 3577 1131 3646 Rex
1145 3571 1257 3646 vesler
1279 3593 1380 3666 quem
1394 3566 1543 3668 elegistis
1556 3577 1591 3648 Sc
1607 3576 1739 3674 petistis
1756 3591 1864 3644 eecce

111 3689 163 3768 ιο
191 3693 345 3768 quentur
359 3670 485 3750 malum
500 3696 511 3741 s
527 3672 563 3749 dc
577 3671 672 3758 rums
685 3675 922 3752 retribuentur
934 3676 1002 3751 bo·
1051 3671 1221 3747 Dominus
1235 3672 1333 3743 dedit
1350 3669 1449 3744 vobis
1475 3673 1611 3769 Regem
1627 3723 1637 3744 .
1651 3675 1686 3748 si
1704 3669 1865 3747 timueri-

189 3795 260 3848 na·
285 3786 337 3868 gc·
349 3775 459 3845 Amen
475 3817 488 3841 .
1052 3773 1097 3844 tis
1113 3767 1308 3844 Dominum
1335 3773 1370 3842 St
1386 3767 1576 3846 servieritis
1589 3771 1621 3844 ei
1637 3801 1646 3842 s
1663 3776 1699 3847 Sc
1714 3768 1862 3848 audieri·
1890 3783 1939 3879 ες

1051 3868 1095 3940 tis
1114 3890 1238 3943 vocem
1256 3871 1331 3955 ejus
1348 3893 1358 3936 s
1376 3869 1411 3937 δι
1426 3890 1497 3940 non
1510 3870 1798 3967 exasperaveritis
1821 3891 1863 3942 oa

251 3969 367 4041 zecris
380 3962 476 4040 Libri
491 3965 655 4044 samuelis
665 3966 703 4043 r'd
713 3961 757 4053 est
770 3975 896 4064 Regum
912 3975 940 4040 I.
1049 3966 1221 4042 Domini-a
1237 3965 1334 4038 eritis
1350 3985 1416 4040 vos
1432 3965 1468 4037 dc
1484 3968 1561 4040 Rex
1590 3971 1702 4043 vester
1720 3970 1777 4063 qui
1797 3969 1863 4042 im·

193 4078 245 4162 ει.
257 4069 341 4142 Deo
352 4065 514 4154 Gratias·
855 4075 910 4140 Ca.
925 4073 1002 4140 xri.
1050 4084 1149 4161 perat
1165 4062 1266 4140 vobis
1281 4063 1460 4156 sequentes
1473 4065 1659 4142 Dominum
1673 4069 1784 4142 Deum
1798 4091 1862 4142 ve·

115 4185 165 4266 35
313 4168 316 4172 ’
1048 4165 1177 4238 strum.
1196 4163 1232 4236 Si
1245 4181 1359 4236 autem
1373 4185 1442 4238 non
1458 4164 1634 4240 audieritis
1648 4167 1861 4242 vocemDo·

256 4267 292 4341 N
309 4261 376 4338 illis
388 4257 529 4336 diebus:
541 4259 632 4336 dixit
648 4255 786 4336 Samuel
801 4263 843 4337 ad
859 4263 1002 4340 univer·
1048 4263 1144 4336 minis
1163 4261 1221 4334 sed
1235 4260 1525 4355 exasperaveritis
1547 4287 1587 4340 os
1604 4263 1750 4339 Domini
1766 4291 1776 4336 a
1790 4263 1859 4342 erit
1886 4295 1939 4371 9⁰

267 4365 340 4439 sum
360 4356 527 4459 populum
544 4361 670 4435 lsrael.
701 4361 786 4434 Ecce
801 4364 918 4437 audivi
935 4389 1003 4440 vo·
1049 4384 1170 4434 manus
1184 4361 1328 4436 Domini
1343 4361 1445 4456 super
1462 4387 1550 4440 voss
1576 4369 1611 4440 δι
1626 4364 1727 4460 super
1741 4383 1860 4462 patres
1934 4363 1941 4374 “

190 4464 427 4543 cemvesiram
452 4464 575 4547 :juxta
590 4458 784 4552 omniaque
798 4456 1002 4538 locutiellis
1048 4463 1207 4536 vestros.
1237 4460 1353 4534 Sed&
1369 4481 1457 4532 nunc
1484 4463 1564 4536 state
1589 4465 1624 4534 lic
1642 4463 1760 4536 videte
1786 4486 1862 4540 rem

193 4566 236 4639 ad
254 4586 309 4637 me
325 4586 335 4630 a
351 4563 388 4633 Sc
402 4557 563 4633 conslitui
576 4555 681 4655 super
695 4581 761 4631 vos
778 4557 914 4655 Regem
931 4608 942 4631 .
958 4563 1002 4636 Et
1048 4559 1141 4633 illam
1155 4559 1316 4658 grandem
1330 4583 1339 4626 s
1353 4581 1452 4650 quam
1469 4559 1616 4632 farsurus
1630 4561 1678 4632 est
1691 4559 1863 4634 Dominus

111 4682 166 4758 40
195 4683 286 4734 nunc
300 4664 379 4736 Rex
393 4657 664 4756 gradieturante
677 4679 744 4731 vos
762 4679 772 4722 c
788 4677 862 4752 ego
885 4677 1002 4734 autem
1048 4655 1084 4730 in
1097 4655 1286 4752 conspectu
1303 4657 1444 4732 vestro·
1472 4657 1645 4750 Numquid
1662 4680 1732 4732 non
1750 4661 1861 4732 mersu

193 4759 336 4833 senui&
352 4755 479 4830 canui.
504 4757 618 4832 Porro
649 4750 796 4854 filiimei
824 4754 1001 4829 vobiscum
1049 4754 1158 4832 tritici
1173 4755 1244 4827 ut.
1273 4751 1390 4829 Hodie
1407 4751 1585 4832 invocabo
1597 4755 1789 4830 Dominum
1804 4759 1859 4829 r&
1882 4779 1934 4860 95

192 4857 273 4933 sunt
286 4886 298 4927 r
312 4857 430 4949 itaque
447 4852 673 4928 conversatos
697 4872 816 4926 coram
829 4854 933 4926 vobis
958 4854 1001 4927 ab
1047 4855 1144 4930 dabit
1161 4874 1270 4928 voces
1298 4852 1334 4922 &
1349 4849 1481 4944 pluvius
1497 4881 1506 4923 s
1524 4853 1685 4927 &scietis
1711 4856 1860 4929 &vide-

193 4953 427 5031 adolescentia
451 4975 527 5028 mea
555 4950 658 5046 usque
683 4951 726 5024 ad
755 4948 847 5024 diem
873 4952 961 5025 hane
989 4998 1002 5022 .
1047 4951 1130 5026 bitis
1142 4953 1235 5044 quod
1249 4952 1378 5046 grande
1392 4947 1517 5030 malurn
1535 4951 1688 5026 feceritis
1703 4954 1803 5030 vobis
1819 4954 1856 5028 in

192 5057 284 5128 Ecce
296 5050 495 5148 presiosum
511 5097 522 5120 ·
541 5048 736 5142 Loquimini
750 5045 794 5118 de
813 5071 1001 5123 mecoram
1049 5047 1238 5141 conspectu
1265 5045 1411 5123 Domini
1437 5077 1446 5120 s
1472 5069 1635 5146 petentes
1665 5049 1766 5148 super
1789 5077 1857 5130 vos

108 5176 163 5253 45
193 5154 353 5230 Domino
367 5181 377 5219 s
390 5153 426 5225 &
450 5171 570 5222 coram
582 5147 723 5222 Christo
751 5149 852 5231 cius.
879 5151 1001 5225 Utrum
1049 5141 1417 5242 Regemlitclamavit
1435 5150 1570 5224 Samuel
1588 5153 1631 5224 ad
1648 5151 1854 5228 Dominums

194 5254 326 5328 bovem
341 5250 539 5342 cuiusquam
565 5245 704 5320 tulerim
718 5273 727 5312 a
741 5267 783 5316 an
809 5243 1001 5318 aiinnmrsi
1049 5247 1086 5318 &
1099 5245 1197 5318 dedit
1213 5244 1383 5317 Dominus
1398 5272 1504 5322 voces
1521 5253 1557 5322 δι
1574 5248 1725 5345 pluviam
1743 5253 1775 5323 in
1798 5252 1855 5326 die
1886 5279 1959 5336 loo

192 5351 385 5446 quempiam
399 5347 612 5420 calunniatus
626 5341 923 5438 sumsfioppreffi
937 5340 1001 5418 ali·
1049 5341 1107 5418 illa
1124 5390 1134 5414 .
1151 5344 1194 5416 Et
1221 5341 1338 5416 timuit
1356 5347 1467 5420 omnis
1495 5347 1641 5446 populus
1666 5349 1856 5429 Dominum

192 5470 322 5544 quem.
350 5446 386 5516 Si
399 5446 443 5516 dc
459 5469 558 5520 manu
579 5443 741 5536 cujusque
769 5463 1001 5516 munusacce·
1049 5441 1151 5518 nimis
1175 5443 1212 5515 δι
1238 5439 1453 5520 Samuelem.
1477 5447 1648 5540 Dixitque
1676 5449 1855 5524 unis-ersus

193 5547 231 5646 pi
247 5573 258 5617 s
273 5546 309 5616 dr
324 5560 544 5618 contemnam
559 5539 644 5616 illud
658 5543 764 5617 hodie
779 5567 789 5611 s
810 5541 1000 5614 restituam·
1052 5542 1199 5638 populus
1214 5541 1477 5618 adSamuelem.
1493 5547 1567 5618 Ora
1586 5568 1650 5641 pro
1665 5543 1772 5620 servis
1787 5547 1856 5622 tuis

113 5671 166 5750 50
192 5669 261 5743 que
278 5639 383 5717 vobis
399 5686 410 5710 .
437 5642 478 5715 Et
492 5639 656 5713 dixerunt
670 5667 680 5708 s
709 5642 794 5714 Non
810 5662 847 5711 es
874 5637 998 5712 calun-
1050 5642 1093 5715 ad
1109 5639 1301 5716 Dominum
1315 5637 1429 5716 Deum
1454 5661 1549 5716 tuum
1565 5667 1576 5709 a
1591 5661 1627 5716 m
1643 5667 1709 5716 non
1727 5645 1859 5720 moria·

192 5742 306 5818 niatus
331 5763 428 5812 nos:
457 5761 566 5830 neque
589 5737 801 5832 oppressistis
822 5757 932 5829 neque
955 5743 1000 5811 de
1052 5761 1153 5812 mur.
1179 5733 1382 5812 Addidimus
1402 5739 1492 5813 enim
1517 5741 1682 5814 universus
1707 5747 1857 5838 peccatis
1887 5767 1956 5850 105

194 5865 297 5918 manu
309 5836 451 5924 alicuius
464 5833 636 5930 quippiam
650 5835 750 5908 tulisti
761 5831 937 5928 edixitque
954 5837 999 5908 ad
1053 5838 1177 5912 noslris
1196 5833 1373 5910 malumaut
1387 5857 1578 5934 peteremus
1592 5840 1692 5916 nobis
1702 5846 1858 5940 Regem.

193 5963 283 6017 cos.
311 5936 418 6011 Teslis
441 5937 490 6008 est
502 5931 671 6006 Dominus
705 5932 884 6007 adversum
910 5957 1004 6008 voss
1052 5936 1156 6011 Dixit
1171 5953 1286 6008 autem
1304 5932 1441 6008 Samuel
1457 5937 1499 6010 ad
1521 5936 1708 6034 populum.
1735 5941 1861 6020 Nolite

193 6040 232 6114 Sc
246 6034 338 6113 tellis
350 6035 505 6113 Christus
517 6037 591 6120 ejus
606 6030 642 6106 in
658 6032 723 6110 hac
737 6033 819 6106 dier
840 6028 1005 6126 quianon
1054 6034 1196 6108 timeres
1209 6055 1274 6110 vos
1288 6029 1412 6209 silisis
1430 6034 1622 6117 universum
1634 6037 1755 6121 malum
1769 6043 1860 6116 hoc.

1379 6153 1398 6204 2
1790 6139 1862 6228 Veq
