4450 7209
345 796 350 806 ⁸
686 706 699 715 ”
779 697 1385 802 pertinentium
1842 731 1918 803 109·

197 825 199 833 ’
247 807 322 884 bris
352 805 539 906 {qualiter
563 805 604 883 ea
632 805 697 905 que
710 806 773 884 tibi
791 807 968 882 offerimus
984 804 1058 910 luce
1730 820 1744 825 ’·
1789 824 1791 830 ·

248 907 433 1006 perlullras
460 929 581 981 eterne
610 907 912 982 sanctificationis.
941 905 981 976 Et
996 928 1058 978 nos
1196 906 1223 977 F
1248 905 1274 976 Ε
1299 908 1331 982 R
1358 906 1373 976 I
1398 908 1431 979 Α
1483 910 1574 1002 QU
1599 910 1633 980 A
1657 909 1690 982 R
1715 904 1744 978 T
1770 906 1829 980 A.

247 1007 298 1081 ita
329 1010 470 1080 mundes
499 1033 518 1080 a
551 1005 723 1080 viciorum
749 1001 976 1078 inlecebris-t
1016 1021 1057 1076 ut

250 1103 450 1178 sandificati
481 1103 658 1199 percipere
684 1126 878 1177 mereamor
901 1099 1056 1173 euchari·
1398 1105 1460 1175 Λᾶ
1476 1101 1624 1196 Mffrm.
1725 1140 1727 1145 s

197 1225 213 1295 ς
251 1201 345 1279 sliam
374 1205 536 1297 corporis
566 1203 616 1274 tui
642 1202 677 1276 in
710 1200 894 1279 'visceribus
909 1198 1058 1273 nostris.
1103 1238 1107 1245 ·
1157 1200 1268 1272 zecris
1283 1199 1368 1272 libri
1372 1202 1632 1298 proverbiorum
1649 1201 1832 1274 Salomonis
1850 1233 1872 1278 .·
1943 1258 1956 1284 ,

247 1311 305 1395 ξι.
322 1306 429 1373 nmen
449 1349 459 1370 .
816 1349 820 1354 -
1110 1310 1158 1387 132.
1175 1297 1251 1369 Deo
1265 1298 1417 1394 gratias.
1774 1309 1908 1373 XXVII.
1939 1301 1987 1369 60

300 1402 363 1469 ,Ad
377 1398 630 1484 rinfredioncm
641 1399 737 1492 panis
749 1443 760 1466 .
774 1393 942 1484 Antisara
956 1442 967 1467 .
982 1390 1058 1467 Fiat
1198 1391 1233 1465 lli
1248 1441 1259 1462 .
1276 1392 1474 1491 Diligenter
1488 1395 1632 1492 agnosce
1648 1394 1782 1471 vultum
1806 1422 1914 1493 peco·

245 1494 487 1569 misericordia
504 1515 567 1569 tua
580 1494 727 1566 Domine
742 1494 843 1590 super
864 1515 928 1567 nos
944 1516 954 1558 s
970 1493 1056 1564 sicut
1206 1491 1250 1561 ris
1266 1495 1315 1564 tui
1331 1518 1342 1561 a
1356 1494 1499 1586 tuosque
1521 1516 1646 1590 greges
1670 1496 1913 1573 confidem-³..

251 1591 464 1686 speravimus
478 1594 511 1665 in
528 1611 592 1664 te.
859 1635 863 1645 ·
1107 1588 1190 1659 Non
1206 1587 1296 1662 euim
1314 1589 1454 1662 habebis
1468 1593 1602 1686 jugiter
1617 1592 1912 1684 potestatemased

197 1717 220 1764 o
320 1690 588 1761 Adorarionem
603 1687 984 1762 nominitamoratio.
1044 1730 1047 1735 -
1107 1687 1547 1762 coronatribueturtibiin
1562 1689 1910 1785 generatione&ge-
1957 1748 1977 1761 ..

304 1787 368 1858 Esu
383 1808 572 1881 preceptor
603 1808 785 1860 roecurte
817 1783 915 1858 nobis
941 1783 1054 1860 ambu·
1101 1785 1309 1856 neratione.
1341 1790 1476 1880 Aperta
1490 1784 1563 1855 sunt
1578 1804 1675 1879 prata
1703 1812 1713 1854 ε
1741 1788 1776 1858 dt
1799 1811 1905 1880 appa·
1935 1788 1983 1875 65

239 1789 287 1993 J
312 1882 460 1958 lantibus
473 1886 565 1958 viam
594 1911 605 1951 s
634 1881 849 1977 cupientibus
863 1880 1049 1975 pervenire
1090 1882 1244 1954 'ruerunt
1261 1883 1366 1955 herbe
1381 1886 1534 1956 virentes
1562 1908 1574 1951 t
1598 1883 1633 1954 ὅ(
1663 1880 1807 1957 collesia
1829 1883 1906 1964 sunt

1943 832 1987 903 55

248 1983 293 2054 ad
309 1982 483 2076 patriam.
511 1984 557 2053 Ut
579 1982 789 2076 precedente
806 1977 881 2050 luce
906 1998 1050 2053 tusam·
1102 1980 1237 2054 fenade
1253 1981 1452 2054 montibus.
1485 1980 1578 2076 Agni
1604 1981 1646 2053 ad
1673 1981 1907 2063 vestimentum

242 2075 401 2153 buleutas
417 2081 451 2150 in
469 2076 559 2151 viam
572 2077 699 2153 sesiam
710 2105 719 2147 a
732 2098 794 2150 nec
802 2078 1001 2150 oberremus
1014 2074 1050 2146 in
1100 2094 1196 2150 tuum
1212 2105 1223 2147 =
1239 2078 1366 2152 &hedi
1380 2078 1454 2175 agri
1469 2077 1646 2171 precium.
1674 2078 1825 2151 Sufficiat
1840 2079 1905 2153 tibi

197 2199 210 2267 ς
242 2177 422 2249 tenebram
439 2176 531 2248 illius
547 2175 658 2251 noctis
675 2177 883 2248 horrendam
908 2201 920 2243 t
944 2192 981 2246 te
1011 2170 1045 2245 in
1097 2173 1336 2272 laccsprarum
1354 2175 1388 2248 in
1404 2175 1594 2250 cibostuos
1617 2201 1627 2245 s
1656 2174 1691 2245 &
1707 2173 1740 2246 in
1758 2176 1905 2252 necessa·
1942 2233 1972 2270 ,,

242 2273 345 2348 nobis
361 2271 494 2347 lucente
524 2303 535 2345 ε
561 2274 669 2367 quies
686 2274 745 2345 via
759 2273 888 2344 veritas
901 2273 936 2344 dt
949 2270 1047 2344 vita·
1096 2275 1148 2349 ria
1164 2276 1289 2348 domus
1302 2294 1362 2349 tue
1377 2301 1388 2344 a
1401 2277 1435 2346 bt
1450 2272 1492 2347 ad
1509 2269 1637 2344 vidum
1663 2267 1794 2346 ancillis
1810 2275 1903 2347 tuis.
1932 2295 1988 2367 70,

240 2372 299 2445 Da
313 2371 421 2466 igitur
436 2370 601 2453 nobisrut
612 2371 696 2444 licut
710 2394 808 2443 cecus
823 2367 880 2442 illc
892 2389 1049 2463 percon·
1098 2371 1201 2470 Fugit
1214 2371 1338 2464 impius
1355 2371 1488 2444 nemine
1503 2369 1727 2463 persequente
1757 2396 1768 2439 r
1798 2370 1900 2453 iulius
1933 2372 2029 2445 cas.
2049 2449 2054 2456 ,

241 2470 422 2559 fertionem
450 2493 535 2540 vere
561 2466 776 2543 credulitatis
804 2465 953 2538 obtinuit
980 2465 1047 2540 do·
1097 2470 1318 2562 ‘autemquafi
1349 2467 1407 2545 leo
1420 2468 1599 2544 confidens
1625 2467 1746 2562 absque
1761 2483 1901 2542 terrore

240 2589 322 2640 num
352 2561 488 2638 indulte
503 2562 616 2638 salutis
643 2592 653 2634 s
682 2563 728 2639 ita
744 2589 805 2636 nos
821 2562 1047 2658 adipiscamur
1095 2568 1163 2641 erit
1179 2615 1190 2636 ·
1207 2570 1359 2659 Propter
1372 2585 1513 2662 peccata
1531 2584 1624 2638 terre
1643 2592 1653 2634 a
1681 2562 1781 2637 multi
1807 2564 1900 2658 prin·

197 2691 212 2741 a
239 2665 275 2739 in
303 2663 393 2735 illius
423 2668 541 2736 verbis
573 2660 732 2736 effectum
758 2664 817 2756 pie
843 2659 1043 2758 petitionis:
1093 2665 1187 2758 cipes
1202 2669 1502 2760 ejus:&propter
1515 2661 1666 2736 hominis
1679 2661 1896 2759 sapientiamr
1934 2717 1974 2756 A..

238 2785 316 2837 cum
329 2784 371 2829 ea
388 2783 452 2851 que
468 2784 532 2834 nos
554 2760 697 2834 docuisti
723 2755 1043 2854 proclamaverimus
1093 2762 1130 2834 δε
1155 2762 1277 2837 horum
1291 2761 1462 2838 scientiam
1477 2783 1542 2853 que
1557 2760 1720 2836 dicuntur
1742 2759 1815 2836 vita
1830 2762 1901 2833 du·
1929 2787 1974 2860 75

236 2854 407 2934 eternis.
432 2861 537 2930 Pater
551 2857 735 2950 nosterqui
750 2881 787 2930 es
804 2857 836 2928 in
852 2851 953 2926 cetis..
968 2857 1043 2928 Hu·
1092 2859 1142 2935 cis
1169 2858 1313 2957 longior
1339 2862 1432 2940 erit.
1458 2859 1521 2931 Vir
1546 2878 1676 2950 pauper
1696 2853 1895 2934 calunnians

240 2953 370 3032 miliate
401 2978 466 3027 vos
494 2955 726 3029 benedislioni
753 3001 766 3026 .
803 2951 975 3030 Dominus
1002 2954 1045 3028 sit
1094 2958 1237 3053 pauperi
1264 2986 1274 3026 ε
1304 2956 1418 3032 similis
1430 2959 1478 3030 eil
1493 2953 1592 3031 imbri
1607 2956 1803 3031 vehementi
1825 2984 1835 3024 r
1862 2959 1899 3033 iu

241 3055 378 3148 semper
394 3047 568 3126 vobiscum
582 3100 593 3122 .
608 3067 657 3149 132.
670 3052 740 3125 Es.
1020 3130 1023 3134 Α
1095 3076 1167 3146 quo
1183 3074 1322 3150 paratur
1338 3057 1469 3129 fames.
1501 3054 1572 3140 oui
1593 3051 1837 3145 derelinquunt
1850 3050 1901 3126 le·

197 3176 213 3248 ς
540 3152 752 3223 resedissit.
1036 3190 1038 3194 ·
1099 3174 1181 3248 geru
1207 3178 1217 3222 ε
1247 3149 1383 3227 laudant
1402 3152 1540 3246 impium
1559 3175 1569 3218 ι
1591 3150 1900 3242 quiautemcullo·

201 3291 204 3301 =
356 3249 659 3348 Mnipotensiesus
677 3247 828 3322 Christus
842 3249 899 3343 qui
915 3249 1049 3324 virtute
1096 3249 1197 3324 diunt
1221 3274 1232 3318 a
1259 3247 1513 3327 succenduntur
1537 3265 1660 3322 contra
1695 3269 1805 3323 eum·
1837 3249 1900 3323 vi·
1927 3252 1978 3327 80

238 3255 339 3436 O
372 3346 615 3447 potentie—sue
645 3346 733 3417 cecis
762 3342 871 3420 oculis
901 3344 1048 3443 prestitit
1099 3346 1129 3421 ri
1157 3346 1236 3422 mali
1253 3371 1323 3421 non
1341 3372 1388 3423 co.
1414 3347 1499 3420 itant
1525 3344 1689 3429 iudicium
1717 3370 1728 3410 ε
1757 3343 1816 3438 qui
1842 3371 1901 3426 au÷

242 3448 446 3527 medicinam
472 3476 481 3518 ε
510 3445 581 3543 ipse
607 3441 727 3519 oculos
745 3447 877 3518 vestros
898 3446 939 3517 ab
952 3441 1048 3518 omni
1099 3461 1171 3518 tem
1200 3448 1379 3542 requirunt
1432 3445 1604 3519 ominum:
1621 3441 1898 3522 animadvertunt

248 3548 405 3620 vanitate
417 3544 853 3641 avertat-132·Amen.litqui
867 3539 914 3614 illi
931 3540 1050 3637 prelii·
1098 3545 1239 3619 omnia.
1265 3544 1336 3638 Qt
1365 3540 1512 3618 declinat
1528 3564 1626 3615 aures
1641 3538 1716 3612 suas
1728 3562 1771 3612 ne
1783 3542 1901 3619 audiat

200 3669 220 3718 0
248 3641 293 3716 tit
308 3643 344 3716 se
357 3644 392 3718 in
407 3645 554 3721 veritate
568 3645 783 3741 cognoscere
809 3670 819 3713 a
846 3639 915 3737 ipse
942 3639 1048 3713 corda
1097 3638 1214 3738 legem
1240 3664 1250 3706 τ
1278 3635 1805 3728 oratioejuseritexeerabilis.
1825 3639 1897 3733 Qi
1962 3702 1972 3740 ,-

242 3742 355 3816 vestra
380 3742 415 3815 in
441 3741 489 3814 sui
522 3743 673 3817 nominis
706 3740 890 3815 dileslione
917 3741 1049 3819 confir·
1097 3739 1228 3838 decipit
1239 3740 1342 3826 iustos
1359 3741 1392 3813 in
1407 3740 1464 3813 via
1481 3733 1565 3813 mala
1590 3764 1601 3806 a
1628 3736 1663 3809 io
1679 3735 1821 3810 interitu
1833 3739 1896 3813 suo
1926 3748 1973 3836 85

243 3856 340 3914 met.
357 3854 405 3932 ua
422 3845 558 3915 Amen.
584 3842 721 3936 Qique
739 3842 772 3914 se
791 3865 854 3940 per
867 3841 937 3915 hoc
949 3839 1050 3912 mira·
1097 3856 1242 3913 corruet
1256 3867 1265 3909 t
1278 3843 1315 3913 δι
1330 3836 1496 3935 simplices
1516 3833 1899 3933 poffidebunttcrtaat.

242 3935 358 4013 culum
372 3940 521 4013 ostendit
534 3936 777 4027 ammirabilem
805 3934 1048 4037 populisaipse
1097 3948 1148 4034 lja.
1164 3943 1307 4013 Amen.
1711 3982 1714 3988 -

235 4053 304 4108 voe
320 4035 370 4108 ita
385 4040 484 4111 dono
499 4034 771 4132 implearsancte
786 4036 1050 4130 virtutisrqua·
1098 4065 1100 4069 ’
1143 4080 1145 4085 -
1255 4068 1257 4073 ·

203 4154 216 4224 5
241 4127 324 4207 litet
337 4135 378 4206 ad
396 4154 552 4208 eternam
567 4133 674 4208 vitam
687 4135 757 4207 line
771 4131 901 4209 macula
913 4157 1049 4230 perve·
1144 4135 1260 4217 ultio
1271 4135 1369 4215 Libri
1381 4135 1517 4214 Exodi}
1784 4143 1833 4212 rt.
1845 4133 1902 4210 Cal
1965 4190 1971 4202 .

243 4229 462 4326 nirepoffitis
478 4231 1048 4316 ·13nAmemPerniisericordiam
1149 4296 1151 4303 .
1889 4254 1973 4340 90·

241 4328 344 4423 ipsius
362 4331 429 4401 Dei
443 4330 545 4404 nostri
560 4358 569 4398 ε
582 4330 640 4424 qui
666 4332 978 4408 estbenedictus&
991 4328 1047 4401 vi·
1158 4334 1271 4414 Nillis
1285 4339 1414 4416 diebus.
1428 4336 1604 4433 Postquam
1618 4354 1776 4411 creverat
1789 4338 1900 4430 Move

245 4426 303 4496 vit
321 4427 356 4498 &
373 4430 487 4502 omnia
516 4429 622 4526 regit*
638 4428 672 4500 in
700 4428 808 4505 secula
829 4428 1044 4505 seculorum.
1169 4434 1220 4509 ses
1235 4439 1380 4536 egressus
1397 4439 1441 4511 ad
1453 4437 1576 4510 fratres
1594 4435 1692 4508 suose
1709 4435 1796 4509 vidit
1810 4435 1899 4507 affli-

242 4526 404 4621 ljcltmen
422 4525 597 4601 .Dt‘1uslit
612 4524 1047 4622 sempervobiscunsnfit·
1094 4535 1249 4610 etonem
1260 4538 1429 4610 eoruma&
1442 4533 1555 4605 virum
1572 4534 1760 4627 Egyptium
1776 4553 1894 4623 percu·

197 4618 236 4699 n‘
291 4618 528 4696 oscarensi.
553 4626 829 4705 adacccdenress
853 4625 1047 4713 Antrum.
1095 4623 1895 4727 tientemque'rndamdeHebreisfratribussuis.
1963 4692 1971 4703 „

199 4781 206 4789 .
240 4719 318 4818 Ego
334 4718 403 4793 sum
416 4723 532 4795 ollium
548 4721 632 4795 dicit
647 4722 816 4797 Dominus
831 4745 840 4787 r
855 4724 880 4793 ss
894 4721 971 4816 quis
983 4722 1047 4816 per
1093 4729 1252 4823 Cumque
1266 4723 1555 4823 circumspexisset
1581 4725 1647 4792 huc
1664 4742 1768 4812 atque
1787 4719 1890 4792 illuct
1917 4757 1966 4828 95

240 4818 484 4893 melntrolerlt
498 4818 709 4894 salvabitur<
720 4823 756 4892 ἃ
778 4820 995 4916 ingredietur
1006 4823 1043 4894 &
1094 4830 1132 4900 &
1146 4828 1273 4900 nullum
1286 4826 1395 4901 adeffe
1411 4820 1544 4893 vidisset
1561 4847 1573 4888 a
1590 4823 1776 4913 perculsum
1795 4820 1893 4914 Egy-

240 4915 459 5014 re'gr'edietut
484 4919 519 4988 ἃ
550 4918 669 5017 pascua
694 4917 872 4990 inveniet.
900 4914 949 5007 ii·
973 4916 1045 5005 Qi
1090 4922 1204 5021 'ptium
1219 4923 1395 4996 abscondit
1424 4915 1566 4992 sabulo·
1591 4918 1751 5015 Egressus
1773 4917 1828 4995 die
1841 4916 1892 4991 al-

242 5016 425 5089 manducat
438 5038 545 5088 meam
560 5038 693 5089 carnem
705 5014 839 5088 &bibit
853 5012 1047 5103 meumsan·
1094 5041 1170 5093 tera
1184 5019 1365 5113 conspexit
1377 5019 1466 5094 duos
1477 5019 1634 5090 Hebreos
1649 5020 1826 5091 rixantes:
1839 5017 1895 5090 di·

198 5129 212 5199 5
242 5113 384 5207 guinem
399 5137 411 5179 r
425 5113 456 5184 in
473 5135 526 5183 me
541 5134 652 5188 manet
665 5115 702 5182 &
714 5135 786 5208 ego
796 5115 829 5183 in
842 5109 928 5187 illo.
946 5110 1046 5186 PAEt'
1094 5116 1214 5208 xitque
1227 5117 1260 5187 ei
1275 5117 1334 5210 qui
1351 5116 1675 5201 faciebat-iniuriam.
1688 5119 1803 5207 Qare
1814 5141 1894 5213 per·
1958 5172 1964 5184 .

242 5211 369 5307 ingre.
396 5207 762 5299 perseueranter
792 5211 890 5283 Patri
908 5205 1045 5281 &Filio
1093 5214 1183 5287 cotis
1195 5217 1389 5308 proximum
1402 5219 1516 5289 tuum?
1526 5214 1596 5304 Qti
1610 5216 1893 5310 respoudittquis
1922 5245 1995 5299 100

237 5309 276 5380 dc
304 5307 447 5402 Spiritui
464 5307 592 5380 Sancto
619 5308 654 5381 in
680 5303 790 5382 secula
815 5307 1007 5385 seculorum
1033 5355 1046 5380 .
1095 5331 1132 5385 te
1146 5315 1572 5400 eonmruitjudicem=aut
1589 5314 1777 5409 principem
1790 5315 1889 5404 super

238 5409 353 5481 Amen
370 5416 437 5476 0P.
452 5405 527 5503 Ego
539 5404 637 5477 sunt.
1094 5419 1186 5487 nos?
1213 5415 1384 5508 Numquid
1413 5412 1576 5487 occidere
1602 5438 1657 5486 me
1681 5432 1722 5483 tu
1741 5413 1795 5485 vis
1808 5410 1891 5480 licut

285 5512 373 5576 Com.
385 5500 570 5597 Repletum
586 5504 632 5573 est
648 5505 808 5600 gaudium
829 5511 973 5597 nostrum
985 5533 996 5577 t
1008 5512 1046 5582 δί
1094 5512 1247 5585 occidilli
1258 5513 1466 5608 Egyptium?
1480 5510 1608 5585 Timuit
1623 5504 1892 5599 Moysesstait.

197 5625 209 5675 a
239 5598 358 5700 lingua
372 5603 484 5676 nollra
498 5598 714 5676 exultatione
731 5651 742 5672 .
1095 5613 1179 5700 Quo
1188 5605 1297 5706 palam
1311 5609 1438 5682 fidum
1450 5609 1496 5678 est
1513 5607 1654 5682 verbum
1672 5605 1785 5679 illud?
1816 5608 1892 5679 Au·
1954 5646 1965 5699 t

288 5697 484 5796 oratiopoll
497 5698 705 5796 Com0Reple
718 5700 873 5778 Domine
900 5728 964 5779 cor
977 5728 1045 5781 uo·
1093 5707 1254 5801 cliensque
1270 5707 1406 5779 Pharao
1425 5705 1615 5777 sermonem
1627 5705 1716 5773 hunc
1737 5726 1893 5796 :quere-
1922 5702 1991 5809 10'5

234 5798 341 5872 sirum
355 5800 425 5870 &c
491 5802 500 5810 “
539 5821 564 5867 μ
1030 5824 1035 5835 ’
1093 5803 1153 5876 bat
1168 5799 1583 5894 occidereMoysen.Qi
1598 5801 1733 5897 fugiens
1748 5806 1792 5877 de
1807 5825 1892 5875 con·

235 5941 239 5947 -
281 5898 431 5987 Require
446 5914 539 5969 retro
563 5902 600 5968 iu
620 5902 731 5991 primo
755 5902 927 5972 Dominico
950 5911 1050 6006 Qut·
1096 5902 1210 5992 speetu
1225 5905 1327 5983 eiust
1344 5899 1561 5970 moratusest
1575 5897 1610 5968 in
1626 5885 1721 5973 terra
1738 5900 1894 5975 lrladianr

229 5989 532 6092 dragessntc.folio
549 6001 697 6071 chrrr.
1003 6038 1010 6047 ,
1087 6001 1135 6070 dt
1146 5997 1233 6070 sedit
1243 6002 1345 6085 Juxta
1357 6014 1523 6093 puteum.
1538 5998 1899 6085 ErautautemSacer-

1822 6101 1905 6180 doti
