4450 7209
396 799 443 854 ιν
507 824 509 830 -
824 769 856 849 Ρ
919 767 961 848 R
1007 770 1062 853 AE
1122 768 1159 850 F
1217 767 1258 848 A
1317 766 1362 848 T
1422 769 1444 849 Ι
1509 767 1578 850 Ο.
1796 840 1807 867 s

394 884 558 972 Goricio
588 880 711 969 nobili
740 881 1009 989 Novarienst,
1039 880 1152 990 cujus
1183 879 1405 990 industria,
1436 886 1475 967 8(
1509 879 1693 994 impense
1723 906 1785 963 ars
1800 886 2013 996 Typogra·

295 1000 298 1011 ’
396 1005 516 1117 phica
535 1003 673 1088 Toleti
705 998 1043 1112 promovebatur3
1076 1003 1115 1084 8(
1147 998 1232 1112 post
1261 1027 1387 1082 annos
1418 1024 1532 1107 tres,
1564 999 1886 1108 scilicet1502.,
1919 1010 2013 1088 Bre-

399 1123 571 1203 viarium
613 1117 877 1203 Mozarabum
909 1118 1048 1202 Toleti
1089 1116 1279 1229 prodiit,
1320 1118 1371 1201 ab
1411 1117 1549 1201 eodem
1589 1125 1707 1205 Petro
1740 1120 2010 1229 Hagembach

177 1229 183 1239 ⁴
312 1241 373 1324 16
404 1240 509 1351 typis
541 1236 771 1318 excussum.
803 1236 1062 1346 Exemplaria
1093 1235 1258 1320 Missalis
1288 1236 1535 1321 Mozarabici
1574 1264 1662 1320 raro
1701 1233 1918 1320 admodum
1953 1239 2012 1321 in·

397 1355 642 1440 veniuntur.
673 1352 774 1435 Tria
806 1353 908 1435 mihi
941 1352 1075 1438 vidisse
1106 1356 1307 1467 contigit,
1341 1384 1466 1438 unum
1493 1358 1782 1460 chartaceum,
1814 1352 1892 1436 duo
1923 1383 2012 1468 per·

397 1499 569 1586 gamena
594 1499 606 1579 3
639 1469 781 1578 quibus
812 1469 961 1553 duobus
994 1472 1082 1556 usus
1112 1473 1236 1556 sum.
1269 1481 1410 1559 Unum
1441 1492 1530 1556 erat
1565 1502 1588 1555 e
1618 1473 1863 1560 Bibliotheca
1894 1474 2010 1559 Emi·

397 1589 614 1675 nentilsrmi
645 1587 863 1672 Cardinalis
894 1592 1018 1674 Nerei
1048 1591 1232 1698 Corfini,
1264 1593 1483 1675 Clementis
1510 1597 1609 1676 XII.
1641 1588 1840 1675 Pontificis
1872 1592 2013 1705 Maxi-

400 1709 461 1791 mi
490 1707 622 1790 fratris
654 1704 763 1788 filii:
804 1705 912 1790 aliud
952 1738 974 1791 e
1007 1710 1252 1795 Bibliotheca
1295 1709 1605 1794 Eminentissrmi
1635 1707 1853 1792 Cardinalis
1893 1708 2010 1794 Silvii

400 1827 580 1911 Valentis
597 1831 797 1936 Gonzagae
816 1832 853 1913 S.
865 1832 915 1912 R.
927 1835 975 1913 E.
994 1829 1238 1925 Camerarii.
1272 1835 1505 1935 Utrumque
1538 1827 1742 1939 exemplar
1773 1828 2009 1939 integrum,

314 1970 368 2054 17
402 1947 441 2028 8(
474 1942 570 2026 solio
602 1941 787 2051 majori,
817 1969 863 2028 ut
895 1971 1081 2054 vocant,
1112 1945 1378 2058 impressum.
1411 1946 1563 2030 Missale
1595 1944 1744 2029 constat
1777 1943 1881 2028 soliis
1913 1973 2011 2055 qua·

399 2060 619 2173 dringentis
649 2060 854 2176 sexaginta
886 2068 924 2148 8(
959 2092 1145 2171 novem,
1178 2088 1320 2176 prater
1350 2065 1515 2147 titulum
1543 2126 1556 2169 ,
1588 2063 1898 2170 Prasationem,
1931 2070 2005 2147 Ca·

400 2178 656 2287 lendarium,
688 2190 815 2291 Aqua
845 2179 1182 2289 benedisiionem,
1215 2186 1277 2289 &,
1309 2182 1349 2264 iu
1370 2179 1670 2288 finc,1ndicem
1702 2183 1890 2287 brevem,
1923 2208 2011 2290 quc

401 2299 539 2382 omnia
569 2299 674 2383 soliis
705 2300 843 2383 decem
873 2299 1161 2383 absolvuntur.
1193 2300 1355 2413 Singula
1389 2299 1550 2384 Missalis
1580 2299 1675 2382 solia
1708 2299 1870 2412 paginas
1889 2296 2009 2409 duas,

402 2418 556 2531 pagina
587 2419 744 2532 srngulae
784 2419 988 2503 columnas
1019 2417 1113 2500 duas
1148 2419 1336 2525 habent,
1369 2417 1500 2532 paucis
1540 2414 1758 2500 admodum
1791 2418 2010 2530 exceptis,

401 2533 659 2643 earaeteres,
691 2537 832 2646 quibus
864 2538 1159 2649 Typographus
1192 2535 1276 2619 usus
1308 2535 1394 2644 est,
1426 2534 1474 2619 ad
1505 2534 1747 2649 germanicas
1776 2534 2010 2643 accedunt,

317 2652 372 2737 18
407 2655 549 2738 crebra
581 2655 672 2738 sunt
702 2656 967 2761 litterarum,
1000 2682 1226 2763 vocumque
1256 2651 1580 2738 contrasliones.
1620 2651 1883 2738 Ptamittitur
1914 2655 2013 2736 titu-

402 2773 462 2856 lus
493 2767 662 2886 Miffale
685 2768 858 2857 mixtum
887 2767 1108 2882 secundam
1135 2765 1336 2886 Regulam
1361 2766 1483 2856 Beati
1510 2765 1653 2881 Istdori
1689 2765 1840 2854 dissum
1866 2776 2012 2884 Moza·

400 2882 557 2996 tabes,
590 2889 834 3000 titulumque
874 2912 989 2973 ornat
1021 2894 1164 2999 Imago
1194 2898 1325 2976 Beata
1356 2889 1534 3001 Virginis
1576 2894 1613 2975 S.
1646 2888 1842 2972 Isidorum
1878 2889 2009 2974 casula

402 3006 604 3093 induentis
628 3051 644 3068 ·
676 3007 941 3117 Consequitur
971 3007 1193 3109 Praefatio,
1225 3007 1304 3091 srve
1338 3008 1470 3120 potius
1499 3004 1659 3119 epistola
1690 3005 1934 3090 dedicatoria
1961 3006 2013 3091 ad

400 3124 656 3208 Cardinalem
691 3127 957 3232 Ximenium‚
990 3152 1070 3234 qua
1099 3124 1283 3209 Alsonsus
1301 3127 1420 3211 Ottiz
1452 3125 1649 3208 rationem
1678 3123 1814 3208 reddit
1837 3123 2008 3236 injunsii

401 3241 473 3324 srbi
503 3244 664 3356 operis,
697 3246 734 3326 8(
767 3242 876 3325 suam
909 3242 950 3325 in
982 3241 1219 3351 exequendis
1251 3242 1467 3328 Cardinalis
1488 3243 1665 3327 Ximenii
1697 3241 1894 3326 mandatis
1925 3242 2017 3327 dili·

316 3382 370 3463 19
402 3359 623 3474 gentiam,
656 3358 854 3469 fidemque
886 3383 1213 3443 commemorat.
1251 3361 1408 3445 Deinde
1438 3360 1690 3470 consequitur
1719 3359 2012 3448 Kalendarium

300 3504 303 3510 ’
402 3478 708 3564 Mozarabicum
736 3539 749 3578 ,
780 3477 915 3589 sapius
945 3475 1108 3560 auslum
1136 3540 1150 3583 ,
1182 3478 1223 3561 in
1253 3507 1333 3587 quo
1365 3476 1498 3567 Sansli
1528 3481 1714 3593 leguntur
1745 3479 2015 3588 Franciscus,

402 3597 675 3699 Dominicus,
706 3595 890 3678 Thomas
922 3593 970 3676 de
1001 3595 1165 3702 Aquino
1192 3603 1376 3701 ,Petrus
1409 3605 1603 3707 Martyr,
1633 3600 1834 3684 Antonius
1856 3596 1913 3680 ¹de
1945 3605 2015 3683 Pa·

301 3716 307 3728 “
401 3712 482 3795 dua
512 3713 560 3795 ad
594 3713 776 3797 sacillum
808 3739 902 3794 x111.
944 3712 1186 3824 pertinentes
1213 3769 1224 3794 .
1254 3710 1541 3798 Kalendarium
1584 3717 1660 3796 hoc
1703 3717 1855 3826 excipit
1886 3723 2018 3826 Aqua

386 3827 660 3937 benedictio,
691 3831 861 3913 formula
880 3829 1023 3913 scilicet
1055 3828 1310 3914 benedicendi
1339 3858 1486 3940 aquam
1517 3829 1772 3940 aspersionis,
1804 3833 1920 3945 plane
1952 3862 2017 3919 an·

403 3948 551 4059 tiqua,
583 3948 985 4061 &‹GothoHispana
1011 4009 1025 4054 ,
1055 3973 1176 4058 atque
1207 3948 1289 4031 hac
1320 3953 1413 4032 cum
1445 3944 1715 4031 benedislione
1749 3951 1860 4062 panis
1892 3954 2017 4039 Eulo-

403 4068 513 4182 gici,
545 4071 583 4152 8(
617 4065 754 4152 Indice
787 4066 828 4149 in
860 4065 936 4149 line
969 4067 1089 4172 libri,
1122 4089 1236 4148 extra
1254 4066 1407 4150 Missale
1439 4064 1736 4177 quodammodo
1766 4067 1884 4152 limt.
1918 4068 2017 4154 Mis·

320 4207 374 4268 20
404 4187 480 4269 sale
519 4209 658 4269 autem
689 4184 991 4295 Mozarabicum
1031 4183 1116 4293 ejus
1155 4183 1307 4296 gene'ris
1346 4182 1402 4295 est
1428 4247 1441 4292 ,
1463 4182 1579 4294 quod
1610 4179 1848 4270 Plennrium
1881 4183 2018 4301 perfe-

403 4300 543 4408 slum,
574 4303 654 4385 sive
685 4289 868 4386 Mixturit
898 4301 1128 4414 appellant.
1159 4306 1254 4387 Non
1284 4302 1392 4385 enim
1422 4301 1519 4387 solas
1548 4302 1769 4411 orationes,
1802 4309 1840 4388 8(
1873 4333 2009 4417 preces

403 4417 715 4533 compledlitur,
746 4416 810 4501 sed
848 4416 1145 4505 Benedibiiones
1184 4448 1376 4531 quoque,
1407 4424 1447 4506 8(
1478 4421 1759 4532 Antiphonas,
1795 4422 2013 4536 Responso·

385 4541 487 4649 ria,
517 4539 706 4644 Cantica,
739 4542 953 4649 Hymnos,
986 4535 1171 4620 lectiones
1200 4534 1508 4652 scripturarum,
1537 4541 1692 4650 aliaque
1722 4538 1894 4648 cunsla,
1925 4570 2018 4652 quae

401 4659 444 4742 in
483 4657 600 4742 Missa
639 4655 857 4741 recitantur
896 4656 972 4739 rite
1001 4655 1182 4768 disposita
1207 4718 1223 4764 ,
1252 4662 1324 4764 8(,
1355 4657 1429 4741 suis
1460 4658 1554 4742 locis
1583 4656 1763 4770 digesta,
1791 4660 2013 4746 continet.

403 4773 612 4885 Ejusmodi
645 4798 783 4859 autem
812 4774 904 4858 libri
935 4801 957 4856 e
986 4773 1276 4887 commixtione
1295 4775 1460 4860 Milsalis
1488 4776 1703 4888 srmplicis,
1735 4775 2014 4889 Lediionarii,

402 4894 504 4981 Anti
536 4893 713 5000 honarii,
745 4883 1128 4979 &Benediltionalis
1146 4892 1381 5006 compositi,
1411 4885 1600 5005 Miffalia
1630 4887 1761 4980 mixta
1792 4889 2012 5009 perfessa,

389 5015 443 5096 8(
469 4923 657 5125 psnaria
684 5011 1040 5122 nuncupabantur.
1066 5009 1188 5119 Cujus
1205 5007 1537 5094 denominationis
1565 5011 1891 5125 significationem
1919 5043 2017 5100 cum

328 5141 334 5151 ’
403 5128 607 5241 Eugenius
656 5125 705 5209 de
744 5129 892 5212 Robles
930 5127 1178 5240 ignorasset,
1217 5128 1417 5214 rationem
1463 5155 1717 5215 commentus
1762 5131 1857 5236 est,
1898 5135 2018 5246 plane

401 5246 576 5354 salsam,
602 5274 671 5327 cur
697 5245 852 5346 Missale
881 5241 1087 5351 Ximenii,
1112 5275 1185 5360 pro
1212 5245 1355 5356 titulo,
1379 5250 1624 5362 appellatum
1649 5248 1768 5333 suerit
1797 5246 2018 5365 Mixtum,

402 5365 549 5476 suaque
579 5360 815 5447 audior'itate
846 5361 949 5445 viros
974 5361 1164 5473 quosdam
1195 5363 1368 5448 eruditos
1398 5368 1440 5449 in
1457 5395 1630 5452 errorem
1648 5364 1831 5477 induxit,
1860 5393 1905 5453 ut
1935 5400 2020 5456 cre·

403 5483 543 5567 derent
573 5480 792 5588 nonnulla,
817 5507 842 5563 a
870 5481 1010 5564 ritibus
1029 5481 1291 5567 Mozarabicis
1314 5483 1474 5592 aliena,
1504 5485 1662 5590 iubente
1681 5485 1894 5596 Ximenio,
1917 5490 2019 5576 Mis·

311 5616 367 5699 ξι
404 5603 508 5704 sali,
539 5631 631 5686 curn
669 5599 776 5714 typis
810 5597 1024 5708 ederetur,
1053 5599 1162 5685 suisse
1194 5601 1450 5715 interpolata.
1481 5601 1642 5703 Mitsale,
1664 5606 1930 5692 Mozarabum
1961 5610 2016 5693 ab

403 5722 597 5810 Adventu
630 5720 870 5825 inchoatur,
900 5744 979 5827 qua
1018 5718 1063 5802 in
1102 5746 1146 5801 re
1182 5748 1276 5804 cum
1307 5719 1533 5808 Orationali
1562 5721 1771 5835 Ghotico,
1804 5755 1896 5810 cum
1942 5736 2019 5816 Bo·

403 5841 525 5951 biens
554 5837 900 5953 sacramentario,
929 5835 1092 5955 aliisque
1122 5835 1230 5927 libris
1259 5838 1452 5958 liturgicis
1482 5840 1729 5958 Gallicanis,
1759 5846 2007 5934 concordat.

1926 5972 2019 6056 ,Αἰ
