4450 7209
794 534 832 571 «Ἴ
954 568 959 575 ,

308 814 313 825 ,
536 728 1675 814 Posrmctuvasnpletlnmtn
1867 756 1912 826 75

245 828 1056 923 mbiteumdemanupotentio'ris.Eruenient
1113 888 1119 899 .
1166 829 1227 906 Llo
1258 832 1292 902 in
1324 848 1480 928 tempore
1495 831 1665 906 Dominus
1687 828 1803 905 *noster
1821 830 1913 907 lesus
1948 852 1991 924 55

246 943 287 1010 δι
302 933 482 1009 laudabunt
495 928 528 1000 in
544 942 661 998 monte
678 927 775 1015 Syou
793 929 860 1000 .Et
875 928 1054 1004 confluent
1180 927 1336 1009 Christus
1354 927 1556 1022 loquebatur
1570 923 1739 1021 discipulis
1759 924 1848 1006 suist
1876 927 1911 1000 bc

247 1036 294 1106 td
308 1032 396 1105 bona
412 1025 552 1101 Domini
573 1022 669 1115 super
688 1021 862 1095 ffumsssstO
877 1050 886 1092 ³
903 1026 939 1096 ὅ(
952 1021 1057 1094 Vl110²
1109 1027 1222 1105 turbis
1236 1025 1374 1096 dicens.
1387 1028 1475 1099 Cum
1489 1024 1647 1100 videritis
1665 1023 1785 1097 nubem
1797 1021 1913 1102 orien-

250 1136 288 1201 &
306 1124 390 1201 oleo
407 1154 416 1197 s
434 1127 469 1195 δι
488 1122 560 1192 setu
577 1118 742 1212 pecudum
754 1120 790 1188 dc
808 1137 1058 1195 armentorum.
1110 1148 1181 1198 tem
1192 1125 1232 1195 ab
1248 1121 1367 1196 occasu
1381 1153 1391 1192 a
1405 1121 1514 1197 sittim
1532 1120 1656 1192 dicitis:
1671 1117 1800 1189 nimbus
1815 1120 1912 1199 venit

211 1248 224 1314 p
252 1227 393 1316 Eritque
408 1221 518 1296 anima
534 1236 653 1291 eorum
667 1212 755 1304 quasi
772 1214 892 1287 hortus
908 1215 1053 1307 irriguus
1105 1227 1142 1296 δι
1162 1222 1209 1294 ita
1223 1219 1263 1290 fit
1281 1264 1291 1285 .
1318 1217 1358 1286 Et
1380 1239 1454 1287 cum
1468 1219 1611 1294 austrum
1631 1217 1770 1289 flantem
1786 1214 1914 1291 videri,-

253 1327 290 1395 &
307 1320 397 1394 ultra
410 1315 478 1388 non
492 1311 651 1384 esurient.
664 1309 760 1379 Tunc
774 1309 1054 1407 letabiturvirgo
1106 1318 1151 1390 ris
1164 1345 1173 1386 r
1188 1313 1312 1409 dicitis
1329 1313 1405 1403 quia
1420 1314 1503 1383 ellus
1516 1313 1582 1384 erit
1599 1316 1633 1385 ἃ
1649 1313 1733 1386 fiet.
1759 1310 1913 1405 ipocrite
1946 1319 1997 1402 ὄρ

252 1419 286 1491 in
299 1408 616 1498 chototiuvenesa&
627 1402 722 1475 senes
738 1403 896 1479 fimul.Et
911 1431 1059 1480 conver·
1111 1414 1235 1490 faciem
1250 1407 1314 1491 celi
1344 1413 1381 1480 δι
1394 1428 1489 1480 terre
1519 1410 1617 1477 nostis
1634 1411 1805 1501 probare·
1837 1412 1915 1482 Hoc

250 1500 1061 1603 sanluctumeorunmgaudianuconsolabor
1110 1528 1228 1582 autem
1263 1517 1394 1601 tempus
1422 1507 1597 1596 quomodo
1627 1527 1697 1577 non
1727 1502 1916 1596 probatis?

252 1633 315 1682 tos
332 1636 342 1675 τ
372 1613 408 1680 de
436 1599 614 1678 letificabo
640 1622 657 1668 a
672 1595 795 1675 dolore
812 1598 897 1673 suo·
925 1601 969 1674 Et
985 1601 1059 1672 ine·
1109 1606 1191 1697 quid
1205 1617 1316 1678 autem
1331 1619 1375 1671 ex
1388 1602 1487 1677 uobis
1503 1625 1573 1675 non
1587 1600 1745 1684 judicatis
1758 1607 1851 1691 quod
1863 1609 1917 1682 iu·

211 1729 230 1781 o
253 1705 375 1778 briabo
389 1702 514 1774 animas
530 1682 754 1766 sacerdotum
767 1693 826 1785 pin
855 1694 1002 1767 uedine:
1022 1700 1057 1773 bc
1107 1702 1192 1775 uun
1205 1700 1282 1795 est?
1311 1699 1400 1772 Cum
1429 1717 1542 1773 autem
1559 1697 1654 1770 vadis
1673 1720 1747 1770 cum
1763 1698 1918 1779 adversa·
1968 1783 1973 1793 ἱ

254 1800 404 1899 populus
425 1817 516 1871 meus
527 1788 634 1901 ‚bonis
662 1789 742 1864 meis
760 1719 975 1883 inplebitur:
1007 1792 1057 1867 ait
1108 1797 1165 1869 rio
1180 1817 1240 1869 tuo
1255 1793 1295 1864 ad
1306 1794 1497 1959 principem
1519 1795 1553 1866 in
1571 1792 1651 1871 via:
1668 1795 1711 1871 da
1724 1817 1862 1888 operam
1876 1793 1916 1876 li.-
1946 1796 1995 1885 65

254 1901 428 1972 Dominus
442 1902 664 1982 omnipotens
682 1931 692 1952 .
719 1899 767 1976 132·
784 1891 922 1957 Amen.
1108 1893 1220 1966 berari
1238 1894 1278 1964 ab
1293 1890 1303 1960 i
1320 1890 1354 1963 lo
1372 1917 1380 1959 ε
1406 1916 1449 1965 ne
1467 1894 1556 1965 sorte
1576 1894 1688 1968 tradat
1709 1911 1747 1972 te
1775 1894 1816 1964 ad
1828 1890 1919 1977 judi·

304 1997 408 2070 οἷαι
417 1985 538 2060 saresb.
551 1981 722 2056 Dominus
739 1982 780 2052 tit
798 1983 933 2079 semper
957 1986 1063 2059 vobi·
1110 2013 1185 2063 cem
1203 2019 1212 2059 s
1243 1991 1279 2059 dt
1292 1989 1399 2076 judeis
1417 1991 1525 2061 tradat
1541 2007 1576 2058 te
1594 1989 1766 2071 errationis
1789 1991 1920 2063 &exa-

256 2091 369 2164 scum·
397 2100 447 2180 ¹3⁸·
460 2085 502 2154 Et
514 2100 615 2150 cum·
1109 2089 1188 2162 ator
1205 2086 1319 2160 mittat
1334 2102 1370 2156 te
1385 2083 1418 2153 in
1434 2106 1606 2156 carcerem
1624 2131 1635 2154 .
1663 2084 1753 2157 Dico
1770 2083 1832 2156 tibi
1847 2110 1918 2161 nou

211 2210 232 2280 :5
269 2232 272 2237 -
303 2182 506 2275 sallendo.
537 2174 687 2255 Adiutor
702 2199 794 2248 meus
811 2199 846 2246 es
864 2179 1062 2249 tuDomine
1113 2182 1194 2254 inde
1209 2181 1328 2259 exies:
1357 2181 1469 2254 donec
1495 2180 1598 2254 etiam
1621 2181 1838 2254 novissimum
1853 2183 1917 2256 mi·
2029 2175 2037 2190 ’

259 2281 388 2374 suscipe
405 2301 458 2348 me
472 2272 799 2347 secundumuerbum
813 2292 917 2346 tuum:
932 2298 1064 2347 nccou·
1114 2297 1233 2352 nutum
1250 2277 1576 2351 reddasaderam
1593 2296 1708 2355 autem
1731 2278 1865 2370 quidam
1881 2268 1918 2363 in
1947 2280 2048 2338 ΜΠ
2119 2316 2121 2320 ·

260 2381 380 2454 suadas
395 2397 448 2451 me
462 2375 504 2444 ab
517 2363 759 2475 expediatipne
771 2391 844 2443 mea
854 2371 948 2440 Deus
962 2392 1065 2443 meus.
1115 2377 1188 2477 ipso
1216 2396 1375 2467 tempore
1403 2374 1601 2455 nunciantes
1621 2370 1669 2451 illi
1697 2375 1738 2452 de
1754 2373 1889 2470 galileis
1899 2404 1915 2455 a
1949 2380 2000 2450 70>

264 2475 310 2573 s·
331 2471 507 2548 Recedant
520 2490 540 2536 a
553 2487 605 2536 me
619 2461 780 2561 m‘alsgnia
796 2464 1065 2557 &perscutsbo'r
1112 2496 1259 2568 quorum
1274 2469 1467 2566 sanguinem
1489 2466 1619 2545 Pilatus
1632 2470 1763 2549 miscuit
1776 2494 1852 2551 cum
1866 2472 1920 2552 sa.

267 2571 426 2645 mandata
442 2565 509 2638 Dei
527 2557 620 2667 mei:
648 2562 774 2646 adjuva
789 2583 842 2633 me
857 2588 868 2644 a
899 2566 933 2634 δι
954 2559 1064 2637 salvus
1112 2571 1253 2647 crifictis
1267 2589 1385 2638 eorum
1403 2603 1411 2636 s
1440 2565 1482 2639 Et
1497 2566 1704 2678 respondens
1718 2568 1808 2644 dixit
1828 2568 1917 2641 illis.

211 2690 239 2745 ta
265 2693 354 2741 ero·
384 2676 429 2736 P.
441 2663 496 2733 Ne
517 2657 704 2764 confundas
717 2682 798 2730 me·
1115 2667 1248 2742 Putatis
1273 2664 1369 2757 quod
1390 2663 1424 2733 hi
1444 2660 1559 2757 galilei
1581 2689 1642 2755 pre
1659 2665 1814 2745 omnibus
1833 2664 1919 2762 gali·

219 2822 222 2829 .
310 2765 412 2839 nicar
425 2751 544 2832 Presb.
556 2747 733 2828 Silentium
748 2756 880 2829 facite·
921 2845 923 2849 Α
1107 2762 1171 2839 leis
1210 2779 1409 2862 peccatores
1431 2759 1592 2835 fuerunt:
1619 2760 1698 2861 quia
1731 2758 1913 2872 taliapassi
1949 2780 1998 2862 75

1106 2860 1220 2934 sunt?
1262 2858 1380 2933 Non.
1423 2854 1515 2932 Dico
1543 2859 1642 2939 vobis
1668 2857 1727 2927 nisi
1781 2869 1917 2936 enaten-

284 2941 994 3052 ·Sequentiaeplslolei'wlladlsomanw·
1018 2964 1066 3042 iit·
1115 2959 1202 3049 tiam¹
1245 2950 1467 3026 habueritis:
1504 2977 1622 3027 omnes
1663 2884 1777 3024 umus
1792 2953 1918 3046 peribi-

256 3050 513 3156 De'ogratias.
559 3116 563 3122 ,
884 3053 1063 3142 eame.
1112 3054 1182 3124 ris:
1208 3054 1293 3123 ficut
1320 3047 1368 3120 illi
1383 3049 1499 3120 decem
1522 3054 1559 3123 bc
1589 3047 1674 3124 odio
1705 3045 1805 3142 supra
1833 3072 1919 3141 quos

211 3174 240 3244 ²5
604 3230 618 3240 ἐ
1115 3142 1587 3240 εοείἀῐῑωτῐῑείη-ίῑῐοεωε
1613 3143 1792 3219 &occidit
1830 3167 1918 3234 eos.

343 3247 497 3318 Ratres.
525 3244 620 3316 Deus
649 3242 752 3317 filium
769 3242 859 3314 strum
876 3240 1015 3312 mittens
1034 3243 1067 3314 in
1116 3246 1246 3320 Putatis
1290 3241 1368 3335 quia
1409 3243 1444 3312 δι
1471 3240 1530 3334 ipsi
1559 3239 1731 3327 debitores
1776 3239 1916 3328 fuerunt
1952 3243 1999 3313 8ο

360 3338 616 3413 similitudinem
633 3341 741 3413 caruis
756 3338 912 3431 peccati:
940 3339 974 3407 &
990 3363 1072 3431 pro·
1122 3362 1242 3435 preter
1275 3359 1395 3410 omnes
1426 3337 1580 3408 homiues
1614 3337 1808 3415 habitantes
1841 3337 1918 3412 irus

266 3436 531 3534 pr'erpeccatum
546 3438 716 3515 damnavit
727 3428 907 3528 peccatum‘
919 3433 1072 3507 incarne:
1117 3435 1319 3514 Jerusalem?
1341 3434 1426 3506 ldco
1440 3430 1518 3507 dico
1533 3431 1653 3517 uobiss
1670 3433 1726 3502 sed
1739 3435 1763 3504 st
1777 3458 1845 3505 non
1859 3457 1920 3527 pe·
1994 3501 1998 3507 ,

267 3556 304 3609 ut
322 3533 520 3625 justificatio
534 3529 619 3629 legis
635 3528 830 3625 impleretur
853 3530 884 3599 in
904 3531 1001 3602 nobis
1014 3535 1070 3624 qui
1121 3534 1298 3606 nitentium
1312 3529 1454 3626 egeritis
1469 3557 1478 3598 a
1502 3553 1620 3600 omncs
1636 3528 1727 3602 simul
1743 3530 1919 3626 peribitis.

212 3652 243 3724 30
269 3655 335 3706 uon
352 3628 533 3702 secuudum
557 3651 691 3704 carnem
704 3623 933 3709 ambulamuss
950 3625 1006 3698 sed
1020 3629 1071 3699 se·
1119 3631 1266 3704 Dicebat
1285 3645 1397 3700 autem
1412 3627 1496 3696 hanc
1508 3623 1780 3710 similitudinem.
1805 3628 1920 3710 Arbo-

240 3725 244 3736 '
270 3730 415 3802 cundum
438 3723 623 3818 spiritum.
647 3723 717 3817 Qui
740 3721 832 3792 enim
857 3723 1070 3797 secundun,
1120 3750 1189 3802 rem
1204 3727 1257 3799 fici
1268 3722 1413 3798 habebat
1431 3722 1566 3811 quidam
1579 3721 1761 3814 plantatam
1772 3723 1806 3801 in
1819 3723 1918 3795 vinea
1953 3719 1999 3807 ὃς

265 3844 398 3899 manem
411 3820 512 3894 sunts
536 3846 602 3917 que
617 3820 726 3892 carnis
743 3816 820 3890 sunt
835 3816 982 3910 sapiunt.
1000 3821 1070 3912 Qu
1121 3822 1177 3895 sua
1193 3871 1204 3894 .
1225 3824 1264 3901 Et
1292 3817 1388 3893 venit
1415 3841 1558 3910 querens
1587 3820 1731 3905 suisium
1760 3820 1792 3889 in
1810 3817 1866 3888 illa
1882 3821 1918 3890 δε

261 3942 354 3995 uero
376 3916 556 3992 secundum
572 3916 750 4014 spiritum:
780 3937 848 4004 que
876 3914 1072 4009 sunt'spiri·
1120 3943 1191 3992 non
1212 3917 1343 3990 invenit
1357 3962 1367 3983 .
1383 3913 1483 3987 Discit
1495 3932 1610 3995 autem
1626 3917 1666 3988 ad
1681 3916 1850 3987 cultorem
1864 3913 1918 3985 vi·

261 4031 318 4092 tus
343 4012 521 4087 sentiunt.
550 4014 638 4087 Nam
657 4008 836 4105 prudentia
852 4011 961 4082 carnis
978 4033 1069 4085 mors
1120 4037 1199 4087 nee.
1213 4014 1298 4084 Ecce
1311 4010 1389 4089 anni
1406 4031 1476 4081 tres
1492 4010 1566 4081 sunt
1579 4035 1627 4089 ‚ex
1640 4034 1711 4102 quo
1727 4010 1921 4102 venioque-

214 4129 243 4205 35
267 4112 333 4184 eu.
356 4108 544 4185 Prudentia
559 4129 672 4180 autem
690 4106 825 4202 spiritus
839 4105 913 4177 vita
932 4108 967 4174 δι
986 4132 1071 4199 pax·
1123 4134 1199 4185 rens
1214 4107 1361 4193 frusinm
1375 4106 1409 4178 in
1426 4104 1568 4180 ficulnea
1584 4108 1662 4177 hac:
1691 4109 1726 4177 dc
1740 4131 1809 4179 non
1822 4106 1920 4182 inve·

269 4205 441 4299 Quoniam
467 4203 756 4300 sapientiacatuis
787 4199 918 4272 inimica
935 4203 1070 4278 estias
1122 4208 1202 4280 nio·
1225 4205 1366 4278 Succide
1394 4225 1479 4301 ergo
1511 4201 1623 4287 illams
1652 4224 1691 4276 ut
1717 4203 1798 4294 quid
1815 4202 1920 4273 etiam
1952 4219 2002 4288 9ο

268 4302 380 4377 Deum
399 4346 409 4368 ·
435 4298 519 4396 Legi
545 4319 657 4373 autem
676 4297 744 4371 Dei
772 4320 840 4372 non
871 4297 1069 4380 subiiciturt
1122 4322 1245 4375 terram
1259 4304 1435 4393 occupat?
1463 4303 1513 4371 At
1535 4297 1591 4370 ille
1608 4300 1815 4396 respondens
1832 4298 1922 4384 dixit

269 4397 435 4472 necenim
452 4396 582 4486 potest.
607 4394 803 4485 Qiautem
827 4393 859 4463 in
878 4417 978 4471 carne
996 4395 1071 4470 sunt
1121 4396 1190 4473 illis
1215 4397 1364 4468 Domine
1392 4396 1526 4473 dimitte
1557 4395 1647 4468 illam
1674 4399 1920 4472 &hocaunoa

268 4496 350 4569 Deo
367 4490 501 4590 placere
529 4491 769 4582 nonpossunt.
803 4491 875 4562 Vos
909 4493 1071 4567 autemlu
1121 4493 1224 4586 usque
1251 4495 1330 4564 dum
1345 4493 1468 4566 fodiam
1483 4493 1573 4564 circa
1592 4491 1706 4564 illam:
1738 4496 1922 4569 &mittam

211 4612 245 4686 40
270 4614 370 4664 carue
387 4611 457 4663 non
476 4586 550 4659 eliis
567 4615 576 4657 a
606 4587 663 4657 sed
680 4585 713 4656 in
731 4585 877 4687 spiritu·
907 4590 942 4659 Si
959 4606 1071 4661 tamen
1121 4589 1270 4664 llercora
1285 4614 1294 4656 a
1312 4588 1472 4681 siquidem
1487 4588 1610 4658 feccrit
1627 4588 1770 4662 frudun
1786 4620 1794 4659 a
1809 4591 1855 4661 sin
1870 4615 1924 4662 au·
1968 4635 1970 4639 -

271 4687 406 4784 spiritus
422 4682 489 4755 Dei
507 4682 635 4756 habitat
654 4683 686 4755 in
700 4682 812 4767 uobis.
828 4681 940 4775 Siquis
958 4700 1071 4754 autem
1123 4703 1194 4758 tem
1224 4686 1260 4772 in
1277 4688 1398 4758 futuro
1413 4684 1548 4755 succido
1565 4707 1661 4753 eam.
1683 4686 1765 4756 Erat
1782 4705 1924 4759 autema
1951 4695 2006 4768 95·

271 4783 435 4880 Spiritum
462 4779 588 4851 Christi
617 4803 684 4850 non
714 4778 815 4850 habet
833 4805 843 4847 r
874 4779 927 4850 hic
943 4802 1009 4850 non
1025 4780 1073 4850 est
1122 4782 1250 4854 docens
1267 4781 1299 4851 in
1313 4782 1476 4875 sinagoga
1495 4800 1615 4850 eorum
1633 4779 1776 4860 sabbatis
1789 4829 1801 4851 .
1816 4782 1857 4859 Et
1871 4806 1926 4853 ec·

270 4885 342 4967 esur
359 4925 371 4951 .
393 4878 428 4952 si
446 4893 556 4950 autem
573 4874 725 4947 Christus
743 4875 775 4944 in
794 4872 888 4945 uobis
902 4875 949 4947 esi
964 4899 972 4940 ε
990 4898 1073 4948 cor·
1121 4902 1161 4950 ce
1176 4875 1293 4948 mulier
1305 4899 1371 4966 que
1385 4875 1530 4947 habebat
1545 4873 1698 4965 spiritum
1713 4875 1925 4953 infirmitatis

271 4999 332 5076 pua
358 4972 498 5069 quidem
526 4989 695 5046 mortuum
719 4969 767 5071 cll
793 4989 935 5063 propter
952 4992 1070 5062 pecca·
1109 4969 1928 5059 *annosdecem&06io.l:'teratinclinatanec

211 5091 243 5166 45
273 5093 362 5147 tum·
386 5067 533 5168 Spiritus
548 5089 634 5142 vero
651 5066 742 5139 vivit
758 5086 901 5162 propter
914 5064 1070 5155 justitita-
1122 5086 1258 5163 poterat
1284 5068 1427 5141 omnino
1452 5065 1576 5138 sursum
1590 5069 1760 5164 respicere
1781 5122 1793 5143 .
1817 5075 1930 5162 Qsm
1963 5131 1966 5135 .

272 5169 426 5244 tionem.
450 5162 581 5256 Quodsi
597 5159 737 5258 spiritus
762 5165 835 5248 elus
860 5163 916 5255 qui
931 5161 1069 5234 suscita·
1119 5187 1196 5241 ,curn
1212 5162 1450 5246 uidiffetlesus
1468 5162 1611 5255 uocauit
1633 5169 1677 5252 ad
1693 5166 1725 5235 se
1740 5154 1837 5243 &ait
1855 5166 1930 5252 illi,
1964 5171 2034 5247 10⁸2

271 5264 325 5339 vit
339 5260 451 5343 lesum
470 5258 651 5336 amortuis
669 5257 800 5331 habitat
817 5258 850 5328 in
866 5258 964 5331 vobis
981 5283 990 5326 r
1015 5257 1073 5352 qui
1124 5258 1253 5331 Mulier
1277 5256 1404 5334 dimissa
1431 5283 1467 5330 es
1500 5261 1541 5344 ab
1570 5259 1767 5346 infirmitate
1782 5285 1866 5338 tua:
1894 5266 1931 5336 &

244 5368 250 5377 '
271 5357 450 5434 suscitavit
463 5354 572 5442 lesum
585 5353 756 5433 Christum
770 5379 789 5427 a
802 5355 965 5427 mortuisr
982 5354 1074 5426 vivi·
1126 5355 1287 5450 imposuit
1301 5351 1351 5427 illi
1366 5379 1520 5431 manume
1545 5361 1580 5429 δι
1611 5361 1783 5440 confestim
1808 5378 1929 5453 erepta

256 5453 387 5532 nesbit
409 5454 444 5527 δι
467 5449 625 5528 rnortalia
641 5470 788 5544 corpora
806 5450 913 5522 vestra
931 5469 1077 5546 propter·
1128 5452 1175 5523 est
1188 5455 1223 5524 δι
1240 5450 1456 5548 glorificabat
1471 5452 1608 5530 Deum.
1627 5447 1853 5548 'Respondeas
1869 5446 1930 5528 au·

211 5569 243 5641 sn
253 5594 258 5603 ·
270 5550 521 5627 inhabitantem
535 5545 690 5646 spiritum
705 5551 775 5635 esur
789 5543 822 5616 in
838 5543 956 5620 vobis.
1128 5564 1199 5626 tem
1220 5549 1493 5646 archisinagogus
1509 5549 1687 5644 indignans
1699 5550 1777 5640 quia
1790 5550 1941 5639 sabbato.

323 5650 520 5742 sst.Atuen·
787 5678 788 5681 ¹
1126 5647 1269 5718 curasset
1282 5646 1391 5734 lesus.
1405 5646 1552 5718 Dicebat
1565 5645 1675 5716 turbe:
1694 5646 1754 5716 sex
1768 5648 1840 5723 dies
1853 5649 1929 5735 sunt
1964 5641 2034 5735 ξος

1126 5739 1304 5834 inquibus
1337 5759 1482 5833 oportet
1506 5741 1645 5836 operari
1666 5769 1676 5809 ε
1708 5741 1740 5811 in
1767 5746 1820 5815 his
1841 5770 1931 5842 ergo

372 5839 481 5915 lessio
501 5835 612 5932 scalis
635 5837 803 5936 evangelii
822 5836 999 5928 secundum
1017 5843 1083 5907 Lu·
1132 5837 1251 5907 uenite
1277 5835 1513 5909 &tutaminis
1538 5839 1658 5910 &non
1686 5836 1718 5905 in
1744 5839 1800 5909 die
1818 5840 1933 5912 sabba·

249 5978 252 5983 ·
267 5956 348 6011 cam
363 5979 374 6006 .
924 5940 1080 6030 capilli.
1133 5931 1186 6006 ri.
1211 5931 1404 6027 Respondit
1418 5951 1530 6102 uppem
1544 5932 1584 6005 ad
1600 5930 1694 6008 illum
1708 5931 1876 6010 Dominus
1892 5939 1929 6010 δι

480 6074 485 6082 -
1505 6052 1525 6100 2
1815 6031 1928 6106 dixit.
