4450 7209
310 786 479 860 uxrem
735 764 1508 855 PRAEaarloz

314 893 376 989 ab,
395 891 470 976 illic
499 880 751 974 dissentiunt.
782 879 997 971 Orationes
1027 881 1205 971 Miliales
1223 883 1353 995 hujus
1370 881 1712 994 sacramentarii,
1736 911 1819 973 non
1849 913 1943 974 raro

288 1056 292 1063 ·
315 1011 577 1098 desumuntur
593 1033 615 1089 e
633 1000 778 1090 Millali
797 1002 998 1112 Gothico,
1023 1002 1116 1090 five
1136 1003 1471 1115 Gallo-Gothico,
1497 1033 1784 1117 nonnunquam
1812 1007 1943 1096 etiam

320 1153 345 1219 e
372 1127 521 1217 Millali
553 1123 841 1231 Mozarabico,
880 1144 952 1206 aut
980 1123 1124 1237 potius
1162 1152 1185 1210 e
1218 1123 1374 1212 vetusto
1403 1124 1751 1235 sacramentario,
1791 1154 1874 1239 quo
1915 1126 1947 1214 ii

320 1249 378 1335 usi
407 1247 533 1354 sunt,
563 1240 635 1356 qui
665 1242 970 1333 Mozarabicum
1003 1244 1348 1357 composuerunt.
1376 1245 1504 1333 Milia
1531 1247 1840 1335 sacramentarii
1868 1255 1945 1336 Bo·

205 1374 287 1460 282
321 1365 476 1456 bienfis-
498 1359 551 1449 ad
580 1364 707 1450 ritum
740 1364 996 1478 Gallicanum
1036 1361 1168 1450 llridle
1211 1393 1292 1450 non
1328 1365 1568 1480 pertinent.
1603 1371 1716 1454 Nam
1756 1364 1944 1454 ordinent

320 1483 567 1602 quemdam,
595 1484 866 1598 eGallicano,
898 1487 1148 1570 &Romano
1179 1484 1469 1595 commixtum,
1497 1508 1621 1599 atque
1650 1487 1859 1573 consulum
1887 1511 1949 1572 te·

321 1629 448 1694 nent.
478 1599 688 1696 Ledliones
717 1627 819 1712 tren,
851 1607 892 1690 8(
916 1604 1132 1692 Orationes
1163 1632 1335 1712 omnes,
1369 1604 1490 1718 usque
1519 1604 1569 1691 ad
1596 1604 1718 1691 finem
1748 1599 1948 1725 comesta·

320 1720 482 1835 tionis,
514 1730 734 1841 Hymnum
762 1718 909 1810 Gloria
936 1719 982 1809 in
1010 1715 1206 1836 excelsts,
1237 1723 1452 1812 Canticum
1480 1721 1753 1832 Benedicite,
1786 1729 1826 1812 8<
1859 1727 1944 1814 alia

321 1844 504 1959 quadam
537 1873 589 1930 ert
615 1845 752 1930 ordine
779 1843 987 1932 Gallicano
1015 1841 1261 1929 desumunt.
1291 1851 1386 1953 At,
1416 1842 1594 1930 absoluta
1623 1843 1946 1958 contestatione,

320 1966 430 2052 nulla
461 1964 536 2050 illis
563 1962 619 2049 est
645 1964 777 2048 oratio
798 1954 890 2082 post
906 1959 1112 2073 Saralius,
1143 1961 1209 2048 sed
1236 1991 1310 2078 pro
1339 1990 1412 2073 ea,
1442 1956 1727 2078 contestationi
1752 1965 1948 2050 continuo

321 2083 573 2198 subjungitur
603 2085 760 2198 integer
786 2089 926 2169 canon
946 2074 1197 2193 Romanus,
1228 2111 1312 2194 quo
1346 2111 1397 2168 ex
1428 2083 1545 2191 leto,
1588 2082 1784 2168 recitatur
1813 2085 1945 2170 oratio

323 2203 563 2307 Dominica,
594 2207 660 2313 dc,
691 2198 795 2287 salia
819 2208 1145 2313 communione,
1175 2203 1306 2287 oratio
1332 2112 1427 2318 pud
1450 2198 1793 2311 communionem,
1818 2231 1947 2316 quam

206 2327 294 2437 283
326 2323 407 2408 alia
437 2322 590 2437 excipit
615 2315 907 2433 consummatio
931 2317 1070 2440 Miffae
1103 2322 1320 2437 inscripta.
1353 2321 1435 2407 Hic
1460 2317 1557 2405 ordo
1589 2317 1798 2436 Romensir
1822 2322 1948 2412 deno·

323 2441 577 2548 minabatur,
609 2440 947 2553 quemadmodum
973 2470 1023 2528 ex
1050 2440 1175 2527 titulo
1200 2439 1327 2527 Missa
1357 2442 1497 2556 prima
1521 2440 1717 2550 conjicere
1750 2441 1870 2552 licet,
1897 2468 1949 2530 ea

324 2561 435 2646 enim
463 2589 536 2674 pro
560 2555 772 2648 ordinario
791 2556 926 2693 Miffae
954 2561 1145 2676 ponitur,
1173 2563 1214 2646 8<
1242 2554 1370 2673 Miffa
1391 2555 1598 2672 Romenstr
1629 2557 1860 2648 cottidiano
1889 2561 1956 2654 in·‚

320 2679 531 2766 scribitur.
570 2678 718 2765 Ritum
752 2682 859 2767 hunc
884 2679 1130 2769 Romenl'em
1157 2678 1336 2791 sequitur
1370 2679 1487 2794 longe
1515 2679 1696 2764 maxima
1731 2709 1822 2796 pars
1850 2677 1950 2767 Mil·

326 2797 457 2884 sarum
484 2791 793 2886 sacramentarii
824 2800 1058 2910 Bobienfis,
1087 2827 1176 2909 qua
1204 2798 1246 2882 in
1275 2792 1605 2914 contestationem
1622 2798 1833 2909 desinunt,
1860 2797 1951 2912 qui·

324 2917 397 3002 bus
425 2923 566 3003 Canon
596 2925 835 3030 Romanus,
867 2924 907 3006 8(
933 2919 1045 3029 alia,
1076 2914 1128 3002 ad
1155 2915 1279 3002 finem
1312 2915 1432 3027 usqde
1459 2919 1585 3003 Milia
1613 2918 1851 3027 recitanda,
1882 2916 1954 3004 ad·

322 3035 505 3146 duntur,
532 3032 703 3152 eMiffa
733 3033 926 3150 Romenss
951 3031 1197 3154 quotidiana
1225 3035 1428 3150 petenda.
1459 3034 1533 3124 Sed
1567 3063 1711 3151 prater
1737 3041 1831 3149 has,
1858 3037 1951 3123 sunt

320 3154 364 3242 in
391 3157 712 3244 sacramentario
740 3158 920 3246 Bobienfi
947 3154 1233 3271 septemdecim
1266 3155 1426 3264 Missa,
1465 3183 1554 3267 qua
1580 3157 1707 3242 ritum
1734 3158 1951 3271 Gregoria·

319 3302 421 3361 num
457 3271 694 3384 seclantur,
730 3275 875 3387 quibus
906 3300 985 3362 tres
1016 3276 1107 3361 sunt
1134 3276 1331 3360 orationes
1373 3297 1469 3358 ante
1505 3304 1734 3388 canonem,
1773 3277 1950 3392 prima,

321 3394 487 3480 nomine
514 3395 676 3510 proprio
701 3420 841 3481 caret.
870 3393 1305 3509 Secundainscribitur
1323 3387 1510 3505 secreta,
1538 3396 1659 3480 tertia
1689 3390 1951 3514 contestatio,

234 3517 239 3524 '
321 3542 449 3626 quam
465 3522 606 3600 canon
633 3520 865 3624 Romanus,
894 3517 1062 3625 aliaque
1092 3514 1292 3600 orationes
1319 3512 1369 3596 ad
1399 3511 1520 3598 finem
1551 3515 1711 3627 Missa,
1742 3513 1791 3598 de
1812 3541 1955 3625 more,

206 3640 293 3744 284
318 3634 616 3745 consequuntur
631 3634 832 3735 ‚3Millale
857 3632 978 3739 illud,
1004 3631 1116 3745 quod
1140 3639 1237 3719 Em.
1247 3633 1488 3718 Thomafius
1507 3627 1677 3746 Miffale
1694 3640 1952 3723 Francorum

323 3752 516 3868 inscripsit
546 3749 687 3879 (quia
714 3753 760 3836 'in
788 3753 905 3838 Milia
928 3772 1006 3868 pro
1025 3741 1234 3870 Regibar,
1261 3757 1397 3836 Deum
1414 3774 1533 3849 orant
1556 3773 1635 3866 pro
1661 3748 1799 3870 Regni
1816 3760 1952 3841 Fran·

321 3902 460 3961 corum
491 3864 782 3988 principibus,
819 3876 859 3958 8<
886 3899 959 3988 pro
972 3862 1093 3985 ⁸llam
1122 3863 1262 3988 Regni
1290 3875 1543 3957 Francorum
1572 3864 1591 3982 )
1630 3871 1843 3994 integrum·
1868 3900 1953 3961 non

326 3993 407 4103 est,
434 3990 499 4079 sed
533 3992 585 4076 ab
617 3991 765 4103 initio,
804 3996 846 4078 8(
877 3993 919 4078 in
952 3991 1030 4076 fine
1061 3990 1283 4075 mutilum.
1325 3989 1462 4075 Habet
1489 4011 1661 4097 autem,
1692 4015 1835 4106 prater
1863 4020 1952 4078 ora·

195 4181 196 4185 a
296 4113 449 4198 tiones
486 4110 659 4196 Millales
697 4112 884 4225 pleraque
924 4110 976 4196 ad
1017 4109 1362 4216 Ordinationem,
1403 4114 1444 4196 8(
1492 4107 1818 4198 Βεηεάἰξίἰοηοπι
1854 4112 1955 4226 Epi·

323 4231 462 4345 scopi,
493 4228 752 4341 Presbyteri,
784 4232 986 4339 Duroni,
1027 4234 1067 4315 δι
1105 4229 1337 4315 inferiorum
1375 4228 1622 4314 clericorum
1662 4231 1907 4346 pertinentia
1941 4272 1954 4318 ·.

322 4349 669 4437 Consecrationem
707 4377 870 4464 quoque
905 4351 1086 4458 Altaria,
1126 4347 1288 4460 ejusque
1322 4346 1570 4465 Ministerii‚
1605 4354 1646 4436 8<
1680 4350 1899 4466 virginum
1938 4413 1957 4463 ,

324 4494 449 4581 atque
466 4467 697 4557 Viduarum
725 4469 1044 4557 benedidiionem
1062 4470 1253 4575 exhibet,
1283 4470 1421 4553 omnia
1446 4497 1499 4552 ex
1524 4473 1844 4558 Sacramentario
1872 4478 1956 4558 Ge·

326 4590 475 4677 lastano
505 4596 598 4677 Em.
619 4583 830 4704 Thomasti
854 4593 1092 4708 desumpta,
1120 4614 1166 4676 ut
1195 4589 1417 4674 conferenti
1448 4591 1605 4704 patebit
1644 4593 1759 4678 lib.1.
1788 4595 1956 4677 N.xcv.

326 4740 394 4796 xx.
423 4740 578 4797 xcvur.
608 4738 704 4794 c111.
743 4715 785 4797 8<
815 4739 1020 4797 arxxvm.
1059 4711 1131 4796 ubi
1160 4706 1352 4822 quadam,
1374 4733 1620 4821 occurrunt,
1658 4713 1804 4824 quibus
1834 4713 1957 4799 Gela·

326 4830 477 4915 fianum
517 4831 672 4943 supplet
712 4857 791 4936 ea,
833 4860 922 4943 qua
951 4830 1097 4915 missali
1135 4836 1381 4915 Francorum
1412 4830 1584 4939 desunt,
1616 4836 1656 4917 8(
1687 4837 1832 4947 plura,
1866 4860 1958 4944 quae

326 4949 528 5033 eMilsali
558 4955 806 5033 Francorum
848 4952 890 5035 in
932 4951 1188 5036 Gelafianum
1227 4950 1442 5058 transferri
1479 4974 1673 5060 queunt.
1718 4950 1959 5066 Ordinem,

157 5076 160 5082 ’
210 5072 290 5180 285
323 5095 446 5180 quem
480 5069 522 5150 in
552 5064 707 5172 Missa,
740 5090 855 5153 tenet
884 5069 1046 5155 Missale
1078 5078 1357 5176 Francorum,
1379 5072 1468 5154 'nec
1502 5069 1553 5155 ad
1580 5076 1845 5182 Romanam,
1878 5100 1957 5161 nec

328 5184 378 5279 ad
409 5185 636 5297 Litutgiam
671 5185 921 5272 Gallicanam
955 5182 1170 5303 pertinet,
1208 5187 1273 5272 sed
1310 5185 1361 5272 ad
1393 5190 1600 5275 consulum
1642 5192 1863 5302 quemdam
1906 5192 1960 5279 εἰ·

325 5329 449 5417 tum,
480 5334 503 5388 e
532 5310 752 5413 Romana,
785 5308 825 5390 bt
853 5310 1057 5406 Gallicana
1083 5311 1269 5423 Liturgia
1306 5307 1594 5425 comparium.
1624 5311 1694 5411 ab
1725 5342 1776 5396 co
1806 5339 1959 5401 tamen

320 5425 552 5536 diversum,
614 5453 708 5508 uem
741 5448 854 5540 tenet
881 5428 1245 5543 Sacramentarium
1278 5430 1500 5527 Bobiense,
1533 5430 1669 5516 Habet
1697 5456 1837 5517 autem
1870 5463 1959 5520 ora·

323 5548 476 5633 tionem
513 5564 567 5662 po
609 5538 940 5661 Prophetiam,
973 5540 1127 5633 ‘scilicet
1157 5545 1242 5663 poll
1269 5549 1484 5634 (anticum
1512 5551 1740 5651 Zaccharia
1774 5550 1958 5642 Benedi-

322 5664 409 5756 trus
428 5660 627 5754 Dominus
652 5673 765 5753 Deus
795 5662 929 5778 lsrael
946 5658 1033 5756 &a
1052 5675 1167 5756 Tum
1195 5696 1316 5754 unam
1345 5663 1436 5785 post
1459 5689 1654 5785 precem,
1686 5701 1812 5784 quam
1844 5673 1919 5758 abl
1942 5721 1958 5744 ·

322 5789 417 5874 lutis
447 5786 628 5904 precibus
655 5786 885 5874 Diaconicis
915 5788 1171 5901 recitabant,
1201 5788 1332 5906 postea
1363 5788 1465 5875 duas·
1489 5813 1586 5880 ante
1612 5790 1810 5902 nomina,
1843 5791 1957 5881 dein·

323 5902 373 5995 de
404 5909 498 5996 duas
522 5902 650 6029 super
686 5901 859 6028 oblata,
877 5909 972 6023 ‚has
996 5910 1252 6033 consequitur
1281 5902 1537 6039 comestam,
1577 5939 1709 6030 quam
1732 5914 1835 6007 Ritu
1874 5921 1959 6002 Ro-
