4450 7209
604 675 745 753 FERIA
769 677 958 772 QJINTA
982 673 1036 753 lN
1059 676 1191 752 CENA
1215 674 1424 756 DOMINI·
1485 771 1491 776 ,
1770 679 1836 756 stt
1950 679 1955 690 '

45 822 50 828 ·
187 777 238 852 eil
262 774 375 852 anima
399 799 475 853 mea
505 774 610 873 usque
635 781 678 853 ad
700 794 854 851 mortem
878 825 890 849 .
916 781 982 851 Su·
1031 779 1145 860 Quem
1166 778 1342 872 qiteritis?
1374 775 1428 851 llli
1452 771 1838 860 autemdixeruntele·
1872 795 1917 874 55

188 876 311 952 iiinete
338 875 395 948 bic
428 904 438 944 a
477 877 513 950 ἃ
546 871 730 973 vigilate.
769 875 847 971 lpse
890 898 981 952 vero
1029 873 1103 952 sum
1127 875 1343 950 Nazarenum
1369 924 1379 946 .
1403 870 1598 971 Respondit
1620 879 1713 958 lesus
1737 927 1747 951 .
1771 875 1840 950 Di·

186 970 358 1048 discetur·
371 973 414 1048 ab
448 972 499 1046 eir
536 1001 547 1043 a
580 993 745 1068 quantum
777 972 899 1071 lapidis
925 979 980 1061 ja·
1028 972 1066 1046 xi
1090 973 1190 1046 vobis
1219 1001 1228 1043 e
1255 997 1325 1072 ego
1344 969 1422 1048 sum
1450 1017 1460 1040 ·
1489 973 1577 1048 Cum
1621 997 1736 1054 autem
1784 974 1838 1047 di·

185 1069 294 1148 etus.
323 1071 368 1147 Et
397 1094 533 1169 ponens
563 1095 673 1169 genua
702 1071 760 1144 sua
777 1098 801 1159 ¹s
827 1070 979 1171 procidit
1027 1069 1326 1170 xisieteegosum
1353 1098 1363 1139 r
1394 1070 1530 1146 arcessit
1557 1071 1599 1146 ad
1630 1099 1708 1149 eum
1733 1073 1837 1152 ludas

135 1168 216 1271 5in
248 1166 369 1242 faciem
400 1167 502 1266 super
529 1187 694 1244 terrama
721 1192 825 1242 orans
861 1175 899 1246 dt
924 1167 979 1246 di·
1028 1167 1183 1244 &dixit
1211 1217 1223 1240 .
1254 1174 1336 1244 Ave
1368 1166 1478 1244 Rabbi
1504 1193 1513 1235 s
1540 1170 1576 1240 ἃ
1605 1171 1775 1247 osculatus
1793 1171 1841 1245 eli
1936 1243 1951 1254 ,

182 1291 288 1341 cens.
317 1269 422 1343 Pater
445 1297 458 1339 s
482 1267 602 1343 omnia
626 1263 793 1362 possibilia
805 1265 868 1342 tibi
879 1267 977 1344 sunta
1026 1289 1107 1342 eum
1131 1313 1142 1334 ·
1166 1266 1261 1351 lesus
1286 1287 1398 1344 autem
1439 1264 1528 1341 dixit
1569 1265 1601 1338 ei
1632 1317 1643 1341 .
1669 1263 1728 1344 'Ad
1757 1269 1840 1364 quid
1869 1268 1920 1342 60

179 1364 287 1439 fivia
312 1364 462 1442 transfer
489 1363 630 1440 calicem
654 1366 747 1439 bunc
773 1391 794 1440 a
817 1387 892 1443 nte.
908 1367 980 1440 Ve·
1029 1363 1151 1438 venisti
1179 1364 1286 1439 amice
1314 1363 1441 1440 iluda
1468 1359 1588 1438 osculo
1627 1363 1737 1442 lilium
1770 1369 1838 1444 ho·

179 1481 375 1540 rumtameu
397 1489 471 1540 non
494 1463 581 1538 sieut
609 1487 679 1562 ego
704 1460 980 1538 v010=sedn·
1028 1461 1128 1535 minis
1168 1461 1277 1536 tradis
1311 1458 1395 1533 iSi
1436 1481 1492 1532 me
1522 1461 1704 1554 queritis:
1737 1461 1840 1540 sinite

179 1579 239 1636 rut
271 1579 311 1634 tu
332 1561 410 1636 vis.
438 1563 480 1636 Et
501 1561 600 1634 veuit
612 1565 657 1636 ad
672 1558 856 1657 discipulos
871 1562 979 1638 suos:
1027 1559 1094 1635 bos
1122 1559 1241 1634 abires
1259 1575 1297 1632 ut
1324 1553 1570 1653 adimpleretur
1598 1558 1710 1640 sermo
1733 1585 1835 1658 quem
1944 1603 1953 1610 -

104 1689 158 1749 10
179 1659 216 1732 dt
241 1658 377 1734 invenit
403 1685 466 1738 eos
489 1659 738 1739 dormientes.
767 1659 810 1732 Et
834 1657 883 1733 ait
911 1662 980 1734 Pe·
1028 1657 1119 1731 dixit
1149 1707 1161 1730 .
1190 1656 1282 1748 Qia
1309 1679 1398 1754 quos
1421 1654 1543 1730 dedisti
1571 1656 1654 1733 mihi
1684 1691 1695 1734 ε
1725 1659 1836 1736 nemi·
1910 1697 1911 1700 κ

181 1776 266 1833 tro.
295 1755 420 1835 Simon
451 1759 580 1833 dormis
609 1761 626 1830 ἓ
654 1756 712 1832 Sic
738 1780 810 1837 non
838 1755 980 1852 potuisti
1029 1779 1108 1830 nem
1137 1778 1183 1829 ex
1223 1753 1303 1850 ipsss
1345 1752 1518 1851 perdidi.
1546 1754 1667 1831 Simon
1719 1757 1838 1850 itaque
1870 1757 1923 1854 65

185 1877 251 1930 una
275 1855 364 1933 bora
393 1854 540 1956 vigilare
569 1857 732 1931 meeum?
754 1852 912 1954 Vigilate
943 1857 981 1930 &
1029 1855 1156 1930 Petrus
1184 1852 1311 1928 babens
1341 1849 1495 1951 gladium
1520 1851 1643 1928 eduxit
1668 1877 1747 1930 eum
1769 1881 1779 1924 a
1801 1859 1840 1932 dt

181 1969 285 2028 orate
312 1980 323 2023 s
354 1973 396 2032 ut
423 1979 497 2030 non
519 1953 656 2030 intretis
670 1953 705 2028 in
719 1953 980 2029 tentationem.
1028 1951 1196 2048 pereuffit
1225 1950 1362 2024 servum
1386 1947 1548 2048 principis
1574 1952 1801 2028 Sacerdotum
1829 1979 1842 2028 e

181 2051 329 2150 Spiritus
375 2053 512 2149 quidem
549 2069 771 2149 proruptura
800 2071 885 2150 caro
917 2076 982 2126 au·
1029 2051 1066 2123 dt
1092 2048 1288 2146 amputavit
1313 2045 1501 2124 auriculam
1530 2057 1605 2139 ejus
1634 2053 1841 2128 dextram.

101 2177 154 2254 ις
185 2170 255 2224 tem
282 2150 439 2228 infirma.
469 2153 600 2227 lterum
621 2147 772 2224 secundo
796 2149 881 2224 abiit
908 2174 919 2220 r
945 2154 984 2226 dr
1032 2145 1136 2222 Dixit
1162 2172 1253 2244 ergo
1274 2145 1369 2224 lesus
1400 2151 1506 2224 l'etro
1532 2193 1545 2217 .
1576 2149 1730 2226 Remitte
1761 2147 1841 2250 gia.
1904 2145 1913 2194 ‘-

182 2247 304 2326 oravit
335 2251 480 2326 dicens.
507 2250 612 2324 Pater
649 2247 697 2327 mi
725 2273 736 2316 s
761 2247 789 2320 ii
817 2271 890 2324 nou
919 2273 987 2344 po·
1033 2245 1127 2324 dium
1167 2251 1264 2322 tuum
1303 2242 1339 2317 in
1379 2243 1540 2344 vaginam
1563 2292 1575 2316 .
1597 2248 1720 2324 Omnis
1750 2251 1841 2325 enim
1869 2265 1923 2354 7⁵,

187 2349 252 2421 tesi
274 2344 364 2421 calix
385 2349 444 2424 isle
470 2347 614 2423 transire
642 2348 704 2422 nist
732 2345 845 2421 bibam
870 2344 985 2425 illurna
1032 2345 1092 2440 qui
1120 2339 1241 2443 gladio
1269 2341 1375 2418 suerit
1402 2363 1568 2440 operatus
1598 2371 1608 2416 t
1638 2342 1759 2444 gladio
1773 2371 1837 2445 pe·

185 2445 249 2518 liat
278 2442 447 2523 voluntas
475 2466 570 2521 tua·
603 2445 786 2544 Exurgens
820 2447 865 2520 ab
903 2470 986 2521 ora·
1033 2441 1119 2517 ribit
1145 2491 1156 2514 .
1180 2447 1235 2516 An
1260 2459 1361 2538 putas
1388 2468 1399 2513 a
1428 2440 1507 2538 quia
1532 2447 1751 2538 nonpoffum
1782 2471 1842 2521 ro·

182 2543 282 2619 tione
311 2546 412 2620 venit
440 2547 485 2621 ad
511 2541 697 2641 discipulos
725 2541 807 2621 suos
833 2572 845 2614 a
873 2545 911 2618 St
933 2545 986 2618 in·
1032 2563 1119 2640 gare
1144 2559 1279 2638 patrem
1306 2563 1421 2616 meum
1446 2565 1456 2609 s
1479 2544 1516 2615 dt
1544 2541 1728 2641 exhibebit
1756 2543 1844 2622 mibi
1966 2629 1968 2634 ,

99 2667 155 2726 20
183 2642 283 2717 veuit
306 2667 370 2720 eoa
403 2643 618 2720 dormientes
626 2666 690 2737 pre
703 2642 985 2720 tridiria.Erant
1031 2641 1140 2714 modo
1170 2636 1343 2733 plusquam
1375 2639 1562 2717 duodecim
1596 2637 1703 2718 millia
1726 2638 1842 2744 legio-

184 2758 303 2815 autem
332 2739 425 2819 oculi
453 2764 574 2818 eorum
603 2742 776 2838 gravatis
804 2738 985 2818 &nescie-
1030 2761 1092 2811 ues
1120 2735 1339 2835 Angelorum
1367 2745 1384 2812 i
1412 2739 1601 2832 Qomodo
1642 2761 1730 2840 ergo
1775 2741 1842 2823 im·
1873 2761 1926 2842 75

183 2841 269 2914 bant
297 2839 379 2937 quid
403 2842 437 2915 ei
465 2840 715 2935 responderent
742 2884 754 2909 .
783 2840 828 2914 Et
851 2835 981 2914 relidit
1032 2835 1220 2934 plebuntur
1244 2835 1429 2932 Scripture'
1456 2841 1473 2908 i
1499 2839 1579 2933 quia
1616 2837 1664 2910 iic
1691 2860 1842 2937 oportet

181 2932 413 3014 illiraiterum
429 2939 512 3013 abiit
528 2939 659 3013 tertio.
683 2933 871 3015 &oravit·
891 2937 978 3011 Sub·
1028 2934 1106 3014 lieri
1137 2982 1149 3006 .
1175 2935 1217 3009 Et
1255 2937 1467 3034 contingens
1514 2933 1700 3013 auriculam
1743 2938 1839 3014 servi

181 3033 373 3136 levatisque
387 3036 499 3114 oculis
511 3038 546 3111 in
562 3035 671 3113 celum
681 3036 786 3113 dixit.
798 3041 904 3113 Pater
916 3061 980 3112 ve·
1027 3035 1203 3109 Dominus
1237 3032 1410 3113 rimavit
1451 3056 1524 3112 eam
1558 3082 1568 3107 .
1605 3033 1672 3110 Ait
1714 3056 1836 3114 autern

101 3163 154 3240 ²5
183 3133 238 3209 nit
251 3135 501 3215 botarelatilica
514 3132 622 3210 lilium
633 3153 783 3209 tuumsur
795 3135 887 3208 filius
898 3153 979 3210 tuus
1029 3133 1082 3204 bis
1108 3131 1168 3226 qui
1208 3129 1251 3203 ad
1289 3154 1369 3208 eum
1405 3150 1574 3207 venerant
1602 3134 1743 3225 .Qasi
1790 3135 1836 3209 ad

184 3230 352 3313 elarilicet
378 3253 449 3310 te.
476 3233 651 3329 Apparuit
682 3251 799 3309 autem
823 3228 874 3304 illi
904 3240 982 3308 An·
1029 3230 1200 3305 latronem
1224 3227 1361 3307 venistis
1386 3252 1462 3306 curn
1489 3227 1611 3330 gladiis
1635 3235 1672 3306 Sc
1695 3229 1837 3313 fustibus
1877 3232 1928 3314 So
2086 3329 2088 3334 ,

234 3330 286 3409 lus
312 3337 358 3407 de
382 3329 461 3406 celo
485 3361 496 3404 s
523 3334 725 3408 confortans
741 3353 846 3407 eum.
871 3329 914 3404 Et
929 3331 981 3406 sa·
1028 3325 1332 3427 comprehendere
1376 3352 1432 3404 me
1469 3331 1487 3401 i
1522 3331 1701 3428 Qotidie
1751 3347 1851 3406 eram

184 3357 261 3506 gut
301 3433 350 3507 eli
380 3432 486 3506 sudor
513 3436 588 3518 ejus
616 3457 626 3500 s
657 3429 742 3506 licut
777 3447 880 3529 gutte
908 3433 984 3504 san·
1032 3431 1124 3525 apud
1163 3425 1293 3502 vorin
1334 3423 1470 3524 templo
1498 3429 1629 3508 docens
1659 3458 1671 3500 a
1699 3431 1736 3504 dt
1776 3454 1850 3508 non

185 3531 300 3628 guinis
327 3528 509 3604 defluentis
536 3530 572 3602 in
597 3547 759 3608 terram·
797 3532 895 3603 Tunc
922 3551 986 3602 ve·
1032 3525 1185 3602 tenuistis
1210 3546 1266 3597 me
1293 3572 1304 3597 .
1333 3529 1401 3602 Sed
1430 3527 1495 3597 hec
1520 3531 1568 3606 eil
1602 3531 1691 3608 bura
1729 3531 1847 3608 veilra

104 3659 155 3733 30
187 3627 240 3702 nit
268 3631 311 3706 ad
336 3627 523 3726 discipulos
553 3627 632 3703 suos
661 3654 671 3699 e
699 3629 735 3702 dt
767 3626 860 3702 dixit
889 3623 984 3701 illis.
1033 3627 1071 3699 dt
1115 3625 1264 3722 poteslas
1307 3629 1532 3704 tenebrarum
1563 3676 1575 3699 ·
1604 3633 1686 3708 Hoc
1727 3646 1850 3704 totum
1908 3631 1917 3700 1

186 3726 350 3802 Dormite
377 3733 447 3815 iam
479 3729 517 3802 δι
547 3723 752 3824 requiescite
779 3753 790 3796 a
819 3747 902 3801 eece
926 3752 988 3822 ap·
1037 3724 1165 3800 sadum
1190 3723 1238 3797 eli
1262 3746 1273 3794 a
1301 3743 1343 3801 ut
1371 3720 1640 3820 complerentur
1677 3728 1847 3824 scripture
1878 3729 1930 3822 85

114 3827 142 3896 ⁵.
188 3826 439 3924 propinquavit
464 3825 554 3902 hora
594 3853 606 3897 t
639 3827 674 3898 dc
715 3819 804 3897 filius
841 3825 988 3900 hominis
1037 3823 1288 3921 prophetatum
1321 3825 1500 3904 ‚Cohors
1541 3824 1707 3926 igitur&
1733 3827 1848 3904 tribu·

189 3927 350 4000 tradetur
378 3924 412 3998 in
442 3947 559 4000 manus
589 3940 839 4022 peecatorum·
867 3924 987 4024 Surgi·
1036 3945 1101 3994 nus
1132 3921 1168 3993 dt
1201 3917 1341 3998 ministri
1381 3921 1570 4005 Judeorum
1612 3924 1848 4022 comprehen-

187 4039 225 4094 te
250 4045 363 4101 mutus
388 4052 399 4094 z
424 4044 506 4095 ecre
534 4020 831 4119 appropinquavit
850 4019 909 4116 qui
934 4043 991 4098 me
1038 4021 1166 4094 derunt
1191 4017 1306 4097 lesum
1332 4046 1343 4091 a
1369 4024 1406 4098 St
1438 4017 1635 4118 ligaverunt
1663 4045 1741 4100 eum
1770 4053 1781 4094 z
1809 4025 1848 4097 dt

104 4144 152 4222 35
191 4122 308 4194 tradet
335 4169 347 4193 .
373 4122 416 4195 Et
446 4125 596 4217 egressus
622 4119 672 4193 ed
709 4141 787 4194 cum
817 4118 867 4192 eia
892 4135 985 4196 trans
1035 4119 1255 4195 adduxerunt
1295 4119 1446 4220 eumad
1475 4122 1609 4200 Annam
1650 4122 1841 4219 primurn·

188 4234 382 4292 torrentem
414 4218 558 4292 Cedrou
581 4246 592 4290 a
614 4219 673 4296 ubi
697 4236 772 4292 erat
796 4218 922 4294 hortus
951 4217 988 4294 in
1035 4220 1118 4294 Erat
1156 4215 1247 4296 enim
1289 4214 1389 4294 socer
1417 4216 1568 4316 Caypbe
1615 4245 1625 4292 a
1670 4221 1728 4317 qui
1766 4235 1845 4296 erat
1875 4239 1929 4310 90

185 4339 288 4411 quern
314 4315 480 4393 introivit
518 4316 590 4414 ipse
617 4314 832 4413 &discipuli
869 4320 987 4405 elus.
1038 4313 1207 4394 Pontifex
1231 4316 1309 4392 anni
1337 4315 1430 4392 illius
1456 4361 1468 4387 .
1494 4317 1575 4393 Erat
1602 4338 1718 4393 autern
1741 4321 1842 4416 Cay-

188 4415 326 4491 Sciebat
361 4433 476 4492 autem
519 4417 556 4490 dt
586 4414 687 4500 Judaa
726 4414 786 4509 qui
828 4415 988 4490 tradebat
1039 4416 1123 4512 pbas
1150 4415 1209 4508 qui
1240 4413 1419 4492 consilium
1448 4414 1591 4492 dederat
1613 4417 1729 4502 Judeis
1745 4418 1848 4512 =quia

187 4537 267 4588 eum
297 4511 404 4608 ipsum
434 4510 585 4589 locum-2
611 4515 689 4608 quia
717 4513 916 4606 frequenter
932 4518 990 4590 le·
1038 4535 1083 4585 ex
1130 4513 1183 4588 dit
1210 4535 1314 4589 unum
1342 4513 1517 4590 hominem
1554 4515 1644 4590 mori
1673 4538 1738 4611 pro
1771 4538 1840 4610 po·

102 4637 155 4712 40
191 4611 247 4685 sus
262 4630 479 4686 convenerat
506 4607 587 4683 illue
610 4633 689 4684 cum
714 4604 885 4704 discipulis
900 4609 989 4685 suis.
1039 4633 1085 4706 pu
1100 4635 1125 4685 o
1149 4650 1173 4680 .·
1189 4609 1286 4689 Tunc
1315 4607 1472 4706 discipuli
1496 4631 1616 4684 omnes
1641 4611 1843 4710 relinquen·
1894 4627 1899 4636 ·

182 4707 285 4794 ludas
316 4729 517 4808 ergoeeum
541 4707 723 4803 accepisset
760 4706 947 4783 cohortem
978 4735 989 4780 a
1038 4725 1092 4782 tes
1115 4706 1226 4786 Jesum
1254 4737 1264 4778 s
1295 4707 1463 4808 sugerunt
1494 4704 1744 4785 .Adoloscens
1781 4731 1844 4785 au·
1870 4730 1925 4811 95

184 4806 287 4884 veuit
315 4806 395 4880 illuc
420 4808 455 4884 dt
481 4826 561 4882 cum
587 4831 634 4882 eo
664 4804 764 4880 turba
790 4802 990 4884 multarum
1038 4823 1110 4880 tem
1138 4804 1273 4900 quidam
1301 4803 1508 4899 sequebatur
1536 4801 1630 4882 illum
1646 4833 1669 4878 ne
1697 4807 1840 4882 amicius

187 4904 310 5004 gladiis
336 4907 372 4978 St
397 4903 539 4978 fustibus
569 4933 579 4976 e
610 4901 698 4976 milit
725 4928 751 4976 a·
776 4900 987 4999 principibus
1037 4905 1182 4978 findone
1210 4901 1312 4996 super
1335 4902 1433 4978 nudo
1458 4929 1468 4972 s
1490 4904 1525 4975 δι
1550 4924 1843 4982 tenuerunteum.

187 5005 413 5080 sacerdotum
435 5006 471 5075 dt
497 4999 687 5077 senioribus
701 4996 823 5096 populi
847 5046 859 5072 .
879 5001 989 5077 Dedit
1038 5005 1091 5076 At
1116 4999 1174 5073 ille
1204 4999 1325 5076 relicta
1351 5001 1494 5075 sindone
1521 5025 1530 5070 t
1557 5005 1664 5078 nudus
1710 5002 1842 5104 fugit.

101 5123 150 5197 45
185 5121 300 5179 autem
324 5107 372 5175 eis
401 5101 534 5198 lignum
557 5099 674 5172 dicens
704 5143 716 5166 ·
743 5101 857 5190 Qem
889 5099 990 5172 oscu-
1037 5096 1258 5191 Sequebatur
1283 5119 1397 5174 autem
1420 5099 1531 5178 lesum
1555 5103 1675 5178 Simon
1693 5109 1839 5182 Petrusa
1907 5141 1910 5146 ·

160 5197 276 5294 ⁶latus
306 5199 410 5274 suero
434 5227 445 5272 a
470 5197 543 5295 ipse
571 5197 620 5270 esi
655 5212 774 5269 tenete
811 5219 887 5270 eum
914 5198 988 5270 a&
1037 5197 1075 5268 δι
1117 5191 1200 5267 alius
1237 5195 1420 5296 discipulus
1454 5246 1466 5270 .
1495 5198 1689 5296 Discipulos
1724 5221 1839 5278 autem
1877 5211 1948 5284 lod

186 5298 305 5373 ducite
332 5296 456 5376 ·lesus
487 5297 603 5390 itaque
633 5291 749 5384 sciens
778 5291 893 5369 omnia
919 5317 995 5390 que
1036 5290 1551 5374 illenotuserar'Ponrilicis&
1568 5298 1734 5375 introivit
1761 5322 1839 5377 cum

186 5411 338 5472 ventura
368 5414 467 5467 erant
495 5398 595 5490 super
625 5415 738 5464 eurns
769 5393 861 5466 dixit
924 5396 988 5464 's.
1032 5393 1161 5471 lesuin
1188 5394 1309 5469 atrium
1335 5394 1516 5472 Pontificis
1542 5443 1553 5465 .
1584 5400 1709 5471 Petrus
1727 5416 1840 5475 autem

186 5495 304 5580 Qern
330 5493 474 5584 queritis
503 5496 520 5559 ?
546 5488 623 5565 Res
642 5492 814 5564 ondetuut
843 5415 989 5567 .siium
1038 5491 1142 5565 siubat
1172 5491 1213 5562 ad
1225 5493 1344 5566 ollium
1357 5493 1569 5568 foris.Exiit
1600 5514 1712 5570 autern
1740 5495 1842 5568 disci-

104 5617 154 5691 50
189 5592 406 5664 Nazarenum
435 5635 447 5658 .
476 5589 571 5663 Dicit
607 5516 714 5660 illis.
751 5589 829 5687 Ego
865 5588 936 5660 surn
976 5635 988 5658 .
1040 5587 1137 5682 pulus
1166 5585 1223 5662 ille
1251 5589 1334 5664 alius
1360 5619 1371 5659 a
1398 5590 1455 5688 qui
1483 5607 1559 5662 erat
1583 5612 1686 5665 notus
1718 5592 1844 5669 Ponti·

189 5690 311 5762 Stabat
346 5705 463 5762 autem
488 5689 523 5757 dr
544 5685 643 5769 ludus
668 5683 726 5779 qui
753 5711 829 5757 eum
871 5685 990 5758 trade·
1040 5687 1124 5760 licia
1150 5687 1187 5760 δι
1212 5688 1301 5763 dixit
1316 5691 1474 5764 ostiarie:
1500 5688 1535 5758 St
1559 5685 1754 5766 introduxit
1774 5694 1841 5766 Pe·
1877 5717 1948 5796 105

191 5789 252 5861 bat
274 5809 349 5862 eum
379 5783 444 5858 illis
468 5830 480 5854 .
505 5785 549 5854 lJt
576 5805 662 5879 ergo
675 5783 763 5854 dixit
781 5806 873 5877 sego
896 5783 987 5856 sum.
1040 5803 1156 5858 trum·
1183 5783 1283 5859 Dixit
1302 5809 1392 5884 ergo
1410 5792 1518 5862 Petro
1542 5783 1660 5860 ancilla
1679 5789 1813 5864 ostiaria
1827 5789 1849 5862 >-

190 5886 352 5960 abierunt
385 5881 573 5956 retrorsum
603 5880 673 5950 a&
714 5879 912 5954 ceciderunt
956 5880 989 5952 in
1041 5882 1214 5974 Numquid
1243 5885 1279 5956 dt
1308 5908 1345 5955 tu
1369 5909 1413 5957 ex
1435 5881 1604 5975 discipulis
1627 5911 1663 5958 es
1689 5887 1845 5961 hominis

187 6001 345 6063 terram.
369 5981 498 6062 lterum
527 5978 764 6078 interrogavit
786 5977 989 6056 eosdiceuss
1036 5977 1164 6056 iilius?
1199 5981 1358 6082 Negavit
1385 5979 1444 6056 ille
1470 5976 1617 6055 dicens..
1641 5985 1722 6060 Non
1733 5987 1842 6060 sum.
1968 5995 1971 6002 '

1345 6079 1377 6158 X
1634 6111 1637 6117 ¹
1767 6089 1843 6162 Sta·
