4450 7209
442 702 492 795 78
726 696 732 705 '
818 783 827 791 .
915 684 1622 769 nottttttcn'stxtt

523 794 673 867 taum
697 788 856 865 Obsecro
872 804 935 855 vos
952 806 1015 874 per
1029 806 1154 859 nomeu
1169 788 1246 863 Do·
1577 787 1808 872 Sacrisciurr.
2092 819 2127 889 55

539 887 621 963 mini
635 887 739 961 uoliri
750 885 828 967 lesu
842 878 997 987 Christis
1022 895 1062 952 ut
1088 881 1121 953 id
1138 879 1245 991 ipsum
1381 884 1546 959 Dificavit
1568 884 1714 959 Gedeon
1744 884 1850 957 altare
1876 883 2076 961 Domino&
2157 939 2158 946 ι

293 1006 295 1018 ·
445 986 565 1059 dicatis
582 1006 724 1061 omnese
740 984 776 1054 dc
791 1000 860 1051 non
873 976 937 1049 fint
950 996 987 1047 ιιι
999 974 1100 1047 vobis
1116 976 1248 1053 scisma·
1396 979 1539 1056 vocavit
1553 1004 1680 1053 nomeu
1695 979 1765 1053 loci
1782 978 1872 1051 illius
1889 1004 1955 1075 pax
1967 982 2030 1051 Dei
2041 982 2078 1053 al·

448 1101 507 1155 ta.
530 1080 610 1155 Sitit
627 1096 739 1153 autem
756 1068 900 1171 Perscfii
918 1070 951 1141 iu
966 1072 1088 1145 eodem
1102 1073 1197 1147 sensu
1211 1080 1247 1147 δι
1295 1078 1400 1161 leluia
1415 1080 1449 1147 ἃ
1468 1076 1625 1170 apparuit
1636 1078 1670 1146 ei
1688 1076 1857 1149 Dominus
1871 1078 1985 1153 disens
2001 1078 2079 1148 :tol-

394 1208 413 1279 5
449 1178 483 1251 in
498 1176 616 1251 eadem
633 1166 1082 1276 seutenti208ignilieatum
1100 1171 1147 1241 est
1160 1172 1249 1246 enim
1297 1172 1331 1247 le
1357 1172 1557 1247 sacrificium
1584 1172 1758 1243 &offeres
1779 1170 1879 1265 super
1899 1170 2078 1245 illudholo
2157 1231 2158 1244 ,

393 1282 396 1289 “
446 1273 530 1353 ausiti
554 1272 597 1345 de
617 1270 718 1345 vobis
745 1272 869 1345 fratres
882 1285 947 1339 met
976 1264 1018 1339 ab
1032 1263 1083 1337 bis
1100 1266 1157 1357 qui
1175 1265 1250 1341 sunt
1299 1273 1445 1347 caulium
1459 1268 1541 1339 milti
1568 1264 2079 1351 inodoremsuavitatisalleluja
2098 1289 2129 1355 50

424 1366 580 1441 ·.Cloeta
605 1368 683 1463 quia
699 1360 939 1439 contentiones
962 1357 1129 1433 intervos
1144 1362 1244 1437 sunt·
1295 1364 1432 1451 alleluja
1455 1360 1613 1447 alleluja.
1644 1356 1690 1457 pl
1705 1360 1883 1448 Alleluia.
1909 1363 2011 1434 Venit
2032 1389 2081 1435 aa·

402 1504 405 1515 ·
451 1468 530 1541 lloc
559 1485 673 1541 autern
699 1460 780 1533 dico
799 1457 889 1549 quod
904 1452 1125 1551 unusquisque
1139 1460 1247 1530 dicit.
1296 1460 1394 1555 gelus
1408 1460 1549 1531 Domini
1563 1458 1605 1529 ad
1621 1458 1768 1531 Gedeon
1783 1457 1922 1530 &dixit
1939 1462 2078 1531 adeum:

288 1632 297 1643 ,
451 1565 528 1661 Ego
541 1562 675 1659 quidem
689 1555 759 1629 sum
774 1550 885 1630 Pauli:
910 1576 982 1649 ego
1007 1571 1119 1629 autem
1134 1552 1249 1651 Apol·
1296 1556 1469 1631 Dominus
1482 1576 1595 1626 tecum
1607 1554 1761 1630 vitutum
1778 1554 2080 1629 fortillimea&ille

373 1684 420 1753 po
454 1658 514 1735 lo:
540 1683 608 1755 ego
621 1652 952 1746 verocephe=eg0
966 1666 1079 1721 autem
1094 1651 1248 1724 christi.
1297 1654 1508 1748 respondeus
1522 1652 1610 1723 dixit
1632 1654 1674 1724 ad
1697 1675 1796 1726 eume
1826 1651 2028 1728 sinobiscum
2044 1654 2082 1724 ei
2158 1685 2159 1722 l

449 1747 952 1851 Divisuselletgochrillus.
987 1744 1253 1839 Nunquidl’au·
1299 1750 1492 1825 Dominusa
1530 1751 1950 1842 quateapprehenderunt
1974 1772 2079 1823 noso·
2103 1768 2133 1849 ις

457 1850 508 1929 lus
525 1851 704 1927 crucifixus
717 1847 764 1919 est
778 1868 842 1939 pro
856 1841 976 1917 vobisa
991 1860 1049 1915 aut
1064 1842 1252 1917 innomine
1299 1847 1387 1923 mnia
1400 1842 1496 1919 malae
1507 1844 1563 1917 ubi
1580 1842 1655 1915 suut
1669 1844 1836 1919 mirabilia
1853 1848 1928 1927 ejus
1943 1867 2009 1939 que
2019 1869 2084 1915 mr·
2158 1849 2159 1896 l

455 1947 553 2027 Pauli
581 1944 743 2043 baptizati
771 1941 877 2015 ellit?
909 1935 1049 2010 Gratias
1077 1962 1146 2036 ago
1170 1938 1252 2016 Deo
1300 1956 1462 2018 raverunt
1486 1958 1601 2033 patres
1622 1940 1751 2014 nolitia
1778 1940 1882 2013 indie
1898 1963 1963 2035 qua
1978 1941 2084 2015 eduxit
2158 1927 2159 1938 ¹

456 2047 552 2139 quod
572 2041 739 2115 neminem
751 2035 896 2111 vestrum
909 2034 1081 2129 baptizavi
1098 2035 1159 2107 oifi
1170 2037 1253 2109 Cri·
1300 2062 1363 2115 eos
1390 2038 1434 2109 de
1448 2036 1605 2131 Egipto?
1629 2038 1664 2105 δι
1679 2036 1811 2131 aspexit
1835 2037 1970 2110 adeum
1983 2036 2087 2109 Domi·

378 2163 422 2239 ³5
458 2146 553 2239 lpum
574 2138 771 2219 &Caium
794 2130 935 2223 Nequit
951 2130 1066 2215 ditata
1100 2134 1195 2223 quod
1220 2134 1258 2207 in
1305 2158 1387 2206 nus:
1412 2136 1448 2204 δι
1465 2132 1555 2203 dixit
1577 2130 1710 2209 adeum
1728 2160 1738 2205 e
1766 2152 1804 2205 tu
1820 2130 1977 2205 liberabis
1993 2150 2087 2227 popu·

459 2236 597 2313 nornine
611 2252 691 2305 meo
707 2225 872 2326 baptizati
887 2225 984 2299 eliis.
1011 2230 1190 2321 Baptizavi
1201 2252 1259 2305 au·
1306 2230 1374 2307 lum
1391 2250 1502 2302 meum
1516 2228 1560 2297 de
1577 2250 1675 2301 mauu
1690 2228 1904 2303 inimicorum
1917 2236 1989 2315 ejus
2003 2257 2012 2298 a
2026 2229 2089 2326 quia
2108 2270 2137 2341 ῃ

459 2354 529 2407 tem
543 2333 577 2405 δι
593 2325 764 2422 Stephane
779 2329 940 2401 domum.
961 2324 1129 2397 Ceterum
1144 2324 1259 2401 nescio
1305 2350 1375 2425 ego
1401 2348 1466 2397 eto
1482 2344 1617 2397 tecuma
1645 2326 1681 2399 dt
1700 2323 1826 2399 obtulit
1840 2324 1986 2405 Gedeou
2003 2325 2089 2399 vitti-
2159 2369 2160 2412 ι

457 2430 599 2519 siquem
627 2420 728 2497 alium
743 2419 1013 2519 baptizaverim·
1040 2421 1121 2493 Non
1134 2422 1257 2497 enlm,
1304 2420 1562 2519 massDomino·
1582 2422 1924 2517 P0Etapparuitei·
1983 2427 2032 2493 Mi
2051 2446 2088 2491 a.

460 2524 550 2601 milit
565 2544 618 2597 me
631 2518 785 2611 §htillus
800 2515 997 2614 baptizares
1022 2512 1080 2589 sed
1103 2540 1257 2615 evange·
1410 2518 1491 2589 Eum
1517 2538 1621 2611 aquo
1647 2520 1759 2593 averti
1779 2544 1790 2590 s
1814 2518 1936 2592 cadere
1963 2521 2032 2593 est.
2056 2518 2089 2591 ad
2159 2545 2160 2610 ι

378 2640 424 2695 ao
458 2620 581 2701 litare,
598 2616 677 2691 Nou
691 2614 723 2689 in
738 2612 900 2707 sapientia
914 2612 1024 2687 verbis
1038 2632 1075 2687 ut
1091 2636 1163 2689 nou
1176 2638 1259 2691 eva·
1424 2634 1526 2710 quem
1537 2614 1709 2690 convertis
1722 2618 1900 2711 resurgere
1914 2615 2088 2707 emitque
2159 2613 2160 2640 ³

365 2734 372 2747 ·
456 2734 581 2807 euetur
597 2735 682 2787 crux
695 2709 840 2786 Chrisli.
855 2712 990 2782 Amen.
1306 2712 1415 2784 exiret
1430 2709 1532 2784 mori:
1546 2709 1579 2782 lu
1598 2736 1670 2809 quo
1684 2734 1830 2785 manere:
1841 2712 1965 2785 vivete
1976 2716 2011 2783 bt
2022 2735 2090 2782 cuu-
2112 2750 2143 2824 ῃ

365 2856 368 2875 .
510 2814 618 2887 tellio
627 2809 737 2901 senili
748 2804 1096 2905 evangeliis-’tundunt
1111 2814 1256 2880 Lucam
1274 2824 1287 2835 ⁸
1305 2808 1417 2883 fillere
1446 2825 1550 2896 atque
1574 2808 1752 2887 vivescere
1771 2810 1845 2881 ell.
1877 2811 1989 2897 Qem
2005 2831 2093 2881 nemo

460 2910 545 2987 Deo
563 2906 713 3005 gratias.
914 2904 917 2915 '
1071 2912 1261 3004 capturi.
1309 2902 1421 2999 querit
1435 2901 1495 2973 nifi
1511 2902 1646 2981 tatione
1661 2905 1914 2981 communitus:
1941 2906 2093 2980 nemoin·

361 3072 365 3079 .
520 3004 711 3082 Llointem
736 3025 822 3081 oter
839 2998 1012 3075 Dominus
1039 3001 1153 3075 noster
1169 3000 1264 3079 iesus
1312 2998 1409 3074 venit
1436 2997 1497 3067 nifi
1512 3003 1619 3073 corde
1634 3022 1823 3098 purgatus:
1851 3025 1953 3075 nemo
1979 2999 2093 3075 amittit

382 3122 427 3201 ις
535 3100 687 3179 Christus
709 3028 912 3195 loquebatur
940 3093 1113 3191 discipulis
1128 3096 1263 3171 suisdi·
1313 3094 1507 3171 nilierrote
1522 3094 1713 3195 deeeptusa
1740 3097 1878 3171 intentis
1895 3098 2095 3173 fratteschr·

460 3228 571 3287 ¹rens.
590 3202 625 3273 si
638 3197 711 3293 quis
727 3196 821 3271 venit
839 3192 882 3265 ad
899 3216 955 3267 me
969 3220 978 3263 a
992 3196 1027 3267 δι
1042 3216 1109 3265 non
1123 3193 1266 3289 oditpa·
1315 3192 1430 3268 riffimi
1448 3190 1603 3281 precibus
1632 3192 1766 3270 orando
1792 3218 1982 3289 rogemus.
2010 3191 2092 3265 Utin
2115 3208 2161 3279 got

462 3326 550 3383 trem
567 3298 660 3371 suum
675 3296 709 3369 dt
724 3311 865 3369 matrem
879 3312 1021 3365 uxorem
1037 3294 1072 3367 bt
1089 3288 1183 3367 lilios
1197 3294 1265 3369 sra-
1313 3288 1411 3364 nobis
1431 3278 1577 3375 quesitus
1606 3292 1748 3367 exiliata
1774 3314 1882 3385 neque
1910 3314 1985 3365 cum
1998 3288 2092 3363 suerit
2160 3311 2161 3340 ι

462 3420 534 3481 tres
550 3396 585 3471 δι
600 3393 735 3467 sorores
750 3388 858 3476 adhuc
870 3388 906 3461 dt
921 3386 1064 3461 animam
1079 3386 1181 3463 suama
1195 3411 1263 3461 non
1312 3386 1495 3459 invocatus
1514 3386 1669 3465 abscedat
1685 3417 1695 3461 a
1727 3388 1786 3461 sed
1816 3388 1961 3461 senfibus
1986 3383 2094 3461 uostris

463 3492 574 3599 poteli
587 3480 876 3585 meusdisclpuius
891 3484 980 3597 else.
1007 3483 1092 3573 Quis
1108 3483 1199 3562 euim
1215 3506 1261 3557 ex
1308 3480 1418 3559 liudo
1429 3476 1658 3566 misericordie
1676 3484 1734 3559 sue
1750 3484 1784 3556 se
1800 3483 2096 3573 inseratmammeu·

386 3615 434 3690 30
465 3592 566 3666 vobis
591 3582 713 3664 voleus
727 3600 857 3657 turrem
872 3578 1031 3655 edificare
1057 3582 1092 3649 81
1118 3604 1187 3657 non
1208 3580 1262 3654 se·
1606 3581 1837 3657 assicuretis.

383 3688 387 3697 “
466 3692 551 3765 dens
567 3683 657 3779 ptius
670 3694 844 3775 computat
860 3672 1006 3771 sumptus
1019 3676 1076 3771 qui
1093 3677 1265 3753 necessarii
1418 3680 1543 3752 Omine
1556 3680 1651 3753 Deus
1678 3678 1735 3771 qui
1763 3700 1847 3771 tua
1870 3672 2093 3755 uobisindell·
2118 3692 2148 3776 ες

465 3786 572 3859 sunta
600 3780 626 3855 st
645 3776 765 3851 babeat
783 3772 824 3862 td
839 3770 1100 3867 perficienduma
1124 3798 1168 3847 ue
1197 3799 1265 3874 pu·
1435 3794 1557 3852 uenter
1568 3775 1716 3873 rogarise
1728 3772 1960 3851 &clementer
1976 3771 2097 3850 tribuis

463 3882 535 3969 vsaca
550 3898 646 3973 quam
663 3868 813 3973 posuerit
833 3870 1108 3945 fundamentuma
1137 3874 1174 3949 ἃ
1192 3898 1262 3947 non
1312 3892 1351 3949 ut
1369 3874 1503 3971 rogeris
1514 3924 1525 3949 .
1537 3874 1606 3966 Qi
1619 3875 1679 3947 das
1691 3894 1813 3946 votum
1826 3872 1962 3968 optanti
1979 3876 2032 3945 a&
2046 3867 2097 3962 pie

467 3974 619 4075 potuerit
634 3972 935 4087 perficettomnes
963 3968 1020 4064 qui
1043 3968 1198 4045 viderint
1215 3968 1267 4045 in·
1315 3969 1511 4045 viventibus
1538 3968 1620 4044 nihil
1648 3971 1820 4069 denegate
1849 3992 1995 4071 preroga
2016 3963 2099 4067 quod
2161 4001 2162 4064 ι

388 4100 431 4175 35
472 4076 600 4171 cipitur
634 4068 797 4146 illuderet
822 4064 973 4141 diceutes
998 4064 1074 4160 quia
1089 4065 1267 4144 hicbomo
1316 4066 1459 4143 audiata
1487 4086 1545 4143 aut
1560 4064 1716 4165 perficias
1743 4066 2026 4162 quodacceptas.
2050 4062 2098 4136 De

465 4170 560 4267 cepit
576 4162 860 4242 edificareunon
877 4159 991 4259 potuit
1016 4160 1265 4237 consummares
1318 4162 1420 4237 nobis
1432 4166 1525 4258 quod
1538 4187 1628 4240 ames
1641 4163 1676 4238 in
1693 4164 1854 4243 uobisaut
1866 4162 2014 4265 digneris
2026 4160 2100 4233 sem·
2119 4190 2153 4262 9⁰

466 4270 540 4341 Aut
554 4262 713 4358 quisRex
730 4256 835 4330 iturus
850 4258 1062 4333 committere
1073 4255 1195 4335 bellum
1210 4259 1271 4333 ad·
1320 4282 1384 4429 per
1398 4258 1551 4335 exaudiri
1563 4282 1626 4356 pto
1640 4260 1760 4335 nobit.
1784 4257 1915 4335 Tribue
1928 4279 2010 4334 vota
2024 4258 2101 4331 fide·

466 4360 583 4439 versus
601 4357 700 4435 alium
717 4354 863 4449 Regem:
883 4376 952 4427 non
971 4350 1089 4427 sedent
1104 4355 1195 4448 ptius
1207 4380 1270 4435 co.

464 4458 598 4559 gitatli
614 4452 718 4551 posset
734 4470 811 4535 eum
829 4448 945 4521 decem
960 4447 1269 4527 milibusoccutre·
1316 4450 1350 4527 la
1363 4451 1542 4547 mysterius
1558 4454 1662 4530 verba
1677 4452 1837 4551 supplicia
1851 4476 1950 4551 grata
1964 4451 2095 4547 eloquiis

382 4580 434 4657 ,40
467 4562 571 4631 reela
601 4543 791 4653 quicumvi
822 4544 884 4620 iuti
898 4542 1030 4621 milibus
1046 4548 1143 4623 venit
1157 4550 1294 4633 adsei·
1316 4551 1481 4651 preconia
1494 4550 1675 4627 tudetem.
1707 4553 1781 4627 Sint
1810 4576 1892 4647 pure
1909 4572 2030 4651 preces
2043 4570 2097 4642 pt·

467 4650 632 4751 Alioquin
649 4649 757 4735 adhue
771 4570 832 4720 illo
845 4642 954 4743 longe
970 4662 1094 4759 agepte
1113 4642 1266 4745 legatio·
1315 4647 1461 4723 titiones
1473 4649 1649 4723 commode
1666 4648 1930 4748 supplicationes
1942 4652 2032 4739 julie:
2046 4674 2096 4723 ιο·
2115 4664 2150 4737 95

466 4776 544 4827 nem
569 4750 709 4827 mittsuu
726 4761 828 4841 rogat
843 4766 882 4817 ea
898 4766 963 4834 que
977 4764 1066 4837 paens
1082 4741 1183 4817 sunt.
1211 4745 1266 4819 Sic
1316 4743 1479 4822 vationes
1492 4746 1636 4820 crebrer
1660 4744 1775 4821 laudes
1790 4750 1935 4821 affiduer
1949 4768 1986 4819 ut
1998 4748 2035 4821 ad
2049 4746 2096 4817 sa·

465 4873 554 4947 ergo
578 4846 690 4931 putuit
713 4864 758 4914 ex
784 4838 885 4914 vobis
908 4838 965 4933 qul
993 4861 1060 4913 nun
1089 4842 1264 4917 renunciat
1313 4811 1419 4915 statem
1435 4860 1589 4918 eternam
1600 4847 1711 4919 omnia
1721 4845 1846 4941 prestes
1861 4846 2013 4919 omnibus
2025 4844 2094 4915 dim

461 4946 619 5028 ominibus
632 4966 698 5037 que
710 4936 871 5031 poilldeta
883 4960 951 5013 non
1015 4938 1076 5011 tell
1091 4940 1157 5018 effe
1169 4960 1263 5015 meus
1313 4938 1487 5015 invocatis
1502 4942 1544 5015 ab
1559 4940 1978 5033 omnibusljadmemvotl
1988 4942 2093 5014 nomin.

386 5062 433 5137 45
466 5038 670 5135 discipulus·
701 5040 831 5143 3⁰¹l¹¹¹l¹
858 5036 904 5109 tll
929 5032 960 5111 sa
989 5080 999 5107 ·
1026 5034 1061 5109 Si
1084 5054 1197 5111 autem
1224 5030 1269 5110 sal
1427 5036 1624 5133 lllniporens
1639 5037 1841 5134 sempiterne
1855 5041 1971 5111 Deuse
1995 5036 2093 5109 adello

466 5158 601 5233 quoque
615 5147 794 5217 evanuerit
811 5150 844 5197 m
858 5150 929 5223 ⁴quo
945 5130 1146 5207 condietur?
1159 5153 1269 5227 neque
1441 5135 1617 5228 quesumus
1629 5137 1784 5235 precibus
1801 5133 2045 5230 supplicantium
2057 5132 2092 5202 ti·
2114 5140 2163 5198 tot

461 5234 499 5311 in
515 5250 628 5311 terras
663 5246 772 5319 neque
800 5222 950 5297 inerter
975 5223 1083 5301 uilino
1096 5226 1182 5305 utile
1194 5230 1269 5304 elli
1317 5228 1352 5303 bi
1380 5232 1578 5327 propitiast
1602 5236 1638 5307 dt
1665 5231 1867 5307 humilitatis
1890 5225 2090 5305 sandeobla·

466 5332 525 5407 sed
544 5331 635 5407 iuras
653 5325 843 5397 mittetur.
867 5318 937 5411 oui
951 5248 1060 5397 labet
1074 5346 1189 5397 aurem
1208 5344 1266 5399 au·
1317 5324 1449 5403 tionem
1463 5330 1607 5403 adtende
1625 5326 1775 5424 placatus
1791 5357 1801 5400 a
1815 5353 1854 5402 ac
1870 5327 2092 5423 preliaDomi·

1337 4355 1390 4428 ias
1420 4354 1528 4433 santia
1540 4354 1702 4433 defidatia
1718 4377 1877 4453 prompta
1889 4358 1999 4437 officia
2010 4353 2098 4427 seda·

459 5428 582 5505 diendi
600 5424 737 5503 audiat.
769 5428 817 5509 nt·
836 5418 974 5531 Atmen.
1317 5444 1362 5495 ne
1387 5443 1426 5499 ut
1441 5425 1637 5501 sacrificium
1661 5426 1728 5501 boc
1745 5430 1841 5523 quod
1853 5427 2037 5502 offerimust
2058 5425 2090 5491 δι

389 5541 433 5615 50
519 5514 752 5603 nicatorem.
768 5514 935 5589 Dominus
962 5512 1005 5589 lit
1018 5511 1155 5615 semper
1173 5516 1267 5593 vobi·
1314 5518 1416 5594 nobis
1431 5524 1585 5597 omnibus
1598 5524 1756 5619 proficiat
1770 5527 1812 5598 ad
1830 5521 2092 5598 salutemadtde·

376 5632 383 5643 '
466 5620 580 5699 scum.
608 5634 657 5718 32·
672 5615 713 5691 Et
729 5628 829 5687 cum·
1314 5613 1443 5703 ‚fundis
1455 5620 1675 5718 prelletmad
1691 5620 1842 5717 requiem
1851 5630 1867 5693 ’.
1882 5627 2049 5720 mutu.
2116 5617 2163 5689 10l

517 5721 659 5791 Laude.
695 5702 1271 5797 Alleluia-721.Dominiesltetta
1616 5720 1823 5813 Adparent.

473 5812 509 5885 dt
533 5810 819 5909 plenitudoeiuaa
848 5805 1125 5883 orbistetrarum
1146 5810 1271 5885 &urai-
1425 5808 1623 5907 Mnipotens
1639 5814 1786 5897 Domine
1810 5836 1920 5908 aquo
1942 5804 2091 5893 ellum?-

476 5906 637 6003 vtrss.qul
651 5903 921 5985 habitantium·
945 5914 988 5979 ι’.
1009 5898 1183 5991 Alleluia.
1439 5904 1550 5987 litatis
1562 5910 1686 5988 bunum
1710 5912 2091 6073 &charita'tisttudiuuff

2075 6021 2094 6069 a
