4450 7209
127 816 1744 1153 HrareNrMUsruDoLar
1987 947 1993 953 ’

307 1272 1154 1453 SOCIETATIS
1258 1277 1565 1473 JESU
1734 1272 1737 1279 μ

189 1580 293 1755 In
340 1582 772 1754 Provincia
815 1570 1188 1785 Romana
1232 1536 1686 1801 Praeposttus

445 1994 448 1999 ,
650 1808 1232 1983 Provincialis,

294 2170 438 2323 UM
470 2166 779 2328 Librum,
810 2168 913 2300 cui
951 2166 1232 2302 Trtulus:
1272 2162 1534 2347 Miffale
1570 2165 1769 2309 Mitt-r

320 2379 456 2482 tum
470 2346 820 2519 fecundum
858 2347 1146 2521 regulam
1181 2348 1374 2481 Beati
1403 2350 1620 2520 fideti
1659 2349 1748 2480 di·

127 2521 294 2663 dum
333 2521 755 2677 Motaraber,
793 2519 1217 2693 Praefatitnt,
1257 2526 1479 2680 Notis,
1518 2525 1597 2668 δέ
1623 2525 1688 2653 A
1683 2565 1749 2702 μ

121 2700 389 2880 pendite
400 2748 425 2830 t
461 2746 495 2829 a
530 2704 593 2829 P.
610 2698 967 2829 Alexandro
984 2701 1204 2828 Lesleo
1234 2698 1451 2829 nostra
1480 2703 1750 2834 Societa-

129 2881 202 3015 tis
238 2875 572 3009 Sacerdote
604 2872 1054 3052 conseriptum„
1084 2877 1318 3051 aliquot
1352 2876 1619 3049 ejusdem
1642 2885 1750 3009 So-

128 3052 359 3183 cietatis
394 3050 713 3222 Theologi
752 3052 1291 3221 recognoverint,
1336 3052 1397 3174 ἃ
1441 3055 1507 3173 in
1542 3056 1746 3183 lucem

129 3228 229 3358 edi
259 3221 437 3408 posse
477 3224 885 3406 probaverint
921 3318 941 3375 ‚
976 3217 1273 3401 potestate
1304 3220 1486 3352 nobis
1512 3270 1554 3357 a
1585 3231 1744 3359 Rev·

129 3407 190 3534 Ρ.
226 3397 488 3581 Aloyfio
524 3401 896 3529 Centurioni
938 3398 1181 3525 Vicario
1211 3401 1501 3527 Generali
1546 3401 1625 3530 ad
1678 3402 1747 3533 id

130 3580 382 3727 tradita,
414 3575 768 3706 facultatem
810 3572 1245 3722 concedimus,
1285 3609 1351 3702 ut
1385 3577 1546 3754 typis
1579 3624 1742 3711 man-

134 3753 366 3901 detur,
400 3747 450 3879 st
485 3751 568 3879 ita
597 3751 709 3899 iis,
741 3748 820 3880 ad
851 3795 1009 3927 quos
1035 3751 1360 3927 pertinet,
1397 3749 1742 3890 videbitur.
1949 3738 1974 3874 Ῐ

133 3932 195 4061 In
232 3971 499 4106 quorum
534 3924 724 4055 fidem
757 3925 870 4055 has
899 3927 1121 4054 litteras
1153 3970 1342 4053 manu
1373 3925 1572 4054 nostra
1602 3927 1740 4064 sub·

134 4103 428 4284 scriptae,
476 4101 537 4234 ἃ
587 4104 798 4277 sigillo
849 4098 1056 4230 nostro
1104 4106 1363 4233 munitas
1406 4102 1741 4243 dedimus.

133 4285 345 4422 Romae
380 4283 481 4417 die
517 4328 552 4415 2
562 4276 1012 4460 5.Septembris
1052 4320 1230 4442 1755.

699 4579 1219 4791 Hieronymus
1277 4576 1617 4796 Ridoffi.
