4450 7209
277 698 358 763 uo
436 762 462 773 Α
623 678 793 756 tumn·
818 677 966 756 SEXTA
993 677 1114 755 POST
1139 671 1605 759 RESURRECTIONEM.
1777 748 1779 753 ,

277 807 382 882 gnum
398 774 696 855 est·'Extraneurn
723 781 839 874 utique
871 803 941 852 non
956 803 1078 872 opere:
1129 778 1195 850 hos
1221 776 1294 848 dies
1310 777 1486 870 triumpho
1501 771 1693 849 attollimur
1712 772 1790 850 abis
1818 768 1952 847 muniti
1988 797 2028 875 55

195 934 200 943 «
278 883 338 957 sed
353 886 488 957 honore
502 927 512 948 .
526 877 621 974 Ergo
648 897 687 948 uc
712 878 775 952 tibi
794 876 913 951 reddat
929 896 988 948 tua
1003 902 1012 943 ε
1028 877 1080 946 su·
1130 873 1342 969 paschalibus
1359 872 1470 969 epulis
1486 899 1496 939 e
1513 876 1550 946 in
1565 873 1682 949 vivam
1700 874 1764 949 tibi
1792 871 1946 945 bolliam

279 979 387 1076 scepit
401 975 511 1052 alien'a
525 1023 534 1044 ·
550 974 675 1067 Utique
690 995 727 1048 ut
757 979 913 1069 repetam
942 999 1013 1048 non
1031 977 1081 1048 fa·
1130 997 1357 1071 preparemur
1370 1021 1381 1042 .
1395 986 1445 1065 ¹3²·
1458 974 1598 1047 Amen.

280 1079 376 1152 sture
391 1076 530 1151 alterius
549 1071 605 1143 sed
635 1094 779 1147 nature.
794 1077 875 1149 Hoc
906 1075 1014 1149 modo
1044 1093 1079 1146 te
1277 1073 1339 1142 Aa
1363 1076 1545 1145 orationem
1561 1072 1795 1151 Dominicarrr.

204 1194 252 1285 μ’,
282 1178 382 1251 nobis
400 1177 502 1249 Pater
514 1170 690 1246 absentem
715 1174 863 1248 ostendit
878 1200 887 1243 ι
902 1196 964 1266 per
993 1195 1082 1246 eun·
1224 1171 1297 1244 Cce
1309 1167 1384 1252 lesu
1399 1170 1492 1248 bone
1506 1168 1564 1265 qui
1591 1193 1655 1242 nos
1672 1170 1765 1243 Patri
1781 1188 1847 1242 tuo
1878 1193 1943 1264 per
1998 1168 2000 1173 ’

280 1277 360 1347 dem
377 1274 410 1344 se
424 1271 523 1344 nobis
545 1269 695 1357 majestas
711 1290 769 1345 tua
785 1273 889 1347 etiam
913 1294 986 1342 non
1011 1269 1085 1345 visa
1236 1269 1432 1368 sanguinem
1456 1288 1553 1344 tuum
1580 1264 1804 1342 reconciliasti
1833 1294 1843 1336 s
1876 1291 1942 1361 pro
1986 1273 2027 1346 60

282 1369 484 1447 monsravit
498 1414 509 1436 .
523 1369 598 1462 lpse
612 1369 736 1444 docuit
752 1395 817 1466 que
834 1368 897 1445 tibi
914 1367 996 1440 esser
1010 1367 1086 1467 glo·
1135 1370 1235 1442 nobis
1249 1368 1415 1464 patiendo
1428 1369 1593 1442 innocens
1606 1388 1742 1440 crucem
1759 1393 1768 1437 r
1784 1368 1820 1438 δι
1845 1364 1952 1440 solus-

283 1470 337 1544 ria
358 1469 393 1539 in
410 1464 494 1538 celis
508 1514 518 1535 .
533 1467 698 1542 Potentia
714 1467 749 1538 in
774 1469 868 1563 aquis
887 1466 1086 1564 .Sapientia
1135 1464 1299 1540 inventus
1327 1465 1418 1538 inter
1443 1484 1601 1540 mortuos
1619 1462 1707 1539 liber
1722 1492 1731 1533 a
1748 1483 1845 1537 tuum
1858 1465 1949 1539 ficut

285 1566 321 1640 in
349 1565 612 1640 terris.Virtus
643 1567 678 1640 in
706 1561 1022 1661 abysiis.Claritas
1052 1568 1087 1640 in
1138 1565 1210 1663 ipse
1223 1563 1364 1639 docuisti
1377 1562 1527 1637 Deitatis
1542 1563 1843 1642 naturarnoslrum
1861 1564 1947 1636 ado-
2008 1601 2020 1654 ς

207 1697 256 1769 20
289 1663 446 1760 Angelis.
458 1661 629 1739 Voluntas
647 1665 679 1736 in
690 1666 895 1739 Patriarchis
911 1692 920 1734 e
935 1666 969 1737 di
1000 1664 1087 1738 nitas
1139 1663 1271 1759 ptionis
1301 1662 1411 1762 gratia
1429 1662 1569 1739 Patrem
1590 1660 1775 1760 poscentes
1791 1687 1802 1729 e
1820 1660 1948 1734 affectu

199 1842 203 1849 ,
285 1761 763 1856 inPropbetis·Snblimitas
788 1692 1086 1859 inEvangelislir.
1135 1788 1207 1860 quo
1220 1763 1389 1857 possumus
1403 1760 1704 1854 imploramnszut
1720 1758 1946 1856 resurgentes
1987 1763 2028 1856 65

287 1860 406 1942 Pietas
422 1858 886 1954 innpottolis.nuct0riras
912 1862 947 1934 in
965 1884 1086 1956 prece·
1137 1859 1349 1940 amalorum
1375 1862 1572 1936 nostrorum
1603 1855 1765 1954 sepulcris
1792 1888 1802 1931 e
1830 1883 1850 1931 a
1879 1856 1951 1929 tuit

287 1957 359 2130 ptis
374 2007 383 2027 .
400 1955 617 2032 placabilitas
632 1957 665 2030 in
681 1958 818 2054 templis
833 2010 843 2030 .
859 1958 1036 2036 Festivitas
1052 1959 1088 2033 in
1137 1960 1273 2032 Christe
1297 1985 1367 2036 non
1397 1959 1595 2036 recedamus
1621 1956 1774 2054 vestigiis
1806 1951 1950 2052 procla·

314 2053 498 2130 olocaustis
516 2055 696 2153 „largitas
725 2054 760 2128 in
792 2056 951 2130 ministris
975 2059 1088 2149 ‚Qis
1139 2079 1270 2133 mantes
1298 2083 1319 2130 e
1350 2057 1597 2136 terris-Pater
1621 2055 1736 2129 noller
1762 2054 1821 2152 qui
1848 2076 1888 2126 es
1914 2055 1952 2126 iu
2013 2092 2021 2141 ·.

209 2188 257 2262 ῃ
291 2153 356 2228 tibi
386 2151 479 2227 zelus
508 2155 541 2226 in
567 2152 766 2249 discipulisr
788 2154 913 2229 Cultus
932 2155 964 2226 in
983 2156 1092 2230 subdi·
1141 2153 1250 2229 celis.

289 2255 336 2325 tis
350 2278 360 2321 e
375 2250 565 2344 Respedins
589 2252 626 2324 in
640 2252 788 2327 miserint
802 2250 955 2326 nisenus
970 2254 1002 2325 in
1015 2278 1093 2349 par·
1190 2256 1293 2326 Dicat
1309 2250 1487 2328 Presbiter
1500 2303 1511 2327 .
1524 2253 1622 2329 Vicit
1636 2251 1693 2328 leo
1706 2299 1717 2323 .
1732 2245 1855 2322 Tribus
1867 2250 1958 2324 vici·
1989 2276 2029 2349 7⁰

289 2348 386 2424 erilis
402 2350 616 2425 e³Horrorin
634 2348 736 2425 idolis
747 2375 756 2418 a
767 2356 878 2427 Amor
893 2352 927 2422 in
943 2352 1063 2426 faustis
1079 2374 1089 2419 =
1139 2347 1261 2427 iusve
1274 2355 1308 2422 in
1320 2356 1376 2425 die
1389 2352 1658 2447 RefirrrriIinnis.
1671 2350 1957 2425 Folio-CXCVIII.

287 2446 320 2527 ,Τ
322 2470 426 2524 error
440 2449 472 2520 in
487 2448 632 2543 perditis
650 2477 659 2519 a
676 2450 792 2528 Fauor
806 2451 839 2522 in
854 2452 1089 2527 confeffionee
1190 2453 1291 2522 Dicat
1304 2448 1506 2523 Presiiter.
1523 2451 1715 2529 Humiliate
1730 2472 1795 2522 vos
1809 2445 1956 2522 benedi·

290 2543 464 2643 Splendor
479 2547 513 2619 in
530 2546 732 2644 baptismate
747 2577 758 2621 s
773 2550 901 2624 Honor
917 2550 951 2621 in
968 2573 1094 2625 cruces
1145 2548 1251 2625 diioui
1277 2597 1288 2618 ·
1312 2549 1485 2624 Dominus
1508 2549 1553 2625 fit
1581 2551 1717 2644 semper
1743 2543 1925 2623 vobiscum
1945 2593 1956 2617 .

206 2678 260 2747 ,ο
291 2647 405 2740 Sapor
419 2646 454 2718 in
479 2645 550 2719 fide
573 2649 728 2724 :Honor
760 2655 795 2726 in
822 2647 1007 2723 crismate:
1024 2645 1094 2721 Cui
1144 2646 1249 2742 Νι
1267 2672 1369 2725 cum.

290 2744 420 2820 merito
446 2754 568 2816 omnes
600 2745 712 2845 angeli
741 2749 778 2820 δι
805 2742 1001 2846 archangeli
1022 2770 1095 2821 non
1440 2746 1650 2820 senectuto.
1985 2773 2025 2850 75

290 2837 418 2920 cessant
442 2837 588 2915 clamare
616 2845 776 2937 quotidie
814 2845 863 2920 ita
899 2846 1051 2921 dicentes
1081 2891 1093 2918 ·
1244 2842 1373 2919 Hrisius
1384 2844 1554 2921 Dominus
1567 2866 1605 2916 ac
1620 2843 1828 2937 redemptor
1842 2839 1956 2915 vester

291 2955 343 3035 ¹3²·
355 2941 518 3016 sandius.
533 2938 676 3016 Saniiut
692 2991 703 3015 .
722 2940 865 3019 Sandins
882 2991 895 3016 .
1261 2939 1319 3037 qui
1334 2939 1452 3016 solutis
1468 2941 1645 3017 doloribus
1660 2941 1784 3016 interni
1799 2967 1809 3008 e
1825 2957 1958 3035 poten·

1149 3041 1284 3114 cialiter
1299 3040 1477 3117 surrexita
1493 3038 1639 3114 mortuis
1652 3066 1663 3109 r
1678 3037 1809 3114 liberos
1838 3061 1877 3108 ac
1892 3036 1949 3109 so·
2009 3074 2012 3081 ·

207 3163 234 3231 ῃ
239 3169 259 3248 5
564 3132 644 3221 Posi
668 3137 833 3213 santius.
1151 3136 1246 3213 lutos
1275 3162 1339 3213 vos
1368 3141 1492 3213 efficiat
1510 3167 1527 3212 a
1544 3139 1691 3232 peccatis
1715 3187 1725 3209 .
1747 3150 1797 3228 132.
1817 3139 1930 3207 Amen
1947 3178 1958 3202 ·

411 3235 515 3334 lgnut
544 3258 580 3310 es
596 3234 834 3316 Domineiesu
865 3237 908 3311 ab
942 3237 1100 3314 omnibus
1150 3238 1290 3331 unique
1305 3235 1352 3306 sui
1370 3238 1526 3333 corporis
1541 3237 1665 3309 statura
1683 3235 1808 3310 terruit
1824 3231 1958 3304 tresur·
1987 3244 2026 3318 80

419 3333 578 3428 accipere
594 3332 741 3432 gloriam
754 3361 764 3404 a
778 3338 814 3409 &
830 3335 1004 3411 bonorem
1017 3364 1026 3405 ε
1041 3339 1098 3431 qui
1149 3334 1303 3408 recturus
1319 3335 1491 3406 custodes:
1506 3332 1758 3408 resurrediione
1772 3330 1830 3405 sua
1847 3328 1957 3404 muni·

293 3454 364 3526 pro
379 3434 481 3509 nobis
497 3431 659 3530 dignatus
688 3455 725 3505 es
754 3432 1004 3530 improperium
1022 3435 1099 3531 pas-
1149 3435 1231 3508 ficet
1247 3454 1479 3508 venerantes.
1494 3447 1542 3529 ¹3²·
1558 3438 1690 3504 Amen.
1708 3436 1756 3504 Ut
1767 3431 1803 3502 ὃ(
1820 3428 1876 3501 bic
1891 3448 1959 3500 vos

288 3527 399 3604 sionis
414 3531 583 3626 suscipere
599 3528 759 3628 0Dignus
775 3551 813 3603 cs
836 3533 1004 3625 predicari
1033 3556 1097 3628 per
1147 3531 1267 3632 precio
1282 3529 1329 3604 sui
1341 3528 1512 3629 sanguinis
1526 3531 1654 3626 dignos
1679 3528 1807 3601 efficiat
1825 3529 1884 3599 t&
1899 3523 1954 3596 ul·
2015 3568 2018 3573 ·

210 3659 263 3747 30
293 3630 455 3705 mundum
469 3660 479 3699 ε
494 3627 552 3721 qni
565 3651 629 3724 per
640 3651 774 3706 crucem
790 3631 949 3724 pereunti
974 3631 1099 3705 subve·
1150 3632 1235 3707 time
1249 3629 1504 3706 resurreclionis
1519 3650 1679 3722 tempore
1706 3623 1959 3724 glorificandos

213 3794 218 3807 ,
291 3723 368 3799 nire
383 3726 542 3824 dignatus
557 3727 738 3801 ermundo
753 3727 966 3827 .Dignuses
980 3751 1099 3826 pater·
1149 3725 1294 3806 attollat
1318 3778 1329 3800 .
1358 3743 1407 3825 13r.
1435 3736 1545 3804 Amen
1563 3774 1575 3795 ·
1590 3730 1657 3802 Per
1683 3719 1958 3800 misericordiam
1992 3733 2031 3827 tg

292 3846 339 3897 ne
352 3823 500 3899 dextere
514 3821 693 3920 equalitati
709 3824 836 3902 sustolli
852 3826 933 3922 equi
952 3853 1018 3924 pro
1030 3829 1100 3903 ser·
1147 3829 1250 3926 ipsius
1267 3826 1336 3904 Dei
1350 3828 1454 3903 nostri
1469 3825 1588 3922 quiesi
1603 3823 1801 3898 benedisins
1818 3821 1878 3892 e&
1905 3818 1961 3890 vi·

292 3918 387 3996 vulis
404 3946 527 3999 nones
554 3924 760 4022 dedignatus
774 3926 1048 4028 occidi-Dignus
1062 3951 1098 3999 es
1148 3926 1208 4006 vit
1233 3930 1270 4001 δι
1295 3926 1410 4007 omnia
1440 3923 1531 4022 regit
1547 3924 1581 3996 in
1598 3916 1705 3997 secula
1735 3919 1958 3996 seculorum·

296 4046 317 4095 a
331 4017 507 4096 celestibus
518 4024 572 4098 a&
587 4023 801 4100 terrestribus
814 4028 847 4099 in
858 4026 1009 4101 veritate
1023 4050 1101 4101 cum
1151 4043 1201 4118 132.
1214 4032 1326 4100 Amen
1341 4024 1531 4102 .Dominus
1543 4021 1586 4094 sit
1599 4021 1736 4116 semper
1749 4018 1956 4096 vobiscum.
2015 4056 2029 4123 '.

85 4226 89 4233 .
213 4149 263 4226 35
300 4119 328 4192 Ρ
331 4122 973 4218 ²tre&Spirirnnsaneroadorarnqni
989 4125 1100 4199 celum
1151 4126 1380 4224 ljabtcurn0

299 4235 493 4312 terramque
510 4221 552 4291 ab
565 4220 666 4293 initio
678 4245 756 4295 cum
772 4226 875 4296 Patre
890 4222 1028 4297 creasti.
1039 4223 1103 4295 Di·
1199 4225 1263 4296 Ad
1275 4227 1464 4296 accedentes
1480 4217 1664 4292 .Gaudete
1680 4211 1801 4312 populi
1817 4262 1829 4286 .
1992 4247 2038 4317 9⁰

295 4337 365 4411 gne
380 4337 518 4410 quoque
535 4313 617 4387 illud
643 4317 789 4413 adeptus
816 4346 854 4393 es
872 4321 989 4414 :quod
1017 4322 1101 4392 esser
1200 4330 1287 4395 com.
1303 4318 1439 4395 Resedii
1455 4317 1581 4397 Christi
1597 4339 1772 4409 corpore.

292 4413 399 4508 snper
412 4436 515 4487 omne
530 4437 655 4486 nomen
666 4416 742 4508 :qui
757 4416 932 4512 supernam
948 4419 1102 4492 morien·
1199 4428 1315 4522 chc
1341 4422 1376 4494 in
1404 4413 1823 4516 vigilialtgsurrciiirnis.
1840 4404 1962 4482 Folio·

294 4509 346 4584 do
359 4537 397 4587 ac
411 4509 624 4608 resurgendo
647 4516 829 4608 preparasti
859 4518 1008 4591 hnmano
1037 4541 1102 4612 ge·
1153 4523 1293 4595 CXCIII.

216 4633 268 4722 ⁴⁰
297 4608 373 4681 neri
390 4612 601 4684 mansionem
621 4659 631 4682 .
647 4614 777 4689 Totum
799 4612 861 4689 tibi
879 4615 1100 4708 omnipotens
1200 4621 1317 4693 oratio
1333 4623 1343 4687 ς
1360 4611 1517 4711 Expletis
1534 4611 1685 4686 Domine
1701 4634 1712 4675 ε

225 4780 228 4787 ,
295 4711 404 4787 Pater
415 4711 508 4804 quod
524 4709 584 4781 fibi
597 4710 745 4784 redemit
761 4740 769 4781 =
784 4713 955 4808 adquirit:
971 4712 1025 4783 cui
1043 4732 1102 4789 to·
1200 4727 1316 4820 chc
1329 4718 1363 4788 in
1378 4718 1431 4787 die
1446 4710 1565 4804 Resur·
1596 4709 1666 4784 mi.
1680 4709 1850 4780 cchtrt.
1993 4729 2035 4810 ρ,

300 4825 375 4878 tum
387 4809 480 4901 quod
496 4808 635 4880 interest
656 4805 739 4880 nihil
769 4813 987 4886 amittendo:
1002 4831 1104 4885 natu·

298 4900 418 4976 taliter
436 4905 600 4978 tradidisti
614 4954 625 4975 .
639 4907 778 4983 Chrislo
794 4910 950 4987 Domino
965 4911 1105 4989 redem-
1214 4913 1241 5005 E
1252 4910 1390 4990 ERIA
1430 4905 1606 4983 SEXTA
1644 4901 1839 4980 PASCH
1850 4901 1902 4974 E.

298 5002 465 5098 ptorique
477 5006 616 5081 nostro·
2014 5034 2019 5045 ’

213 5126 268 5209 ⁷45
1366 5097 1569 5194 '.AdMiffiam
1584 5097 1756 5190 officiatus

508 5196 586 5286 Posi
595 5202 708 5297 pridie
722 5249 733 5273 .
745 5202 891 5275 Oratio.
1204 5203 1326 5280 Dicite
1340 5205 1376 5280 in
1392 5200 1587 5278 nationibus
1601 5248 1613 5270 .
1625 5211 1740 5306 ere
1761 5203 1796 5274 irs
1818 5202 1965 5293 strando
1997 5217 2050 5282 100

356 5291 421 5374 Esu
433 5295 595 5375 Salvator
611 5300 763 5373 omnium
781 5299 838 5393 qui
856 5320 1001 5395 propter
1014 5300 1101 5377 saiu-
1149 5303 1204 5377 die
1217 5301 1347 5395 Pascit
1362 5351 1373 5373 .
1391 5301 1461 5373 Fri.
1478 5307 1644 5373 CXCVIII.

367 5417 437 5472 tern
452 5399 589 5472 humani
604 5398 737 5496 generis
758 5427 768 5469 r
783 5395 982 5474 voluntarie
998 5400 1100 5473 susci·
1198 5402 1316 5474 oratio
1334 5403 1410 5475 ‚Te
1433 5396 1566 5475 excelsa
1594 5397 1666 5475 laus
1679 5448 1691 5473 .
1704 5413 1821 5512 Qerr
1847 5404 1884 5475 its
1911 5403 1964 5477 dic

300 5499 399 5591 piens
414 5497 556 5574 exitium
572 5497 703 5570 crncis=
720 5524 786 5597 pro
801 5497 899 5573 nobis
914 5498 993 5569 Deo
1003 5499 1098 5574 Patri
1149 5499 1409 5596 insurrectionis
1421 5499 1514 5572 afri.
1528 5505 1660 5572 CXCIV.

210 5615 272 5700 rgo
300 5591 436 5668 oblatus
452 5620 488 5668 es
507 5621 542 5668 rn
556 5593 723 5673 sacrificio
738 5596 866 5672 laudis.
884 5599 939 5670 rid
956 5598 1014 5670 has
1030 5598 1101 5671 ho«
1201 5596 1409 5696 Apocaiipfis
1432 5599 1600 5691 ‘iohannis
1620 5596 1774 5697 Apostoli
1789 5645 1801 5669 ·
1815 5613 1868 5699 132.
1880 5603 1964 5676 Deo

298 5691 377 5768 ilias
394 5694 641 5770 benedicendas
659 5694 715 5769 illa
730 5695 991 5796 propiciatione
1020 5695 1101 5780 iube
1151 5699 1306 5799 'gratias-
1809 5709 1887 5797 (ap.
1903 5711 1966 5776 m.
1995 5708 2049 5786 105

297 5792 472 5904 respicere
487 5821 496 5863 ε
510 5820 574 5889 qua
589 5795 672 5871 olim
689 5795 869 5872 humanum
883 5819 987 5895 genus
1004 5795 1103 5891 pros·
1260 5793 1379 5891 Ngelo
1392 5796 1507 5872 Sardis
1521 5795 1667 5871 Ecclesie
1681 5797 1808 5872 scribe.
1820 5803 1897 5874 Hec
1912 5802 1965 5876 di·

297 5893 435 5984 ·prciens
463 5893 612 5989 proprio
630 5897 800 5972 redemisti
827 5920 956 5972 cruore
983 5944 993 5965 ·
1019 5898 1103 5988 Qo
1272 5895 1317 5965 cit
1331 5899 1387 5988 qni
1403 5897 1504 5969 habet
1521 5898 1653 5992 septem
1669 5897 1803 5993 spiritns
1817 5899 1887 5970 Dei
1904 5928 1914 5968 a
1931 5903 1966 5974 81

301 5994 497 6096 omnesqui
517 6013 579 6071 tue
606 5997 728 6104 mortis
741 6021 780 6085 ac
794 5994 1054 6084 resurreillouis
1066 5996 1105 6084 iu
1154 5994 1402 6098 septeutsiellas
1416 6043 1427 6070 .
1439 5996 1638 6096 Scioopera
1651 6015 1716 6077 tua
1731 5998 1811 6095 quia
1826 6020 1963 6176 agathen

669 6143 672 6147 -
1885 6118 1969 6170 aes
