4450 7209
573 751 605 838 P
663 757 705 840 R
739 757 811 844 ¹AE'
874 760 932 843 F*
969 759 1019 847 A'·
1068 758 1115 846 T
1172 761 1196 845 1
1238 755 1329 850 'o.
1642 782 1764 853 num

128 865 733 959 Profuturum'Braecarensem
766 873 1049 992 Episcopum,
1079 877 1129 962 de
1158 906 1240 990 qua
1269 877 1372 964 infra
1402 872 1577 967 recurret
1599 877 1754 994 sermo,

132 989 174 1075 in
193 1019 242 1075 ea
259 989 436 1105 Epistola
457 991 599 1078 innuit>
620 993 726 1079 inter
742 995 971 1112 Liturgiam
989 1006 1244 1108 Romanam,
1271 1002 1310 1084 8(
1329 996 1553 1115 Hispanam
1571 1000 1612 1086 id
1628 1000 1759 1088 discri·
1784 1036 1788 1045 ·

132 1108 255 1195 minis
278 1110 553 1223 intercedere,
585 1113 693 1223 quod
711 1114 921 1230 Hispana,
953 1147 1025 1234 pro
1050 1117 1207 1204 dierum
1227 1117 1415 1204 festorum
1444 1149 1635 1230 numero,
1662 1120 1759 1207 Mis·
1863 1160 1865 1166 ·

130 1226 188 1318 sas
206 1278 225 1336 ,·
258 1230 541 1344 orationesque
573 1231 744 1319 diversas
776 1237 973 1345 haberet,
1010 1245 1196 1326 Romana
1227 1265 1322 1322 vero
1349 1236 1367 1351 (
1394 1239 1500 1350 quod
1530 1239 1580 1324 de
1609 1266 1760 1325 canone

131 1347 260 1435 Missa
295 1348 604 1466 intelligendum
637 1347 729 1462 est)
757 1357 879 1442 nullo·
897 1380 1110 1471 tempore,
1140 1355 1300 1441 nullave
1332 1356 1626 1443 interveniente
1657 1358 1761 1444 sesti·

132 1467 265 1552 vitate
296 1498 430 1584 preces
461 1471 629 1556 haberet
659 1471 866 1585 diversas,
910 1474 973 1560 sed
1005 1475 1194 1591 semper,
1235 1470 1371 1561 eodem
1399 1497 1571 1585 tenore,
1602 1470 1758 1564 oblatio

132 1615 305 1675 munem
334 1584 621 1701 consecraret.
651 1598 838 1703 Cumque
869 1593 1042 1680 eandem
1073 1595 1334 1703 orationum,
1367 1594 1660 1708 Missurumque
1688 1623 1756 1680 va·

134 1707 327 1792 rietatem
359 1710 401 1792 in
431 1711 614 1826 Liturgia
642 1713 1091 1799 MozarabicaMissalis
1122 1712 1301 1798 Ximenii
1341 1713 1626 1824 inveniamus,
1667 1740 1756 1825 qua
1864 1735 1869 1741 ·

132 1827 174 1912 iii
192 1824 382 1942 Liturgia
402 1828 605 1942 Hispana,
637 1830 801 1915 ineunt'e
831 1830 944 1917 sexto
970 1831 1132 1941 saculo,
1163 1829 1469 1941 observabatur,
1497 1831 1606 1919 haud
1631 1854 1758 1917 teme·

133 1942 178 2032 r'c
218 1944 385 2033 asserere
425 1950 586 2063 possum
616 1950 843 2063 Liturgiam
878 1951 1291 2066 Gotho-Hispanam,
1331 1953 1700 2039 &Mozarabicam
1733 1979 1759 2036 a

131 2061 262 2181 prisca
287 2067 561 2184 Hispanorum
586 2069 772 2183 Liturgia
798 2069 969 2158 minime
996 2067 1224 2157 dissentire.
1254 2077 1514 2181 Occurrunt,
1547 2072 1589 2157 in
1609 2071 1757 2157 Milsali
1790 2085 1839 2144 22
1848 2085 1871 2172 3

128 2184 297 2298 nostro,
329 2186 372 2272 in
401 2189 604 2278 Breviario
633 2188 937 2297 Mozarabum,
976 2191 1016 2275 dc
1058 2190 1101 2274 iii
1137 2189 1364 2278 Orationali
1392 2190 1569 2277 Gothico
1609 2189 1756 2275 oratio·
1848 2212 1851 2220 ’

130 2331 232 2413 nes,
265 2332 354 2418 qua
371 2369 386 2417 ,
406 2306 601 2407 *alludunt
630 2308 679 2392 ad
710 2306 1004 2422 persecutiones
1032 2335 1132 2420 quas
1163 2309 1367 2395 Catholici
1395 2309 1447 2394 ab
1474 2308 1655 2398 Arrianis
1685 2335 1753 2424 pa·

131 2424 372 2534 ciebantur,
398 2454 571 2539 quarum
597 2427 739 2539 aliqua
766 2425 906 2511 referri
932 2426 1087 2540 possunt
1112 2426 1162 2513 ad
1188 2427 1503 2541 persecutionem
1530 2430 1756 2542 imperante

133 2540 403 2654 Constantio,
444 2544 627 2631 adversus
653 2547 818 2632 clerum
848 2545 1104 2646 catholicum
1136 2570 1324 2656 motam,
1364 2548 1449 2632 alia
1489 2545 1538 2633 ad
1580 2545 1757 2662 persecu·

135 2661 290 2746 tionem
321 2662 375 2748 ab
402 2665 550 2749 Eurico
576 2665 807 2753 Gothorum
840 2670 953 2778 Rege
981 2688 1138 2749 motam
1160 2659 1255 2777 (a).
1286 2672 1347 2753 At
1379 2665 1494 2751 nulla
1525 2666 1758 2779 posteriores

134 2773 333 2891 habenda
360 2779 484 2889 sunt,
516 2783 786 2898 persecutione
812 2783 1071 2897 Leovigildi,
1112 2783 1184 2895 qui
1215 2784 1382 2869 ultimus
1411 2790 1574 2899 Regum
1602 2782 1757 2896 Vihgo·

134 2899 307 2984 thorum
335 2901 556 2988 Ecclesiam
586 2900 809 3016 Hispanam
840 2900 1066 3018 persecutus
1097 2901 1182 2987 est.
1213 2907 1277 2989 Eo
1308 2902 1418 2987 enim
1449 2898 1655 3012 extindlo,
1682 2901 1754 2987 Vi·

134 3017 317 3133 figothi,
346 3046 440 3104 curn
471 3026 585 3135 Rege
624 3020 693 3105 suo
727 3020 987 3131 Reccaredo,
1018 3018 1068 3104 ad
1095 3020 1315 3107 Ecclesiam
1346 3020 1599 3106 catholicam
1630 3015 1754 3104 redie·
1787 3033 1873 3118 224

134 3160 260 3222 runt.
291 3144 350 3226 Et
384 3138 500 3225 simul
527 3169 621 3225 cum
649 3141 798 3227 Gothis
825 3168 971 3254 magna
996 3146 1222 3229 Suevorum
1250 3136 1467 3223 multitudo
1495 3129 1583 3252 (b),
1612 3165 1637 3222 a
1669 3163 1755 3251 per·

135 3253 227 3341 lidia
255 3257 455 3366 Arriana,
484 3257 536 3343 ad
560 3258 831 3345 orthodoxam
859 3259 980 3345 fidem
1008 3257 1195 3343 conversa
1225 3255 1309 3341 est.
1338 3257 1565 3343 Concilium
1586 3257 1756 3343 Toleta-

136 3403 236 3460 num
278 3378 448 3463 tertium
488 3404 757 3465 convocatum
789 3378 900 3489 suit,
939 3379 1125 3488 inquo,
1167 3373 1273 3488 quod
1317 3373 1483 3462 adrem
1522 3376 1753 3490 liturgicum

138 3493 349 3609 pertinet,
380 3494 641 3584 constitutum
670 3500 749 3584 suit
781 3521 862 3607 ut,
892 3498 934 3582 in
955 3496 1105 3606 Missa,
1135 3494 1373 3608 Symbolum
1398 3492 1756 3607 Constantinopoli·

140 3623 283 3700 tanum
313 3614 549 3703 recitaretur
589 3619 820 3732 priusquam
845 3617 1061 3704 Dominica
1091 3613 1290 3700 diceretur
1328 3615 1457 3699 oratio
1486 3607 1576 3729 (c).
1614 3618 1755 3733 Quem

140 3733 265 3820 ritum
291 3733 645 3851 GothoHispani,
675 3741 715 3823 8<
743 3738 980 3824 Mozarabes
1004 3734 1228 3822 constanter
1254 3733 1527 3820 retinuerunt.
1552 3731 1642 3820 Post
1666 3759 1757 3817 con·

140 3852 363 3939 versionem
392 3853 523 3968 gentis
550 3858 782 3943 Gothorum
812 3856 863 3942 ad
897 3856 1151 3943 catholicam
1190 3853 1532 3941 communionem
1571 3856 1612 3940 S.
1631 3848 1753 3937 Isido·
1789 3867 1867 3956 225

139 4001 234 4083 rus,
265 3970 352 4084 jain
379 3972 630 4090 Episcopus,
660 3977 851 4063 hortante
880 3975 1004 4061 sratre
1034 3973 1101 4059 suo
1131 3971 1377 4088 Fulgentio,
1407 3969 1639 4084 Astigitano,
1656 3969 1753 4084 Epi·

139 4090 287 4208 scopo,
318 4091 439 4177 libros
469 4090 566 4178 duos
595 4091 647 4182 de
671 4090 795 4184 Eccle
810 4087 965 4214 casticii
988 4084 1184 4217 Officiis,
1223 4090 1405 4207 scripsit,
1444 4090 1587 4202 quibus
1617 4089 1753 4175 Litur·

139 4213 248 4327 giam
279 4211 520 4300 Gotho-His
541 4240 660 4301 anani
702 4215 947 4328 illustravit,
989 4213 1062 4298 hos
1103 4213 1254 4324 libros,
1297 4232 1344 4294 ut
1381 4206 1462 4324 ipse
1500 4205 1666 4293 testatur
1701 4234 1754 4294 ex

134 4325 310 4448 scriptis
336 4243 700 4450 vetussiffimorum
728 4332 969 4448 nullorum,
1010 4331 1268 4452 composuit,
1307 4356 1482 4442 quorum
1511 4328 1637 4415 etiam
1668 4353 1759 4413 ver·

141 4450 198 4539 bia
219 4449 465 4568 quandoque
492 4452 580 4542 usus
605 4453 689 4542 est.
719 4454 951 4546 Dolendum
980 4453 1101 4570 sane,
1133 4483 1183 4572 ne
1210 4450 1374 4541 nomina
1395 4446 1562 4564 quidem
1588 4445 1756 4654 istopuin

449 4590 452 4595 ’
1159 4594 1161 4599 ·
1509 4612 1511 4617 -
1685 4591 1758 4653 cri·

201 4773 245 4857 a)
266 4766 433 4849 Eutime,
451 4767 509 4857 qui
522 4771 710 4841 &noricus
721 4774 771 4848 ‚dc
783 4769 924 4849 Eraria,
982 4770 1131 4860 phania,
1155 4772 1249 4852 culus
1263 4769 1400 4844 illatio,
1415 4761 1503 4830 Mill.
1517 4762 1608 4828 Moz.
1620 4778 1752 4863 pagnpi
1827 4827 1831 4832 ,

141 4778 396 4949 Vihgotbotum
412 4865 559 4949 Regnum
572 4905 583 4934 ‚
595 4938 599 4945 Ι
609 4861 708 4927 fratre
729 4859 923 4928 Theodori·
985 4861 1101 4934 simeo.
1114 4861 1186 4948 post
1201 4857 1391 4946 ‘preclaram
1412 4851 1559 4939 mysterii
1573 4850 1756 4916 Trinitatia

140 4974 176 5018 to
186 4949 392 5026 roteneco,
415 4951 615 5041 occupavit,
641 4959 700 5015 ara
724 4952 924 5037 quingente·
983 4950 1262 5037 explicationem,
1277 4968 1293 5010 e
1307 4943 1427 5031 qua,iu
1440 4941 1637 5045 Symbolum
1650 4940 1760 5004 Atha·

141 5041 220 5107 simo
233 5053 373 5127 quarto,
386 5054 424 5104 ut
437 5042 536 5107 habet
550 5047 581 5106 S.
594 5041 739 5105 lsidorus
749 5042 782 5105 in
797 5042 921 5106 Cliton.
981 5041 1170 5112 uestinum,
1194 5036 1301 5103 multa
1320 5034 1482 5102 translata
1494 5027 1593 5105 sunt,
1617 5044 1665 5093 ita
1678 5048 1762 5094 con·

141 5131 332 5207 Gothprum
346 5173 357 5206 ,
381 5125 565 5213 saevamque
583 5129 613 5193 iii
628 5129 821 5194 Catholicos
846 5150 923 5216 per·
982 5128 1088 5194 cludit
1097 5145 1155 5215 per
1168 5139 1222 5201 tr,
1237 5148 1353 5200 unuin,
1367 5142 1535 5210 verumque
1547 5127 1669 5191 Deum,
1685 5138 1760 5182 con·

140 5210 346 5285 secutionem
361 5219 489 5294 movit,
500 5219 539 5282 de
551 5218 780 5302 qiiaSidonius
792 5215 922 5304 Appol-
945 5244 949 5250 ’
976 5221 1128 5307 flantium
1141 5218 1217 5303 fidei
1231 5222 1370 5305 accipit.
1398 5215 1463 5281 Per
1478 5224 1511 5276 tr
1533 5212 1693 5311 virtutem
1702 5204 1761 5292 su·

85 5362 87 5381 ,
144 5305 281 5382 linaria,
305 5309 421 5374 aanor
435 5309 644 5394 synchronus
660 5308 858 5372 mentionem
874 5307 923 5368 fa-
982 5313 1042 5376 mir
1062 5309 1255 5391 infirmiter,
1279 5303 1497 5395 &quidquid
1522 5302 1763 5402 eslinprrjecus

85 5386 87 5411 '
144 5397 285 5486 citeplss.
307 5398 404 5478 hbq.
419 5400 583 5486 epifl.6.&
606 5401 639 5460 S.
653 5395 836 5482 Gregorius
851 5397 925 5461 Tu·
985 5399 1127 5465 tionibus
1142 5400 1289 5486 saarim,
1313 5395 1467 5483 quidquid
1485 5393 1519 5454 in
1540 5399 1640 5454 iaorte
1655 5399 1764 5491 tersi·

144 5488 288 5556 nonensis
299 5485 631 5571 llist.lib.a.cap.25.
649 5483 927 5562 moneamin-
989 5493 1075 5560 bi‘le,
1099 5490 1233 5553 nomim'i
1253 5488 1307 5552 tici
1322 5483 1524 5572 consefflonei
1542 5479 1627 5566 sarii
1643 5474 1761 5562 sacill-

146 5578 244 5661 pnit‚
263 5579 371 5668 paffim
392 5579 603 5665 peraerfirati‘
622 5576 713 5664 suae,
736 5575 843 5640 heresi
863 5577 928 5636 Ar·
989 5593 1041 5646 ην
1052 5577 1230 5665 superare,
1255 5579 1329 5665 &a
1583 5654 1592 5670 ι
1710 5649 1720 5668 ·

145 5667 263 5759 timp,
289 5688 351 5733 non
364 5667 589 5754 consentienter
603 5707 612 5727 ·
640 5669 771 5734 Clericus
784 5667 930 5731 carceri·-
1031 5667 1090 5758 (ὸ)
1114 5667 1166 5732 De
1179 5665 1255 5740 his,
1276 5655 1480 5728 Recearedus
1497 5658 1568 5723 Reii
1581 5675 1614 5719 in
1628 5669 1763 5717 concio·

150 5755 200 5823 ier
209 5755 411 5845 subigebat.
436 5760 614 5825 Sacerdotes
631 5776 706 5823 acro
728 5758 807 5822 alios
829 5752 930 5819 dabat
989 5778 1028 5824 ne
1054 5775 1164 5820 coram
1191 5751 1346 5820 Concilio
1365 5750 1500 5820 habita,
1524 5749 1570 5834 &0
1589 5747 1764 5848 Succorum

153 5849 267 5920 cicilio,
292 5850 376 5915 alios
396 5848 507 5935 gladio
530 5847 705 5914 truncabat
727 5888 737 5909 .
770 5843 928 5910 saviente
985 5849 1114 5936 gentis,
1138 5844 1208 5919 ait,
1226 5839 1561 5928 infiniro'imiltituda,
1580 5842 1620 5908 ad
1636 5842 1766 5908 unita·

154 5934 260 6002 Rurici
293 5933 519 6024 persecutione
541 5978 552 6011 ,
584 5934 715 6002 sortasse
736 5929 857 6024 scripta
884 5931 930 5998 est
991 5943 1035 6006 rit
1048 5937 1200 6023 originem
1213 5934 1459 6003 revocavimus·

102 6100 109 6113 ,
152 6021 245 6098 lum
261 6025 453 6102 Dominice
475 6025 581 6098 tertia
600 6026 676 6119 pall
696 6024 832 6105 allevas
845 6021 932 6116 Epi·
1036 6027 1094 6114 (c)
1122 6024 1239 6094 caua.

715 6142 727 6187 i
