4450 7209
376 749 430 818 na
833 710 1595 806 oontrur'cnnsu'nna·
1678 784 1680 792 .
1925 799 1980 817 ..

383 834 562 936 peslemus
588 831 789 912 audorema
815 831 852 900 dt
873 827 907 899 in
930 823 1079 898 adversis
1101 827 1204 909 hujus
1255 819 1358 896 llrusa
1385 821 1497 896 suerat
1521 814 1652 896 homini
1679 813 2091 923 primojprortroptauno
2126 817 2173 920 55

386 935 502 1011 mundi
516 951 552 1006 te
564 929 696 1024 semper
708 926 879 1002 custodem
891 923 1069 997 habeamus
1081 921 1116 992 δι
1127 941 1208 1015 pro·
1257 917 1330 1014 ipse
1345 916 1517 992 Dominus
1532 938 1571 990 ac
1586 918 1801 1010 Redemptor
1813 934 1952 988 eternus
1968 964 1980 987 .

389 1030 585 1104 tedorem.
612 1024 789 1114 Quatenus
805 1039 864 1093 tua
876 1017 1025 1093 custodia
1038 1015 1125 1114 septi
1138 1042 1147 1084 a
1161 1017 1213 1088 ita
1310 1014 1373 1084 Hit
1399 1016 1483 1085 dicit
1506 1009 1650 1089 areth..
1679 1015 1808 1085 Adello
1822 1014 1961 1102 adello.
1993 1015 2091 1086 sicar
2189 1023 2190 1090 ζ

388 1126 483 1222 pacis
505 1121 610 1195 studia
639 1115 825 1191 certisime
851 1113 1057 1214 diligamus.
1084 1131 1124 1185 ut
1140 1134 1216 1186 cum
1258 1105 1479 1211 scriptumest
1493 1110 1527 1181 in
1538 1107 1757 1206 primaMifflr
1765 1109 1882 1198 fodr.
2153 1108 2157 1117 '
2189 1103 2190 1140 ³

331 1221 355 1314 ’ς
391 1215 590 1318 ingloriam
615 1215 786 1289 aduentus
814 1211 869 1288 tui
892 1235 999 1306 equus
1023 1207 1217 1283 retributor
1447 1295 1448 1302 ἵ
1567 1201 1786 1302 Pollpridr‘e.
2165 1304 2173 1312 ι

389 1315 598 1394 advenerisa
621 1330 748 1386 eterno
777 1311 951 1409 potiamur
975 1307 1101 1408 gaudio
1120 1301 1217 1381 exul·
1376 1302 1437 1377 Eni
1449 1302 1604 1381 Domine
1633 1303 1668 1371 dt
1693 1298 1764 1376 noli
1786 1303 1946 1378 tardaret
1973 1301 2093 1380 relaxa
2125 1307 2190 1395 60„

303 1458 305 1461 -
391 1411 561 1490 sationis.
610 1412 613 1417 ’
1390 1401 1540 1479 facinora
1559 1397 1667 1495 plebis
1680 1418 1763 1471 tues
1790 1402 2094 1476 muserensomni-
2189 1421 2190 1454 l

406 1520 417 1554 ·’
441 1523 492 1603 131.
506 1509 629 1585 suom
641 1509 782 1582 Ameni
1267 1505 1330 1576 bus
1347 1496 1424 1596 vite
1438 1498 1605 1597 premium
1621 1493 1820 1590 repromisse
1833 1544 1844 1568 .
1859 1503 1906 1570 Ut
1927 1499 2012 1570 srcut
2035 1499 2096 1572 ln·
2189 1495 2190 1558 l

577 1623 581 1631 ·
649 1595 657 1608 “
738 1604 887 1678 Iristioi
1267 1596 1466 1676 carnatione
1496 1616 1555 1670 tua
1578 1592 1662 1666 olim
1690 1594 1837 1688 reparati
1865 1593 2007 1670 sumusc
2040 1596 2094 1668 ita
2189 1611 2190 1684 j

183 1691 192 1700 “
319 1720 364 1772 ιο
419 1687 424 1698 ’
501 1705 622 1802 ignum
639 1706 673 1774 &
693 1705 813 1789 justum
826 1701 900 1774 estc
927 1721 1013 1772 vere
1026 1693 1220 1794 dignum&
1268 1717 1402 1790 quoque
1430 1714 1467 1766 te
1491 1694 1534 1766 ad
1556 1689 1719 1779 iudicium
1733 1689 1929 1765 venientem
1942 1689 2097 1786 placabi-
2189 1719 2190 1730 ¹

377 1705 491 1882 D
517 1802 750 1874 honorificum
764 1799 811 1870 eli
826 1795 976 1870 Domine
991 1792 1069 1872 lesu
1085 1789 1219 1866 Chrille
1268 1791 1335 1864 lem
1349 1789 1550 1865 sentiamus·
1572 1789 1635 1862 His
1646 1807 1784 1878 quoque
1798 1804 1835 1858 te
1847 1789 2029 1879 quesumus
2042 1786 2095 1860 sa·
2125 1793 2174 1889 65

397 1902 496 1974 Deus
510 1899 621 1971 notie'r
637 1896 823 1970 adventum
835 1890 948 1990 glorie
964 1911 1042 1964 tue:
1055 1896 1092 1964 ἃ
1108 1890 1222 1961 incar·
1269 1885 1404 1962 crificiis
1421 1887 1543 1962 nollris
1555 1883 1601 1961 ita
1615 1879 1917 1958 sanslilicationem
1930 1902 2022 1957 tuam
2040 1885 2096 1954 in·

400 1995 574 2071 nationisa
602 1993 854 2068 &Natiuitatis
868 1989 1064 2084 mysterium
1087 1980 1219 2060 solenni
1269 1986 1400 2060 fundes
1424 1981 1618 2082 quoexlnis
1635 1977 1797 2087 sumpturi
1831 1979 1926 2053 nullo
1952 1983 2106 2076 decide-g
2189 2017 2190 2036 r

402 2092 595 2166 devotione
611 2088 788 2166 recolere=
815 2088 993 2178 nostreque
1005 2083 1121 2158 salutis
1145 2079 1222 2152 inli-
1271 2105 1346 2156 mus
1360 2080 1394 2154 in
1406 2082 1573 2154 criminer
1604 2075 1660 2147 sed
1676 2075 1872 2150 sanurficati
1899 2097 1992 2156 tuum
2022 2103 2095 2152 me-

323 2177 376 2270 1'5‘
405 2189 510 2287 gniaa
540 2210 605 2280 quc
633 2189 737 2260 tantis
765 2185 840 2257 sunt
870 2181 1007 2277 prolata
1033 2178 1220 2254 virtutibus
1268 2202 1402 2258 reamur
1424 2178 1574 2251 Domine
1595 2174 1782 2248 adveutum
1813 2171 1977 2271 impavidi
1997 2173 2095 2248 susti.

403 2309 478 2361 cum
494 2285 538 2356 tri
565 2284 644 2355 udio
660 2285 759 2358 animi
774 2278 970 2376 predicare.
993 2278 1060 2350 Sed
1082 2273 1157 2369 quis
1171 2273 1224 2345 di·
1272 2300 1382 2353 nere.
2123 2280 2171 2374 75

403 2406 484 2480 gras
497 2311 878 2475 valimdignationitue
888 2377 1079 2472 rependere
1087 2371 1222 2446 laudes?
1321 2391 1370 2465 ps.
1386 2382 1524 2452 Amen.
1838 2454 1841 2460 ¹

403 2483 515 2562 Cujus
529 2498 663 2571 operar
689 2499 751 2549 nec
763 2471 931 2548 mirabilia
954 2495 1129 2548 numerare
1144 2465 1224 2566 pos·
1320 2476 1370 2544 Te
1381 2477 1549 2571 preliante
1568 2522 1579 2546 .
1600 2471 1743 2563 fol-vr.
1818 2493 1822 2500 ·

403 2573 514 2648 sumus
542 2594 605 2642 nec
629 2571 807 2649 uirtutes·
837 2574 992 2660 Qantara
1022 2589 1135 2642 tamen
1151 2564 1222 2660 ipse
1429 2573 1688 2644 „adorationem
1702 2569 1932 2644 nominum:

322 2690 373 2741 ao
403 2669 460 2746 vel
477 2667 583 2761 qualis
597 2668 663 2742 lisa
690 2667 799 2743 nullus
810 2669 917 2741 credo
945 2668 1068 2739 audeat
1089 2663 1221 2738 diceret
1378 2666 1590 2750 Ominelesu
1604 2667 1736 2741 Christe
1751 2668 1807 2760 qui
1821 2661 1998 2760 pronubis
2015 2667 2095 2738 car-'

340 2799 345 2811 ·
401 2765 564 2863 quoniam
575 2767 798 2857 quantitatem
815 2765 865 2837 tui
878 2761 936 2846 vel
951 2761 1149 2857 qualitatem
1162 2759 1223 2832 nu·
1395 2791 1472 2838 nem
1488 2767 1531 2837 de
1548 2763 1691 2860 Virgine
1704 2761 1895 2859 suscepistis
1923 2763 1956 2834 ἃ
1971 2785 2097 2855 prece.
2126 2769 2171 2862 75
2189 2823 2190 2854 3

402 2887 498 2939 mane
527 2862 692 2956 sapientie
719 2888 790 2940 non
814 2863 862 2933 ell
881 2864 997 2936 datum
1021 2859 1130 2933 scire.
1154 2855 1223 2930 Sed
1272 2881 1333 2959 pta
1347 2864 1442 2936 nobis
1474 2861 1617 2936 tribuilli
1641 2858 1780 2933 orandis
1802 2880 1842 2933 tu
1866 2884 1932 2955 que
1962 2883 2028 2934 nos
2058 2879 2099 2932 te
2189 2909 2190 2916 κ

401 2964 498 3045 cuius
511 2958 766 3036 immensitatem
779 2959 915 3034 humani
926 2955 1037 3029 sensus
1053 2952 1229 3051 capacitas·
1272 2961 1423 3037 docente
1436 2958 1646 3054 exposcimus
1662 2957 1874 3051 propiciatus
1889 2954 2012 3028 exaudi
2030 2975 2098 3030 ·ut

402 3081 478 3133 non
503 3052 618 3132 valeat
648 3056 859 3131 terminares
883 3077 986 3129 unum
1008 3051 1230 3129 solummodo
1250 3056 1334 3152 .qui
1345 3055 1419 3128 dies
1435 3059 1512 3152 ilios
1528 3055 1771 3128 incarnationis
1786 3074 1845 3127 tue
1871 3075 1946 3127 cum
1968 3053 2100 3126 summa
2189 3107 2190 3134 2

325 3171 346 3223 a
351 3169 370 3243 5
403 3155 453 3228 est
469 3180 479 3222 r
495 3151 711 3227 utTrinitate
725 3151 876 3228 Deitatis
891 3170 994 3246 atque
1008 3150 1225 3246 omnipoten-
1274 3153 1500 3228 veneratione
1515 3150 1732 3246 suscipimus:
1756 3153 1854 3226 dono
1867 3145 1979 3224 sandi
1989 3148 2100 3240 Spiri·
2189 3145 2190 3152 ’

292 3257 297 3272 ’
402 3252 525 3325 tietue
539 3245 737 3345 fimpliciter
762 3249 965 3323 credamus:
985 3253 1031 3320 ἃ
1053 3245 1225 3322 veraciter
1278 3270 1333 3323 tus
1348 3251 1537 3325 muniamur
1551 3242 1800 3346 proclamantes
1825 3249 1859 3319 in
1875 3244 1999 3318 terris.
2032 3247 2098 3316 Pa·
2129 3247 2174 3346 io

401 3345 616 3444 predicemus
635 3345 713 3415 .'su
729 3347 844 3438 itaque
859 3344 1115 3420 clementiffime
1130 3345 1224 3414 Deus
1275 3366 1330 3421 ter
1346 3350 1459 3421 noster
1477 3347 1535 3440 qui
1554 3367 1591 3417 es
1618 3345 1653 3417 in
1680 3345 1787 3420 celis.
1812 3353 1928 3417 Totum
1945 3340 2035 3431 ficut
2047 3341 2102 3433 dig
2122 3353 2125 3358 “
2189 3351 2190 3424 ἶ

403 3467 490 3517 vere
503 3437 713 3514 credulitatis
745 3439 779 3511 in
809 3440 952 3515 scnsbus
980 3440 1101 3515 nostris
1116 3438 1226 3512 incre·
1275 3445 1363 3513 &um
1377 3443 1419 3528 est
1434 3446 1589 3540 inprime
1603 3438 1697 3534 Miffa
1711 3443 1743 3512 .’
2189 3489 2190 3544 r

404 3558 561 3612 mentum
584 3534 797 3631 multiplicat
822 3537 1032 3635 &imaginis
1055 3560 1094 3610 ac
1115 3531 1227 3608 simili·
1323 3537 1558 3612 utcaruresb.
1575 3539 1857 3616 struasmsus.
2189 3549 2190 3572 ¹

237 3685 246 3694 .
330 3653 377 3723 30
405 3633 531 3708 tudinis
545 3650 603 3701 tue
617 3632 756 3705 sormam
771 3634 943 3731 magisque
961 3635 1227 3706 restaurarutte
1290 3711 1294 3718 ,
1431 3634 1548 3722 Postea
1563 3633 1946 3710 dicatbrnediuronenr:

406 3750 506 3824 quem
522 3727 645 3802 dudum
658 3725 781 3802 venisse
796 3734 965 3806 credimus
992 3753 1056 3824 pro
1070 3727 1227 3803 remediis
1277 3730 1376 3906 D
1386 3737 1450 3808 Eus
1466 3733 1556 3828 pacis
1570 3730 1759 3808 sanuificet
1770 3759 1834 3809 vos
1843 3739 1884 3810 ad
1895 3729 2103 3827 persedume
2131 3732 2171 3827 85'
2189 3751 2190 3820 j

408 3824 654 3921 captivorum:
679 3824 881 3905 insecundo
896 3832 1049 3903 adventu
1066 3846 1129 3902 tuo
1145 3827 1179 3898 te
1194 3827 1230 3899 in
1398 3836 1492 3917 cuius
1506 3829 1752 3903 incarnationis
1765 3835 1903 3907 ovando
1915 3827 2100 3902 celebratis
2189 3893 2190 3906 ,

408 3921 580 4006 majestate
593 3923 1113 4001 venturumsullinentesvidere
1123 3946 1230 3995 mere·
1278 3930 1720 4022 mysterium.13nAmen·.
1747 3929 1842 4000 Idem
1869 3949 2009 4024 quoque
2032 3949 2101 4002 vos

409 4042 525 4111 amors
546 4020 806 4098 concessanobis
832 4022 1046 4122 indulgentia
1067 4040 1229 4115 peccato·
1277 4023 1811 4120 castificetrnentetacorpores
1835 4030 1892 4120 qui
1917 4024 1952 4094 se
1982 4020 2103 4096 voluit
2189 4049 2190 4084 i

334 4133 378 4206 35
412 4141 510 4193 ruma
530 4119 909 4217 prestaunirasequatis
936 4125 973 4194 ὅτ
996 4117 1230 4194 indiuisaTri·
1276 4122 1368 4198 nasci
1391 4126 1438 4196 de
1455 4121 1626 4218 Virgine.
1653 4137 1702 4218 ΒΔ
1728 4131 1862 4197 Amen.
1892 4125 1939 4196 Ut
1963 4121 2106 4220 integer
2189 4111 2190 4126 ¹

411 4213 527 4286 nitas:
553 4216 795 4290 Deusnoller·
819 4222 934 4308 ‚onem
961 4216 1115 4293 celorum
1145 4211 1228 4286 mul·
1279 4221 1301 4292 s
1318 4219 1853 4315 iritusvelleranima&corpus
1879 4221 1947 4294 sine
1962 4216 2105 4311 querela
2131 4211 2176 4304 90'
2189 4257 2190 4274 κ

411 4309 571 4384 titudo&
585 4308 761 4419 ineffabilis
777 4337 950 4388 numerum
967 4337 1065 4407 quem
1081 4309 1229 4389 omnium
1279 4249 1441 4392 se'rvetur
1463 4318 1496 4388 in
1526 4315 1712 4390 adventurn
1742 4317 1865 4413 ipsus.
1892 4330 1940 4411 ur.
1963 4321 2102 4387 Amen.
2189 4333 2190 4340 ¹

411 4405 1229 4502 Angelorummilictacumsenioribus&Virtn·
1280 4415 1350 4488 Per
1376 4413 1640 4490 misericordiam
1667 4412 1768 4506 ipsius
1789 4411 1858 4486 Dei
1885 4409 2019 4486 nostris
2043 4411 2105 4506 qui
2189 4361 2190 4452 l

284 4522 289 4539 ¹
414 4503 594 4582 tibuscum
607 4504 754 4578 Thronia
781 4507 1130 4582 &Dominationibus
1157 4503 1230 4580 lau·
1278 4509 1544 4586 vivit&omnia
1557 4511 1652 4607 regit
1669 4508 1826 4584 insecula
1840 4507 2055 4584 seculorum·
2189 4499 2190 4552 ³

178 4647 189 4666 .
334 4611 383 4685 40
414 4600 737 4684 darenoncellant.
764 4601 801 4678 ln
816 4609 911 4690 cuius
925 4605 1124 4697 preconium
1147 4625 1229 4696 qua·
1258 4607 1261 4616 ’
1306 4612 1529 4704 'nn-Amen.

354 4717 362 4784 g
414 4697 510 4794 driga
526 4697 582 4773 illa
596 4699 747 4773 senarum
770 4702 917 4798 remigio
941 4698 1077 4773 suffulta
1102 4696 1229 4773 alarum
1290 4711 1391 4778 Dicat
1404 4703 1524 4778 Pressa.
1535 4705 1758 4780 Dominusfit
1773 4704 1904 4802 semper
1916 4703 2103 4780 vobiscum·
2128 4693 2171 4786 95

413 4793 883 4870 intrinsecnsuexrrinserns
896 4820 907 4879 ;
932 4795 1121 4872 minutatim
1147 4817 1230 4866 ocu·
1278 4805 1500 4892 Mecum.
1531 4805 1634 4873 Dicat
1649 4801 1805 4883 chorus·
1837 4803 1975 4883 Gullate
1999 4805 2036 4875 dt
2052 4801 2110 4876 vi·

415 4886 458 4960 lis
471 4885 646 4969 liminatur
669 4915 743 4963 cum
756 4894 932 4966 Cherubin
946 4894 1108 4988 hymnum
1125 4891 1231 4962 canti·
1280 4903 1362 4975 dete
1381 4897 1477 4990 qul.
1493 4920 1580 4968 v11.
2189 4915 2190 5004 l

333 5074 339 5086 ι
416 4983 448 5054 ci
463 4985 549 5060 novi
560 4986 767 5061 concinnunt
790 4987 968 5065 laudantes
987 5010 1096 5083 atque
1112 4983 1232 5059 dicen·
1319 5011 1329 5027 ·
2189 5015 2190 5058 r

336 5090 382 5164 45
419 5096 496 5154 res.
908 5169 915 5178 .
1003 5145 1010 5154 .
1378 5087 1430 5162 nn
1454 5091 1653 5180 ossanna
1670 5091 1920 5169 nouimus
1947 5094 2015 5170 us
2189 5085 2190 5178 ζ

417 5179 568 5343 dviciat
596 5178 739 5258 choras·
765 5182 931 5256 Sanflus'.
959 5180 1126 5261 Sandus.
1148 5185 1236 5274 Sanff
1464 5187 1691 5265 ADVENTU
1716 5191 1923 5270 DOMINI·
1974 5227 1984 5235 ·
2132 5195 2190 5268 Μ,

454 5296 519 5344 us.

465 5369 566 5440 Dicat
578 5368 698 5445 saresb.
707 5368 776 5469 pull
791 5379 953 5448 sarnus.
1396 5425 1400 5434 ·
1479 5385 1540 5454 Au
1556 5382 1722 5476 Mffanr.
1745 5381 1912 5472 officiunt.
1956 5442 1962 5450 .

521 5466 585 5540 Ere
598 5469 760 5542 Sanusne
785 5494 868 5545 vere
894 5469 1093 5544 benedictus
1112 5473 1236 5548 Domi·
1402 5529 1406 5536 -
1684 5557 1687 5565 Α
2189 5537 2190 5558 r

339 5569 387 5640 50
467 5655 475 5670 ·
501 5592 503 5595 ·
536 5586 596 5635 nus
611 5565 990 5659 nolierlesusChrilius
1013 5565 1103 5653 silius
1132 5589 1235 5642 tuus:
1372 5575 1444 5648 Cce
1458 5574 1559 5670 super
1573 5577 1712 5652 Montes
1725 5603 1788 5674 pe.
1812 5581 2105 5673 lqequireretroin

342 5693 355 5750 ·7
405 5675 475 5767 ,qut
493 5680 559 5728 non
572 5682 617 5730 ex
629 5661 724 5736 uirili
735 5659 858 5736 semine
876 5683 1000 5744 natust
1028 5662 1084 5735 sed
1098 5688 1145 5734 ex
1159 5667 1236 5760 Spi-
1381 5674 1491 5767 primo
1520 5678 1688 5745 Dominicn
1715 5676 1931 5747 Adventus.
1968 5683 2107 5748 oratio·
2137 5669 2190 5754 105:

417 5772 488 5864 artu
504 5753 627 5827 Sancto
644 5757 756 5833 aDeo
770 5762 873 5834 Putre
888 5779 1076 5854 conceptus
1102 5762 1159 5852 qui
1175 5765 1238 5836 de·
1284 5769 1378 5840 Deus
1395 5767 1452 5862 qui
1469 5790 1530 5862 per
1546 5767 1734 5866 Angelicos
1752 5773 1914 5847 Choros.
1930 5771 2041 5844 testu
2054 5775 2111 5844 Li·-
2189 5763 2190 5780 ¹

420 5851 471 5921 dtt
492 5855 619 5925 mundo
632 5877 694 5947 per
710 5856 986 5932 incarnationem
999 5859 1165 5930 adventus
1190 5858 1239 5931 sui
1288 5859 1346 5960 brt·
1356 5867 1457 5963 Efiaye
1470 5865 1638 5958 Proplrere
1655 5915 1664 5936 .
1691 5881 1738 5949 132.
1754 5868 1832 5942 Deo
1847 5869 1998 5964 gratias.

418 5963 548 6045 noxum
562 5948 797 6056 fideilumtuff
815 5955 967 6041 reserans
981 5952 1150 6054 uiamque
1175 5953 1240 6054 obs
1444 5961 1609 6060 'sapimlo
1621 5963 1770 6056 uiressmo
1784 5979 1905 6060 quarta
1927 6012 1939 6036 .

2004 6058 2105 6138 slli-
