4450 7209
360 667 367 676 '
417 655 488 732 180'
776 648 1083 738 SABBATO
1119 641 1383 722 sANcso
1421 645 1698 722 PASCHE·

395 752 579 835 intellexit
603 777 692 857 ergo
705 757 787 832 Noe
809 757 911 848 quod
933 751 1103 824 ceffass'eot
1120 768 1206 841 aque
1256 742 1349 817 Tulit
1363 767 1501 841 quoque
1515 743 1608 840 ligna
1623 741 1832 821 holocausti:
1849 749 1885 823 dr
1899 745 2066 845 imposuit
2097 777 2137 850 55

397 854 502 947 super
525 873 650 931 terram
674 903 685 924 .
721 855 748 924 E
779 851 938 946 aperiens
966 843 1096 923 redum
1123 864 1203 918 arce
1255 841 1358 936 super
1376 845 1465 916 Isaac
1481 841 1590 917 filium
1605 843 1726 919 suum.
1748 845 1824 941 Ipse
1840 867 1929 922 uero
1946 871 2066 944 porta·

397 947 556 1043 aspexit:
577 953 732 1046 viditque
746 951 843 1040 quod
856 943 1049 1021 exficcasset
1061 941 1206 1039 superli-
1253 941 1311 1016 bat
1325 941 1361 1013 in
1375 943 1526 1020 manibus
1540 943 1656 1038 ignem
1674 941 1890 1042 &gladium
1903 946 2064 1043 Cumque

399 1049 470 1118 cies
487 1067 580 1120 terre
593 1093 605 1115 ·
619 1047 772 1121 bocutus
786 1045 835 1115 est
849 1062 963 1118 autem
976 1040 1148 1116 Dominus
1160 1040 1202 1113 ad
1252 1039 1323 1114 duo
1336 1060 1528 1138 pergerent
1539 1039 1657 1114 fimus:
1674 1040 1764 1114 dixit
1775 1043 1866 1116 Isaac
1880 1047 1970 1139 patri
1982 1046 2044 1121 suo
2057 1073 2068 1114 :

349 1167 370 1237 ς
400 1141 482 1216 Noe
494 1141 628 1213 dicens.
653 1139 829 1236 Egredere
846 1143 889 1214 de
903 1165 983 1216 arce
1000 1159 1042 1214 tu
1065 1143 1102 1214 &
1115 1163 1206 1215 uxor
1254 1141 1359 1214 Pater
1372 1142 1417 1214 mi
1435 1144 1452 1208 ἓ
1477 1145 1527 1212 At
1539 1139 1596 1214 ille
1611 1139 1791 1234 respondit
1807 1189 1819 1210 .
1846 1143 1939 1236 Qid
1955 1147 2006 1216 vis
2024 1147 2068 1218 fi·

402 1255 485 1310 rua:
510 1240 546 1308 δι
560 1235 621 1308 filii
637 1238 685 1310 tui
700 1239 879 1313 &uxores
895 1237 1049 1313 filiorum
1062 1255 1203 1312 tuorum
1253 1233 1305 1308 li?
1331 1238 1417 1310 Eece
1432 1237 1542 1332 inquit
1554 1238 1641 1334 ignis
1656 1241 1691 1311 dr
1705 1237 1818 1337 ligna:
1831 1241 1887 1314 ubi
1901 1242 1949 1312 est
1965 1242 2066 1314 vidi·
2095 1255 2136 1322 60

397 1351 531 1404 tecum:
547 1331 733 1430 surdaque
747 1334 930 1412 animantia
942 1361 1009 1432 que
1024 1337 1102 1407 sunt
1112 1335 1204 1431 apud
1254 1359 1308 1410 ma
1338 1333 1520 1410 holocaulli
1556 1341 1571 1406 ?
1610 1337 1713 1412 Dixit
1742 1359 1858 1413 autem
1888 1338 2067 1416 Abraam.

398 1447 435 1500 se
448 1451 493 1499 ex
507 1435 602 1503 omni
616 1453 742 1507 carne.
766 1434 918 1534 Egressus
931 1459 1023 1532 ergo
1038 1435 1139 1506 Noe:
1152 1435 1205 1508 fe·
1253 1434 1350 1507 Deus
1376 1433 1576 1530 providebit
1602 1437 1664 1509 fibi
1683 1433 1855 1514 vidimus
1872 1434 2065 1515 holocausti

396 1525 825 1605 citutdixerateiDeus·
849 1530 1203 1630 Edificauitquealta-
1252 1531 1301 1604 fili
1329 1533 1402 1605 rui.
1431 1537 1497 1608 Per
1547 1533 1628 1607 bant
1654 1557 1741 1633 ergo
1770 1536 1924 1629 pariter:
1955 1560 2064 1612 vene·

324 1647 370 1704 so
398 1621 631 1702 reDomino:
653 1631 689 1701 &
706 1626 833 1702 tollens
854 1629 1043 1704 demodis
1062 1631 1201 1724 pecori·-
1250 1649 1398 1724 runtque
1424 1633 1466 1706 ad
1511 1653 1636 1705 ocum:
1671 1656 1770 1728 quem
1797 1633 1993 1708 ostenderat
2023 1637 2058 1706 ei

397 1719 459 1792 bus
474 1723 509 1792 dr
523 1722 718 1799 volucribus
732 1727 884 1800 mundis:
901 1726 1205 1802 obtulit'holocau·
1254 1729 1351 1802 Deus
1365 1775 1376 1798 .
1388 1729 1427 1801 ln
1445 1754 1517 1824 quo
1528 1731 1708 1804 edificavit
1722 1730 1847 1804 altare:
1862 1731 2058 1826 &desuper
2089 1744 2132 1832 65

396 1819 443 1892 sla
472 1817 574 1914 super
589 1819 719 1898 altare.
749 1825 998 1923 Odoratusque
1013 1826 1063 1900 est
1078 1824 1205 1905 Domi·
1252 1823 1277 1898 li
1307 1852 1348 1902 na
1361 1827 1745 1922 composuit.0umque
1760 1828 1959 1926 conligasset
1970 1832 2059 1906 isaac

397 1937 460 1990 nus
475 1920 621 1994 odorem
635 1920 815 1996 suavitatis
832 1969 843 1994 .
1254 1853 1363 1998 filum
1379 1928 1495 2002 suurn:
1526 1925 1641 2021 posuit
1665 1947 1744 1998 eum
1773 1926 1807 1998 in
1824 1926 1932 2002 altare
1959 1926 2060 2022 super

446 2025 496 2100 132·
514 2023 657 2092 Amen.
1253 2025 1376 2098 siruem
1394 2022 1595 2120 lignorum.
1619 2023 1855 2119 Extenditque
1873 2030 2058 2101 manum&

320 2137 366 2211 15
446 2113 550 2186 Dicat
569 2121 758 2192 uiaconus.
782 2125 854 2198 Pro
870 2122 922 2195 his
945 2121 1004 2218 qui
1020 2119 1124 2194 variis
1140 2143 1203 2192 ne·
1254 2121 1401 2216 arripuit
1427 2122 1613 2221 gladium:
1655 2141 1693 2195 ur
1724 2123 1920 2198 immolaret
1955 2122 2060 2200 filium

395 2211 783 2292 cessatatibusdetenti:
810 2219 932 2316 pasche
958 2221 1203 2298 interessenou
1253 2221 1377 2292 suum.
1403 2223 1445 2295 Et
1472 2243 1554 2294 ecce
1582 2215 1725 2317 angelus
1746 2222 1888 2294 Domini
1911 2223 1955 2295 de
1982 2221 2060 2296 celo
2087 2259 2130 2332 70

393 2305 551 2407 possunt.
575 2311 764 2394 Fledamus
779 2343 918 2416 genua.
941 2321 1102 2398 sevae.
1254 2315 1414 2398 clamavit
1441 2321 1580 2394 dicens.
1605 2322 1757 2394 Abraarn
1782 2321 1955 2394 Abraam.
1990 2321 2058 2412 Qui

1254 2417 1432 2513 respondit
1450 2467 1462 2488 .
1476 2419 1604 2494 Adsum
1617 2467 1629 2489 .
1644 2419 1814 2512 Dixitque
1826 2420 1858 2492 ei
1874 2465 1885 2488 .
1900 2419 1986 2493 Non
2000 2441 2060 2492 ex·

724 2518 869 2594 oretiess
1257 2515 1379 2590 tendas
1396 2541 1530 2594 manum
1547 2539 1638 2593 tuam
1654 2518 1756 2612 super
1771 2540 1933 2614 puerum:
1948 2541 2057 2614 neque

315 2628 368 2687 so
1254 2615 1357 2688 facias
1373 2613 1423 2688 illi
1440 2616 1641 2711 quicquam.
1669 2616 1769 2689 Nunc
1792 2617 1947 2712 cognovi
1962 2619 2057 2709 quod

505 2712 712 2809 Eprecamur
734 2733 771 2788 te
785 2716 1203 2812 Patereterneomuipo·
1253 2713 1377 2787 timeas
1398 2719 1537 2790 Deum:
1564 2717 1600 2788 δι
1624 2739 1690 2788 non
1707 2715 1885 2812 pepercisti
1900 2714 1972 2788 filio
1994 2734 2055 2788 tuo
2083 2743 2126 2820 75

520 2833 596 2888 tens
611 2815 708 2888 Deus
721 2839 790 2909 pro
803 2815 856 2888 his
878 2842 889 2883 :
911 2819 970 2912 qui
982 2815 1125 2890 dirersis
1139 2837 1202 2888 nc·
1251 2811 1436 2980 unlqenito
1447 2829 1591 2910 propter
1602 2838 1668 2888 mc·
1685 2815 1898 2910 Levavitque
1909 2817 2056 2890 Abraam

391 2911 605 2992 eeffitatibus
627 2912 783 2986 detenti:
812 2911 1028 2990 solennitate
1052 2912 1201 3011 paschali
1253 2933 1321 2986 ocu
1336 2936 1401 2986 os:
1429 2913 1582 3010 uiditque
1608 2913 1984 3010 posttergumarietem
2001 2913 2057 2984 in·

393 3011 559 3088 iuteresse
582 3033 653 3087 non
667 3032 887 3088 meruerunt.
914 3018 962 3090 Ut
974 3013 1055 3106 quia
1070 3010 1202 3108 gaudio
1253 3013 1656 3105 :ervepremherentem
1668 3015 1830 3086 cornibus
1844 3011 1928 3086 suis.
1944 3015 2053 3092 Quem

313 3125 336 3182 s
341 3127 363 3204 5
390 3107 605 3210 presentium
617 3107 695 3185 sunt
709 3110 891 3186 exsortes:
916 3130 1117 3186 mereantur
1131 3112 1203 3184 san·
1250 3105 1448 3184 adsumens:
1475 3106 1610 3186 obtulit
1627 3107 1854 3188 holocauslurn
1870 3107 2027 3207 prosilio
2042 3155 2055 3178 ·

391 3211 529 3287 ciorum
541 3206 679 3282 meritis
692 3211 804 3284 adeffe
819 3209 1008 3308 participes
1023 3256 1035 3279 ·
1053 3212 1100 3282 Ut
1116 3209 1202 3284 ficut
1250 3204 1524 3304 Appellavitque
1540 3232 1665 3285 nomen
1683 3207 1751 3284 loci
1767 3207 1868 3284 illius:
1886 3211 2056 3284 Dominus
2083 3221 2132 3294 ες)

389 3309 504 3409 paffio
517 3306 687 3404 unigeniti
701 3306 765 3382 filii
778 3307 830 3380 tui
844 3308 991 3386 Domini
1008 3305 1115 3382 nostri
1134 3331 1202 3403 pro
1247 3302 1371 3380 videt·
1397 3309 1494 3382 Unde
1509 3306 1612 3403 usque
1627 3309 1733 3383 bodie
1749 3309 1873 3382 dicitur
1887 3335 1898 3378 :
1914 3309 1948 3380 in
1960 3331 2058 3382 mon·

389 3404 582 3486 multorum
595 3402 703 3483 salute
713 3407 888 3480 occurrit:
908 3407 961 3482 ita
982 3404 1202 3480 &beccele-
1251 3420 1289 3474 te
1305 3403 1644 3482 Dominusvidebit·
1669 3407 1819 3484 Vocsvit
1844 3425 1963 3482 autern
1978 3408 2057 3481 Do·

388 3505 495 3582 blitas
523 3525 636 3580 annue
662 3503 886 3580 festivitatis:
918 3509 958 3581 br
985 3501 1203 3601 presentibus
1250 3500 1360 3580 minus
1382 3506 1532 3581 Abraam
1557 3505 1709 3581 secundo
1734 3505 1777 3577 de
1800 3503 1879 3580 celo
1906 3506 2053 3580 dicens.

311 3614 364 3700 30
391 3605 524 3682 tribuat
536 3601 698 3702 gloriam:
712 3601 956 3682 &absentibus
966 3599 1127 3681 conserat
1142 3629 1204 3680 ve·
1252 3605 1321 3678 Per
1346 3605 1579 3704 memetipsum
1600 3605 1714 3689 juravi
1743 3601 1827 3676 dicit
1856 3603 2053 3678 Dominus:

389 3703 505 3780 niam·
520 3707 713 3804 uunoen.
737 3703 809 3776 Per
826 3701 1202 3780 misericordissimam
1251 3699 1331 3794 quia
1360 3703 1465 3776 secisli
1491 3727 1561 3779 rem
1577 3708 1688 3778 banc:
1714 3704 1751 3776 br
1778 3723 1850 3775 non
1874 3700 2053 3798 pepercisti
2083 3717 2123 3806 ες

390 3801 509 3880 Deus:
537 3801 702 3902 quisivi:
723 3801 760 3878 bt
778 3799 997 3903 omuiaregis
1025 3803 1064 3880 iu
1087 3800 1202 3880 secula
1253 3798 1330 3874 silio
1341 3819 1406 3876 tuo
1419 3799 1600 3902 unigenito
1612 3821 1758 3898 propter
1771 3802 2053 3874 me:benedicam
2124 3801 2127 3810 ’

390 3899 613 3980 seculorum·
1255 3897 1341 3974 tibi:
1378 3901 1414 3972 dr
1442 3897 1677 3998 multiplicabo
1704 3898 1818 3976 semen
1847 3917 1944 3974 cuum
1969 3899 2053 3972 sicut

441 4015 494 4100 gr·
505 4005 642 4082 Amen&
1254 3994 1439 4074 liellasceli
1455 4029 1465 4069 :
1491 3995 1639 4072 &velut
1655 4020 1790 4074 arenam
1806 4020 1872 4093 que
1886 3997 1934 4072 esl
1947 3998 1981 4071 in
1994 3995 2055 4068 lir-

312 4106 362 4188 35
1251 4115 1332 4170 rore
1344 4098 1468 4172 maris.
1491 4095 1922 4176 Poffidebitsementuurn
1937 4116 2052 4190 portas

607 4197 720 4272 moso
734 4195 821 4274 libri
834 4193 985 4288 Gtxefiri
1251 4194 1470 4270 inimicorum
1486 4193 1648 4270 suorum:
1682 4195 1716 4268 δι
1742 4193 1991 4268 benedicentur
2015 4193 2049 4265 in
2080 4223 2126 4292 90

440 4295 584 4396 1)st
595 4295 753 4392 gratias.
1005 4303 1204 4400 capillis.
1248 4296 1375 4370 semine
1391 4313 1458 4366 tuo
1473 4317 1592 4368 omnes
1608 4311 1732 4392 gentes
1747 4291 1954 4384 terresquia
1967 4295 2055 4366 obe·
2182 4317 2183 4398 ζ

1249 4393 1326 4469 diiii
1350 4392 1431 4466 voci
1449 4415 1548 4463 mee.
1573 4391 1744 4468 Reversus
1765 4391 1813 4462 est
1838 4389 1985 4462 Abraam
2009 4389 2052 4462 ad
2182 4399 2183 4456 l

452 4495 489 4568 N
512 4488 581 4567 illis
605 4491 751 4566 diebus.
772 4494 946 4590 loquutus
969 4493 1201 4575 ellbominus
1250 4515 1379 4590 puero:
1394 4489 1496 4564 suos:
1520 4490 1727 4584 abierunque
1754 4485 1901 4566 serub:
1931 4486 2049 4564 fimas:
2182 4497 2183 4567 3

309 4607 363 4686 40
467 4593 509 4667 ad
526 4591 969 4670 Abraamdiceus.Abraam
985 4597 1199 4673 Abram-At
1250 4596 1288 4666 δι
1305 4588 1472 4665 habitavit
1486 4587 1560 4662 ibi.

391 4681 452 4762 ille
470 4689 897 4783 respondit.udsum:nit
912 4691 1201 4772 illi.'s0llelilium
2081 4709 2120 4783 95
2181 4777 2182 4782 ,

390 4805 497 4954 :tre
510 4786 1202 4968 stetissessaisisse
1301 4801 1350 4885 ¹³²

393 4977 440 5050 ibi
469 4980 503 5050 in
531 4919 993 5078 holocauunmsuperdnum
1005 4992 1199 5069 montium:
1298 4991 1400 5060 Dices
1415 4991 1603 5060 Dirruxas.
1635 4986 1710 5061 Pro
1736 4982 1985 5062 Sacerdotibus
2011 5011 2051 5063 ac

311 5089 358 5160 45
393 5097 492 5168 quern
508 5078 745 5153 monstravero
760 5083 847 5153 tibi.
868 5085 983 5180 Igitur
993 5089 1143 5166 Abraam
1156 5089 1201 5162 de
1248 5083 1435 5164 ministris.
1461 5082 1648 5158 Flebamus
1662 5104 1795 5180 genua.
1817 5089 1970 5161 Levate·

391 5169 495 5244 nodie
509 5172 718 5270 consurgens
735 5179 849 5252 strauit
866 5185 992 5258 afinum
1002 5187 1116 5262 suum:
1133 5191 1200 5262 du·
2083 5200 2133 5256 ¹⁰⁰

387 5291 471 5340 cens
494 5269 608 5340 secum
625 5275 713 5344 duos
724 5279 897 5358 juvenes:
922 5285 959 5353 δι
984 5281 1076 5358 Isaac
1090 5282 1200 5360 filium
1583 5282 1728 5360 orario.

390 5367 512 5442 suum
536 5368 692 5460 Cumque
706 5375 905 5448 concidisset
925 5375 1019 5472 ligna
1046 5383 1080 5452 in
1096 5381 1202 5456 holo·

386 5465 561 5577 caulium:
590 5467 673 5578 abiit
689 5471 729 5542 ad
747 5468 860 5544 locum
876 5495 978 5566 quero
994 5497 1200 5573 preceperat
1320 5481 1519 5554 Acerdotes
1548 5495 1628 5553 tuos
1655 5477 1809 5555 Domine
1836 5479 1941 5554 indere
1962 5475 2050 5566 iulii·
2179 5477 2180 5567 l

309 5581 356 5654 50
388 5587 424 5676 er
437 5563 556 5674 Deus.
579 5564 646 5636 Die
661 5571 904 5644 autemtertio
922 5569 1068 5648 elevaris
1086 5577 1197 5650 oculis
1331 5579 1447 5653 ciam:
1472 5583 1508 5651 dx·
1534 5577 1671 5651 minillri
1696 5580 1748 5652 tui
1761 5577 1937 5652 letentur.
1968 5576 2045 5649 Illos

387 5662 479 5734 vrdrr
507 5655 619 5732 locum
638 5666 785 5752 procul.
816 5669 984 5765 Dixitque
1008 5675 1051 5744 ad
1067 5697 1194 5766 pueros
1245 5673 1414 5750 dodrinis
1443 5678 1479 5749 ὅτ
1496 5675 1567 5750 vire
1592 5673 1759 5772 exemplis
1775 5676 1960 5752 munifica:
1989 5679 2045 5748 hos
2075 5685 2129 5759 105

380 5759 490 5832 suos.
522 5759 708 5850 Expectare
737 5766 792 5836 hic
817 5794 894 5844 curn
920 5771 1041 5842 asino:
1066 5775 1195 5868 ego&
1244 5773 1437 5848 sanctitati:
1484 5771 1580 5846 cultu
1623 5775 1794 5868 officiique
1850 5772 2043 5870 locupleta:

379 5880 469 5954 puer
483 5857 606 5927 vadem
621 5857 701 5972 iiiuc
716 5864 820 5957 usque
836 5869 1193 5962 properantes.Poll·
1243 5893 1280 5945 ut
1308 5873 1386 5947 duur
1420 5870 1558 5964 utrique
1588 5901 1608 5950 a
1634 5895 1669 5949 te
1710 5893 1896 5972 augmenta
1935 5873 2046 5945 virtu·

381 5953 776 6050 quamadsrauersutus:
804 5988 1023 6064 revertemur
1044 5969 1195 6046 advos·
1242 5987 1317 6048 tum
1351 5987 1626 6068 perceperunt:
1664 5969 1735 6044 sine
1762 5973 1953 6048 offeubone
1978 5967 2044 6139 ²quis
2177 6025 2178 6038 r

2008 6085 2053 6136 ra·
