4450 7209
401 724 594 804 POST
643 718 1535 806 OCT'AVASEPIPHANIE·
1728 720 1783 813 ’ὅς
1915 774 1918 781 .

145 846 209 907 nus
224 816 259 902 bl
275 824 400 902 inluxit
413 826 525 901 nobis:
540 823 636 899 Deus
652 822 821 899 Dominus
838 844 878 892 ac
893 847 946 895 re·
1107 829 1153 901 Ec
1167 828 1252 901 dicit
1265 830 1460 906 Dominus,
1488 820 1618 904 Audite
1645 817 1785 895 audien.
1820 838 1863 909 55

143 929 485 1019 demptoretemus.
604 920 849 1018 -Postpridic.
959 988 963 995 ,
1120 947 1172 997 tes
1188 915 1786 1002 me=&comeditebonum=&de·

221 1024 389 1097 Andifica
401 1019 553 1095 Domine
567 1019 783 1093 ministerium
799 1044 810 1081 τ
838 1017 946 1094 esila·
996 1020 1176 1096 lesiabitur
1187 1022 1221 1095 in
1235 1027 1450 1099 crassitudine
1462 1023 1575 1099 anima
1588 1020 1696 1091 vestra
1707 1064 1717 1085 .
1728 1016 1787 1087 In·

233 1148 267 1195 ra
289 1122 530 1198 ministrantem
547 1147 557 1188 ε
590 1116 723 1190 inlustra
750 1112 939 1211 templum:
993 1117 1119 1193 clinare
1132 1145 1248 1195 aurem
1262 1124 1432 1196 veilramt
1461 1124 1496 1195 δι
1513 1118 1628 1191 venite
1644 1117 1685 1189 ad
1699 1138 1753 1190 me
1771 1137 1781 1180 ε

87 1244 108 1317 5
144 1242 230 1296 orna
246 1218 418 1293 altarium=
433 1218 554 1292 ordina
566 1212 741 1311 populum:
758 1238 838 1288 cura
854 1238 946 1288 mor·
995 1219 1110 1289 audite
1126 1242 1179 1289 me
1194 1222 1228 1291 δι
1241 1221 1338 1293 vivet
1353 1219 1462 1293 anima
1475 1217 1599 1293 vestra.
1613 1212 1784 1288 Etseriam
1802 1238 1809 1257 ·

142 1318 222 1392 bum
238 1346 248 1387 a
264 1318 358 1392 dona
373 1316 559 1391 remedium
577 1338 586 1380 r
601 1315 709 1407 proba
724 1330 869 1386 votum·
897 1314 942 1385 Ut
991 1316 1169 1390 vobiscum
1192 1321 1329 1411 pastum
1359 1317 1624 1410 sempiternum:
1653 1310 1783 1383 miseri·
1814 1305 1864 1379 60

137 1438 263 1490 omnes
295 1416 337 1486 de
355 1412 523 1490 diabolica
546 1409 667 1485 astucia
683 1409 816 1485 liberati
831 1434 841 1476 ε
868 1431 938 1481 non
987 1415 1121 1487 cordius
1140 1415 1256 1488 David
1272 1412 1403 1489 fidelis.
1418 1417 1503 1485 Ecce
1518 1412 1634 1486 testem
1648 1406 1783 1504 populis

139 1512 354 1589 insidiantem
370 1513 515 1587 timeant
534 1508 803 1584 sedeurantem.
828 1520 877 1603 132·
886 1510 939 1581 A·
987 1512 1177 1585 dedieum=
1206 1514 1324 1585 ducem
1351 1536 1390 1586 ac
1410 1527 1649 1607 preceptorem
1668 1506 1788 1603 gentle

139 1634 221 1682 men
235 1660 246 1681 .
296 1614 358 1681 Ad
370 1610 550 1683 orationem
565 1607 793 1678 Dominicam·
988 1606 1077 1679 bus.
1110 1609 1195 1682 Ecce
1209 1630 1351 1707 gentem
1361 1634 1458 1704 quam
1472 1604 1660 1683 nesciebas:
1681 1626 1787 1677 voca·

48 1730 109 1797 -10
231 1710 464 1803 Receptorum
481 1705 638 1779 suoruma
661 1703 836 1797 quesumus
849 1706 942 1797 quod
993 1704 1071 1777 bis:
1098 1711 1273 1804 &gentes
1293 1730 1359 1801 que
1372 1729 1409 1783 te
1425 1731 1496 1782 non
1513 1721 1783 1802 cognoveruntr
1830 1722 1838 1773 ε

241 1807 393 1879 Christus
408 1804 473 1879 suis
486 1802 738 1877 commendavit
751 1800 940 1895 discipulis
986 1804 1027 1876 ad
1057 1822 1093 1878 te
1120 1825 1258 1877 current
1277 1827 1425 1901 propter
1440 1804 1626 1880 Dominum
1638 1804 1783 1875 Deum:
1812 1792 1860 1883 65

136 1926 206 1976 nos
234 1926 371 1997 quoque
400 1903 521 1977 fratres
557 1923 634 1973 cunr
662 1900 794 1996 gemitu
822 1900 938 1972 cordis
989 1902 1299 1978 tuum&sansium
1317 1903 1419 1978 lsrael
1435 1905 1491 1997 qui
1508 1899 1780 2000 glorificavitte.

133 1998 386 2093 proclamemus
402 2023 422 2069 e
438 1996 542 2073 terris
559 2044 569 2067 .
586 2000 692 2073 Pater
706 1999 838 2070 noller·
986 2000 1133 2088 Qerite
1149 2002 1333 2078 Dominum
1347 2004 1425 2075 dunt
1437 1999 1583 2074 inveniri
1593 1997 1716 2093 potest:
1731 1995 1782 2067 in·

187 2099 290 2168 Dicat
303 2094 424 2170 rresb.
440 2093 624 2170 Humiliate
638 2117 706 2171 vos
721 2090 935 2167 benedidio-
984 2116 1113 2174 vocate
1128 2120 1224 2172 euma
1239 2102 1319 2173 dum
1337 2124 1449 2196 prope
1465 2100 1512 2171 est
1526 2146 1537 2166 .
1551 2092 1781 2187 Derelinquat

57 2218 101 2292 ¹5
136 2193 178 2266 ni
192 2242 204 2265 .
220 2194 388 2270 Dominus
400 2194 443 2267 fit
457 2194 590 2288 semper
601 2191 804 2269 vobiscum·
829 2204 879 2281 132·
893 2193 937 2267 Et
987 2194 1109 2290 impius
1125 2196 1197 2271 vias
1211 2196 1301 2271 suasa
1318 2201 1354 2271 δι
1369 2197 1424 2273 vir
1438 2195 1570 2287 iniquus
1583 2192 1779 2287 cogitatio·
1830 2247 1838 2261 ,

132 2316 239 2365 cum.
433 2292 639 2363 Benedictio.
987 2316 1048 2363 nes
1061 2292 1157 2365 suasa
1185 2296 1221 2367 &
1237 2314 1438 2371 revertatur
1450 2296 1493 2368 ad
1506 2289 1714 2365 Dominuma
1741 2292 1778 2363 δι
1807 2307 1856 2386 70

245 2392 308 2465 Ena
322 2390 486 2467 conditor
500 2389 613 2462 vester
626 2388 771 2463 innovet
783 2386 932 2469 invobis
981 2389 1196 2465 miserebitur
1224 2398 1297 2478 ejus
1330 2398 1366 2469 dt
1391 2398 1433 2469 ad
1459 2392 1570 2464 Deum
1593 2388 1776 2463 nostrum:

259 2489 442 2584 dignitatis
456 2484 628 2582 originem
653 2509 752 2580 quam
773 2487 935 2561 creavit.
984 2488 1145 2581 quoniam
1157 2488 1285 2563 multus
1299 2493 1345 2565 est
1361 2492 1404 2566 ad
1416 2486 1656 2593 ignoscendum
1670 2486 1777 2559 .N0n

137 2596 190 2679 ξι.
205 2593 343 2659 Amen.
368 2587 460 2660 Idem
476 2588 678 2679 redemptor
690 2581 876 2656 conservet
890 2607 935 2657 o·
984 2585 1074 2660 enirn
1087 2587 1322 2682 cogitationes
1337 2614 1437 2665 mter
1467 2585 1699 2686 cogitationes
1712 2587 1779 2657 vei
1849 2658 1857 2663 ,

57 2704 104 2761 au
135 2682 351 2777 perationem
366 2683 478 2783 gratie
495 2708 505 2750 a
530 2705 629 2775 quam
643 2678 809 2755 redemit.
823 2684 932 2775 unri-
979 2683 1043 2754 ilre
1057 2710 1067 2753 r
1081 2704 1190 2779 neque
1206 2685 1265 2759 vie
1280 2688 1412 2761 uelites
1428 2688 1485 2765 vie
1501 2707 1586 2763 mee:
1602 2682 1686 2757 dicit
1699 2684 1779 2757 Do·
1827 2713 1837 2746 ·.

128 2804 242 2853 men.
270 2781 346 2878 Ipse
362 2780 513 2856 omnium
533 2779 639 2863 iudex
667 2800 730 2872 pro
756 2774 850 2850 nullo
867 2801 929 2851 vos
980 2780 1112 2855 minus.
1140 2778 1775 2874 Qiaficutexaltanturccliaterrar
1805 2798 1857 2872 75,
1891 2824 1897 2832 ›

128 2897 248 2955 reatus
278 2878 532 2951 examinatione
560 2878 677 2951 futura
696 2876 930 2951 condemnet.
978 2876 1024 2949 fic
1036 2876 1189 2953 exaltate
1202 2881 1279 2955 sunt
1292 2883 1349 2955 vie
1362 2909 1436 2959 mee
1459 2883 1557 2958 aviis
1573 2878 1694 2953 vestris
1710 2906 1720 2948 a
1738 2883 1775 2955 δι

129 2990 185 3070 lja.
203 2980 339 3049 Amen.
367 2979 434 3049 Per
456 2970 719 3049 misericordiam
745 2969 847 3067 ipsius
863 2969 931 3045 Dci
981 2976 1217 3073 cogitationes
1229 3002 1304 3053 mee
1318 3008 1336 3055 a
1350 2978 1626 3077 cogitationibus
1642 2977 1776 3049 vestris.

132 3074 241 3148 nostri
255 3074 312 3167 qui
327 3074 375 3145 esi
387 3068 582 3144 benedictus
603 3068 797 3151 &vivitur
814 3068 932 3145 omnia
981 3072 1026 3144 Et
1051 3076 1232 3166 quomodo
1247 3075 1420 3151 descendit
1434 3079 1543 3153 imber
1569 3076 1604 3144 dc
1623 3069 1683 3141 nix
1695 3072 1775 3147 do·
1886 3070 1892 3080 ’

56 3192 102 3271 25
135 3171 229 3269 regit
242 3172 274 3243 in
287 3168 397 3243 secula
411 3167 599 3243 seculorum
613 3215 624 3237 .
640 3172 833 3264 gamen.
856 3165 935 3239 Du·
979 3166 1080 3241 celoz
1109 3172 1146 3243 dc
1166 3168 1246 3243 illuc
1266 3170 1358 3249 ultra
1379 3199 1451 3249 non
1464 3187 1686 3248 reverteturr
1714 3170 1772 3241 sed

130 3268 244 3344 minus
261 3268 304 3341 fir
316 3266 448 3364 semper
464 3264 639 3341 vobiscum
653 3313 664 3333 .
693 3280 741 3361 132·
754 3264 797 3335 Et
812 3286 907 3339 cum.
979 3264 1128 3342 inebriat
1141 3286 1268 3347 terram
1280 3272 1477 3348 &infundit
1492 3294 1580 3345 eam:
1595 3270 1631 3340 ἃ
1644 3270 1773 3365 germi-
1802 3259 1854 3337 8ο

185 3368 251 3437 Hic
262 3367 351 3438 dicat
366 3368 511 3437 Chorus.
543 3363 685 3434 Gusiate
700 3364 736 3436 δι
750 3360 867 3433 videte
884 3408 896 3431 .
979 3387 1063 3437 nare
1077 3387 1152 3443 eam
1169 3366 1275 3442 facita
1303 3371 1340 3443 δι
1352 3374 1410 3446 dat
1426 3370 1540 3443 semen
1557 3366 1707 3441 serentis
1736 3367 1773 3440 δε

182 3460 262 3547 Posi
275 3464 469 3536 communio.
484 3463 601 3539 Oratio
611 3506 622 3531 .
634 3462 779 3556 quur‘rc
795 3473 886 3530 retro
899 3459 933 3531 in
980 3484 1104 3556 panem
1116 3467 1336 3541 comedentis
1361 3470 1407 3543 fic
1420 3468 1489 3543 crit
1504 3465 1646 3544 verbum
1662 3486 1773 3542 meum

127 3562 274 3660 septimo
289 3561 479 3635 Dominico·
718 3555 931 3644 fodzffll.
978 3560 1073 3653 quod
1085 3563 1288 3657 egredietur
1301 3563 1345 3639 de
1359 3592 1422 3642 ore
1434 3590 1513 3649 meo
1527 3614 1538 3636 .
1553 3564 1636 3638 Non
1649 3585 1774 3638 rever-

711 3698 721 3707 a
983 3674 1079 3731 tetur
1091 3660 1370 3739 admevacuumr
1385 3664 1443 3737 sed
1455 3660 1776 3755 facietaquodcum-

219 3756 275 3851 IN
297 3758 554 3835 DOMlNlCO
579 3754 703 3829 ANTE
725 3750 848 3831 DIEM
976 3776 1044 3849 que
1059 3755 1177 3830 voluis
1206 3762 1242 3833 ἂ
1256 3760 1513 3857 prosperabitur
1534 3759 1569 3835 in
1584 3759 1636 3831 his
1649 3758 1692 3833 ad
1706 3782 1772 3853 que
1802 3754 1851 3847 ὃς

424 3856 639 3932 CINERIS.
983 3848 1256 3949 miiiillud.Qia
1266 3859 1301 3930 in
1317 3856 1432 3933 leticia
1447 3857 1723 3959 egredieminiz&
1738 3857 1774 3931 in

330 3956 392 4027 Aa
406 3950 558 4049 Miffirm.
573 3950 736 4041 officium}
978 3960 1063 4049 pace
1076 3951 1310 4028 deducemini.
1335 3958 1477 4032 Montes
1492 3962 1528 4030 δι
1541 3951 1646 4031 colles
1660 3971 1774 4027 canta·

135 4050 230 4229 D
244 4052 391 4127 Ominus
406 4051 566 4150 regnavit
581 4054 740 4125 decorem
756 4046 867 4121 induit
879 4038 930 4119 al·
977 4052 1063 4127 bunt
1079 4073 1196 4126 coram
1212 4054 1293 4128 Deo
1307 4051 1440 4132 laudem
1456 4086 1466 4128 c
1496 4056 1533 4127 δι
1550 4051 1663 4129 omnia
1678 4051 1772 4150 ligna

62 4162 81 4246 3
88 4172 105 4247 5
255 4146 381 4237 lelujar
398 4147 554 4235 alleluia·
570 4146 742 4241 fflnduit
759 4145 929 4219 Dominus
975 4148 1131 4247 regionis
1146 4146 1312 4246 plaudent
1323 4176 1449 4227 manu.
1479 4155 1551 4228 Pro
1575 4149 1720 4223 saliunca
1735 4173 1773 4221 a·

60 3682 107 3761 30

135 4248 376 4322 fortitudinem
392 4248 611 4342 &precinxit
630 4245 665 4315 se
682 4292 692 4314 .
708 4254 754 4315 Ῥ.
768 4240 926 4327 Alleluia:
976 4247 1114 4320 scendet
1131 4246 1247 4322 abiere
1279 4254 1314 4323 δι
1329 4275 1396 4348 pro
1413 4251 1525 4325 urtica
1539 4246 1669 4323 crescet
1691 4246 1773 4319 mir·
1797 4270 1849 4341 90

135 4342 300 4429 alleluja.
326 4338 374 4437 sl.
388 4342 509 4421 Gloria
530 4347 566 4416 dt
581 4344 696 4418 honor
712 4341 854 4414 Patri&
869 4340 927 4413 Fi·
976 4346 1079 4420 thus.
1103 4345 1147 4419 Et
1175 4346 1245 4422 crit
1266 4348 1436 4423 Domina
1452 4349 1651 4424 nominatus
1677 4344 1712 4419 in
1726 4346 1771 4419 ii·

135 4438 392 4540 lio&Spiritui
402 4440 526 4517 Sandio
539 4440 574 4515 in
589 4438 699 4519 secula
714 4438 926 4516 seculorum.
975 4468 1080 4543 gnum
1105 4463 1262 4523 eternum
1286 4474 1312 4517 a
1339 4450 1437 4541 quod
1466 4472 1539 4523 non
1570 4445 1744 4520 auferetur
1758 4449 1773 4512 .’

135 4542 268 4617 Amen·
302 4551 347 4613 P.
360 4535 510 4637 Alleluia
526 4586 538 4611 .
833 4570 836 4579 ’
980 4556 1030 4635 32.
1045 4546 1178 4615 Amen.
1194 4547 1295 4617 Dicat
1307 4544 1428 4616 Presb.
1441 4543 1613 4620 Dominus
1626 4541 1669 4614 iit
1682 4538 1773 4609 sern-

61 4660 106 4736 '40
185 4642 290 4711 Dicat
302 4636 422 4710 Presb·
442 4640 510 4713 Per
533 4636 649 4713 omnia
666 4637 800 4734 semper
819 4634 928 4711 secula
976 4663 1060 4735 per.
1087 4641 1307 4734 Mamm.
1331 4642 1532 4728 Pfiallcndo.
1551 4634 1773 4711 Deusvirtu·
1830 4679 1833 4683 -

138 4732 355 4811 seculorum·
382 4749 431 4819 132.
447 4742 578 4808 Amen.
725 4735 865 4809 oratio.
974 4756 1048 4809 tum
1062 4751 1270 4811 convertere
1286 4759 1394 4812 nunc.
1419 4749 1464 4808 P.
1476 4735 1621 4831 Respice
1637 4734 1681 4804 de
1693 4729 1771 4805 celo
1795 4750 1846 4827 95

230 4829 399 4907 Eexcelsa
413 4829 483 4904 laus
500 4832 534 4904 in
549 4831 717 4907 altissimis
729 4836 848 4908 dccet:
862 4830 926 4904 tibi
974 4836 1011 4905 δι
1024 4834 1105 4907 vide
1123 4837 1157 4907 δι
1172 4834 1270 4908 vifita
1285 4833 1422 4912 vincam
1437 4834 1527 4906 istam
1543 4879 1553 4901 .
1580 4826 1628 4925 pb.
1642 4832 1772 4902 Exten-

243 4932 371 5005 eterris
388 4928 535 5027 gloriam
552 4930 690 5004 ccclesia
703 4929 805 5003 caria
822 4946 925 5021 atque
974 4930 1047 5003 diiii
1065 4926 1220 5024 palmites
1232 4936 1306 5014 eius
1320 4930 1425 5025 usque
1441 4933 1484 5005 ad
1501 4950 1595 5002 mare
1620 4930 1656 4999 δι
1669 4926 1772 5020 usque

131 5026 233 5113 hujus
261 5048 403 5101 caterve
417 5046 582 5103 concentu
604 5030 645 5100 ad
661 5030 746 5100 astra
760 5028 927 5119 hymnum
976 5029 1016 5098 ad
1032 5028 1154 5098 flumen
1169 5027 1375 5124 propagines
1387 5033 1473 5114 eius.
1486 5032 1602 5121 Qare
1615 5026 1769 5101 Domine

59 5133 102 5216 '45
133 5126 467 5223 emittit-Rogamus
483 5124 706 5218 omnipotens
720 5125 826 5195 Deusr
841 5123 931 5195 utii·
978 5122 1166 5195 destruxisti
1179 5126 1358 5198 maceriam
1373 5126 1477 5199 vinee
1493 5142 1577 5200 tue:
1596 5124 1770 5198 &vinde·
1824 5148 1829 5155 ·

131 5245 191 5301 cut
204 5242 281 5295 tuas
295 5221 494 5297 solemniter
508 5223 710 5319 porrigimus
724 5220 840 5295 laudes
854 5248 864 5291 a
880 5220 928 5295 ita
975 5222 1082 5297 iniant
1093 5243 1168 5296 eam
1184 5244 1302 5295 omnes
1318 5224 1553 5299 transeuntes:
1581 5222 1771 5298 devastabit
1802 5238 1870 5291 100
1898 5274 1905 5287 .

130 5345 273 5416 precum
290 5321 474 5395 nostrarum
487 5321 604 5403 iubeas
617 5318 800 5392 efficaciter
821 5318 923 5392 susci·
973 5342 1050 5393 eam
1067 5344 1147 5415 aper
1162 5322 1206 5392 de
1222 5318 1326 5393 silva:
1352 5320 1583 5418 &singularis
1599 5321 1688 5391 serus
1706 5325 1769 5393 de·

131 5443 215 5514 pere
231 5440 334 5489 voces
346 5466 358 5489 .
371 5422 565 5513 sscAmen.
581 5418 647 5489 Per
660 5416 925 5493 misericordiam
973 5418 1082 5517 pallus
1096 5418 1144 5489 est
1157 5438 1256 5490 eam·
1282 5430 1327 5492 2³.
1340 5420 1506 5518 Respice.
1530 5420 1631 5489 Dicat
1647 5412 1769 5507 Pressa

131 5536 226 5591 tuam
244 5516 339 5589 Deus
354 5518 468 5588 noster
481 5516 540 5606 qui
561 5539 598 5589 es
613 5513 809 5589 benedidus
823 5516 860 5587 δι
872 5514 928 5587 vi·
976 5513 1158 5591 Silentium
1172 5513 1273 5590 tacite
1284 5564 1299 5587 .

58 5632 100 5705 50
132 5614 188 5687 vis
217 5614 388 5686 &omnia
409 5610 500 5706 regis
528 5613 561 5683 in
589 5608 701 5684 secula
713 5610 923 5685 seculorum.

132 5714 304 5802 garlmen
318 5759 329 5782 .
343 5708 512 5783 Dominus
525 5710 565 5783 fit
578 5710 711 5805 semper
725 5709 920 5783 vobiscum.
1021 5713 1200 5809 Sequentia
1224 5708 1356 5809 epistole
1376 5711 1482 5785 Pauli
1492 5706 1626 5810 malinii
1645 5710 1690 5783 ad
1702 5722 1769 5802 lta·
1797 5730 1867 5805 101

132 5824 182 5903 Bt.
198 5810 240 5881 Et
256 5834 359 5886 cum·
972 5832 1104 5883 manos.
1131 5824 1179 5904 ξι,
1195 5810 1273 5880 Deo
1316 5809 1444 5883 ratias.
1662 5816 1769 5905 CaepJ.

199 5908 311 5985 cento
342 5901 424 5983 libra·
442 5904 543 6006 Esaeye
564 5904 750 6004 prophete·
779 5916 829 6001 132.
842 5904 924 5978 Deo
1050 5910 1185 5979 Rutres.
1197 5834 1425 5981 Revelabitur
1437 5906 1486 5981 ira
1496 5906 1562 5979 Dei
1578 5903 1703 5980 decelo
1713 5908 1771 6008 su·⁸

127 6004 285 6105 gratias.
858 6006 927 6082 ω’.
1060 6026 1124 6104 per
1140 6002 1773 6180 omnem-impietatemffinjuiptiam

1680 6124 1771 6181 oml-
