4450 7209
1049 452 1053 455 v
1080 452 1086 454 -
1104 450 1239 460 —v--m
1279 452 1321 457 v--

564 728 1372 829 TERTIEQUADRAGESInlss
1747 751 1810 827 123

898 912 904 923 ‚
1000 834 1046 905 tie
1062 833 1247 906 hereditati
1272 829 1425 929 impartis
1452 855 1463 901 a
1489 849 1595 939 atque
1612 837 1808 909 concedisa
1848 858 1891 925 55

470 934 620 1009 inlatio.
1001 948 1041 1003 tu
1054 934 1129 1023 pius
1145 934 1343 1007 nobis&in
1357 930 1509 1027 presenti
1524 936 1538 1017 Ι
1560 934 1811 1015 iuniierumna

142 1026 237 1207 D
255 1026 370 1128 lgnutn
390 1030 562 1115 &iulium
587 1032 636 1104 eli
652 1054 715 1104 nos
732 1031 796 1104 tibi
814 1030 949 1133 ‘gratias
999 1028 1273 1103 consolationem
1289 1029 1401 1101 tribue
1419 1054 1429 1096 a
1458 1031 1493 1100 &
1506 1029 1812 1128 orantibusatque

262 1150 366 1226 agere
385 1131 535 1209 Domine
567 1128 678 1205 sande
700 1132 803 1204 Pater
830 1152 949 1205 eterne
997 1122 1222 1200 clamantibus
1238 1130 1281 1199 ad
1295 1149 1331 1198 te
1344 1128 1453 1203 verba
1469 1124 1626 1201 dosirine
1639 1147 1813 1225 tuetpatu·

81 1244 101 1313 5
142 1230 363 1322 omnipotens
389 1228 484 1305 Deus
513 1280 525 1303 .
554 1230 623 1319 Qui
651 1238 752 1323 pai-'as
779 1231 945 1303 adinveni.
993 1220 1025 1295 le
1037 1226 1174 1319 pietatis
1188 1228 1809 1301 accommodaaurem-Pateruoiler·
1860 1279 1868 1304 ,

142 1326 257 1399 tiones
277 1346 349 1401 ruas
364 1325 539 1421 sapienter
563 1356 573 1399 a
599 1327 801 1425 &disponis
827 1329 944 1405 omnia
1043 1328 1144 1395 Dicat
1160 1322 1282 1394 eresi.
1306 1324 1495 1399 Humiliate
1510 1324 1816 1428 vos-benedictio·
1847 1367 1896 1436 5,

137 1422 316 1497 suaviter.
344 1426 415 1518 Qi
440 1427 613 1501 ascendisti
641 1422 742 1519 super
770 1425 944 1504 occasum:
1001 1419 1037 1493 ni
1054 1466 1065 1489 .
1083 1420 1255 1494 Dumin'us
1281 1418 1323 1491 lit
1342 1420 1475 1517 semper
1488 1419 1687 1499 vobiscum·
1707 1436 1757 1515 ue.
1773 1422 1816 1497 lit'

137 1522 314 1595 Dominus
331 1549 455 1601 nomen
477 1528 525 1599 ell
538 1526 601 1599 tibi
618 1572 629 1595 .
659 1524 712 1596 ‘l'u
728 1526 824 1619 panis
843 1550 883 1598 es
895 1526 950 1599 vi·
999 1540 1080 1593 cum
1096 1518 1218 1617 spiritu
1235 1536 1328 1592 tuo.

137 1642 202 1693 vus
217 1627 252 1693 dt
269 1644 372 1695 verus
398 1653 409 1697 a
434 1626 494 1722 qui
512 1620 709 1701 descendisti
725 1626 767 1695 de
784 1620 863 1699 eelo
879 1652 889 1693 a
907 1640 948 1697 ut
1309 1616 1519 1691 Benest'flio·

59 1741 106 1794 ιο
137 1721 238 1793 dares
250 1717 359 1795 escam
371 1723 596 1798 esurientibus
618 1748 630 1791 a
658 1718 728 1795 imo
743 1740 782 1795 ut
808 1720 881 1818 ipse
895 1721 948 1793 es·
1060 1714 1142 1787 Efias
1153 1710 1364 1791 salvatores
1382 1713 1553 1789 Dominus
1567 1714 1683 1791 noller
1697 1742 1815 1795 emun·
1835 1726 1847 1745 ⁸

134 1816 190 1889 ses
220 1817 296 1892 esca
315 1818 536 1896 viventium.
566 1818 637 1913 Ql
654 1840 700 1895 es,
715 1820 817 1895 nobis
833 1820 868 1892 in
891 1844 950 1917 pa·
1068 1817 1130 1888 det
1153 1837 1221 1888 vos
1246 1836 1311 1909 per
1335 1813 1535 1889 abstinentie
1554 1818 1742 1912 puritatem
1770 1818 1814 1893 ab
1844 1855 1892 1945 55

134 1939 182 1987 ne
208 1940 219 1981 τ
245 1938 316 2009 quo
330 1922 436 1994 corda
460 1923 639 1994 firmantur
665 1942 677 1985 a
705 1937 743 1993 ut
759 1919 795 1991 in
811 1921 949 1995 vitute
998 1914 1091 1987 omni
1107 1911 1222 1984 derisu
1238 1914 1474 2011 contagione.
1503 1926 1551 2007 ur·
1569 1922 1703 1990 Amen·
1726 1920 1815 2012 Qi-

135 2012 234 2107 panis
258 2018 358 2099 buius
388 2042 450 2114 per
475 2020 540 2091 hos
564 2017 699 2090 dicator
726 2018 858 2093 nomini
886 2037 950 2095 tuo
999 2036 1066 2107 que
1085 2013 1133 2085 est
1163 2014 1351 2085 vestrarum
1386 2009 1582 2107 “demptio
1606 2018 1815 2093 animarum=

134 2112 209 2183 dies
237 2137 247 2181 a
276 2113 346 2187 fine
363 2116 619 2213 impedimento
635 2112 951 2213 annisusangui·
998 2112 1042 2183 lit
1071 2111 1309 2187 remuneratio
1351 2108 1542 2184 vestrorum
1579 2114 1817 2199 ieiuniorum.

54 2230 104 2301 ¹5
135 2209 187 2282 nis
200 2214 357 2295 ieiunare
380 2212 557 2289 valeamus
588 2242 599 2283 a
625 2230 662 2284 te
690 2211 798 2309 ipsum
828 2236 950 2309 panem
1002 2222 1050 2305 uc·
1067 2211 1208 2282 Amen.
1234 2208 1282 2281 Ut
1301 2209 1399 2282 abeo
1415 2207 1568 2281 donetur
1598 2211 1700 2284 vobis
1716 2235 1816 2289 eter-

135 2306 339 2382 habentes.
365 2314 435 2396 Qui
465 2330 636 2409 pauperes
664 2326 745 2383 tuos
773 2309 958 2387 celestibus
998 2332 1041 2383 na
1060 2306 1175 2405 gloria
1203 2333 1214 2375 a
1245 2330 1346 2402 aquo
1375 2302 1581 2379 sandit‘sicari
1610 2310 1718 2386 vultis
1747 2334 1814 2410 per
1843 2363 1892 2438 7,

133 2404 263 2479 saturas
286 2411 431 2503 panibus
453 2438 463 2481 a
490 2412 548 2507 qui
563 2408 682 2503 Moyfi
710 2408 861 2483 &Helie
886 2432 963 2505 per·
1001 2404 1260 2482 abstinentiam·
1286 2420 1334 2493 ur.
1351 2408 1494 2475 Amen.
1520 2408 1830 2487 Per·misericor·'

134 2508 365 2602 quadraginta
387 2510 461 2581 dies
484 2509 614 2595 jejunia
640 2506 948 2582 continuantibusa
1001 2506 1089 2578 diam
1107 2506 1210 2599 ipsius
1223 2502 1293 2575 Dei
1314 2504 1417 2577 nostri
1445 2502 1502 2598 qui
1526 2503 1814 2583 estbenedidlust

133 2604 387 2701 quadragenum
407 2604 780 2683 nnmerumdedicasti.
810 2604 949 2679 Deinde
1002 2605 1037 2675 δι
1053 2605 1142 2675 vivit
1171 2603 1334 2675 &omnia
1368 2602 1463 2695 regit
1479 2603 1515 2673 in
1541 2599 1649 2675 secula
1680 2607 1814 2683 seculo·

53 2722 109 2773 ao
134 2701 239 2774 etiam
257 2702 328 2797 ipse
346 2709 505 2790 jejunans
533 2696 791 2780 eundemn6bis
816 2706 950 2778 dierum
1000 2724 1099 2773 rum.
1128 2714 1177 2788 132.
1193 2706 1330 2772 Amen.
1352 2697 1525 2775 Dominus
1541 2699 1583 2774 fit
1599 2700 1733 2802 semper
1748 2732 1815 2785 vo-

134 2822 313 2874 numerum
334 2804 456 2887 ieiunii
471 2801 682 2877 solennitate
705 2801 864 2899 signasti.
900 2806 947 2877 Ut
999 2797 1156 2871 bissum.
1185 2798 1405 2890 liastmona
1463 2893 1471 2909 .
1794 2802 1800 2809 ’
1840 2846 1890 2925 75

133 2899 230 2991 quod
259 2897 388 2991 ipsein
419 2901 523 2977 nostri
547 2896 712 2995 corporis
739 2901 944 2975 infirmitate
1009 2929 1014 2937 ·
1044 2906 1107 2969 Hic
1121 2902 1214 2968 dicat
1227 2897 1372 2968 choras.
1400 2896 1471 2984 Qu
1486 2896 1584 2971 venit
1612 2902 1759 2976 adme.

134 3018 206 3089 pro
230 2996 329 3067 nobis
350 3000 487 3096 iugiter
504 3000 540 3071 in
569 2994 798 3096 quadraginta
825 3001 947 3074 diebus
1050 3004 1136 3067 com·
1150 2993 1337 3090 Repletum
1350 2991 1398 3061 est
1411 3016 1475 3066 cor
1489 2998 1659 3073 nostrum.

135 3088 195 3163 vel
213 3091 371 3168 nauibus
385 3096 527 3194 implesti
556 3124 568 3166 a
592 3120 658 3171 nos
676 3091 733 3169 vel
750 3096 946 3173 minutatim
1043 3098 1164 3165 oratio
1181 3136 1192 3157 ·
1210 3088 1320 3185 Reple
1336 3090 1488 3163 Domine
1509 3112 1572 3167 cot
1586 3097 1761 3169 nollrum.

55 3214 107 3287 25
135 3192 280 3265 eundem
314 3216 490 3273 numerum
518 3195 651 3271 dierum
687 3191 945 3289 adimplentes:
1010 3226 1015 3233 ·
1044 3200 1160 3297 Qere
1184 3207 1276 3259 retro
1305 3188 1341 3258 air
1357 3196 1385 3257 1.
1401 3189 1813 3300 Dominichadragess.

132 3284 258 3361 calculi
286 3292 465 3367 distributa
490 3291 709 3367 observantia
734 3292 945 3387 vespertinis
996 3304 1075 3359 mc·
1100 3287 1327 3361 mimul-
1505 3305 1509 3313 ’
1701 3346 1709 3355 ,
1839 3319 1889 3395 30

134 3386 275 3481 semper
300 3392 517 3465 orationibus
545 3392 767 3468 terminemus
794 3418 805 3461 a
833 3410 870 3463 te
886 3416 949 3467 nos
1149 3459 1154 3469 .

133 3486 326 3569 adiuvante
361 3510 466 3584 atque
489 3488 643 3565 salvante
673 3536 684 3557 .
725 3488 792 3560 Cui
816 3492 949 3565 merito
1000 3548 1001 3553 ,
1239 3482 1388 3557 SEXTA
1413 3486 1576 3561 FERIA.

139 3606 262 3657 omnes
294 3586 405 3682 angeli
435 3584 695 3688 &archangeli
727 3610 797 3659 non
827 3588 951 3663 cessant
1290 3584 1353 3655 Aa
1368 3590 1418 3653 Mi
1444 3609 1523 3658 am.

57 3710 104 3783 ,ο
134 3677 281 3756 clamare
327 3687 486 3780 quotidie
527 3708 593 3763 una
636 3706 728 3759 voce
765 3687 950 3760 dicentes.
1051 3678 1305 3773 Ecclefiaslr’cum
1321 3680 1530 3757 Salomonis.

132 3782 336 3879 mansius
353 3783 738 3860 ‚sanuus.sanuus.
956 3820 959 3829 =
1005 3792 1055 3872 ur.
1069 3782 1151 3858 Deo
1164 3782 1314 3881 gratias·
1641 3792 1809 3863 vestitis.
1839 3810 1885 3902 85

416 3880 494 3967 Post
511 3885 674 3955 anuas.
1092 3877 1129 3951 lli
1150 3927 1161 3949 .
1186 3881 1271 3954 Non
1296 3872 1388 3949 zeles
1413 3878 1589 3959 mulierem
1615 3884 1704 3961 linus
1731 3896 1811 3963 ruia

250 3978 315 4052 Ere
330 3980 461 4056 sandius
477 4008 487 4051 a
518 4004 603 4054 vere
621 3980 655 4050 in
681 3974 847 4053 altissimis
872 3976 951 4077 glo·
1098 4001 1143 4050 ne
1158 3974 1429 4070 ostendat-super
1443 3997 1479 4051 te
1493 3981 1661 4065 maliciam
1675 3988 1809 4062 dodiri·

258 4077 397 4152 riosus.
422 4081 532 4164 Cuius
544 4076 671 4153 melior
689 4078 735 4149 ell
751 4078 955 4152 misericorae
996 4096 1042 4145 ne
1061 4100 1231 4175 nequam·
1259 4079 1343 4151 Non
1357 4079 1418 4148 des
1438 4076 1572 4153 mulieri
1598 4089 1805 4181 potestatem

59 4200 103 4279 35
140 4171 195 4247 dia
213 4174 314 4270 super
326 4175 506 4270 vitamaqui
521 4176 621 4249 dives
638 4176 685 4247 eli
702 4174 736 4249 iu
752 4174 947 4251 misericor·
997 4174 1110 4249 anime
1125 4194 1186 4247 tue
1200 4202 1208 4244 a
1224 4200 1266 4249 ne
1291 4170 1508 4272 ingrediatur
1522 4180 1556 4253 in
1571 4183 1707 4259 virtute
1723 4205 1802 4261 tuac

133 4272 202 4346 dia.
215 4268 276 4349 llle
288 4276 418 4349 etenim
434 4276 560 4361 ieiunis
577 4271 766 4345 visceribus
781 4272 944 4369 spiritua·
995 4272 1032 4345 dt
1067 4275 1319 4349 confundaris.
1349 4274 1404 4346 Ne
1428 4275 1589 4373 respicias
1628 4282 1802 4360 mulierem
1832 4324 1884 4390 90

134 4366 177 4441 lis
192 4370 345 4449 alimenti
376 4372 513 4471 epulum
538 4374 684 4445 donata
715 4374 945 4447 &animabus
994 4368 1212 4449 multivolam
1240 4399 1251 4443 a
1278 4397 1321 4447 ue
1343 4374 1437 4447 sorte
1462 4377 1592 4451 incidas
1608 4381 1642 4453 in
1666 4379 1797 4477 laqueis
1933 4408 1936 4416 ·
2073 4398 2083 4405 ‘

133 4467 229 4543 vitio
243 4472 483 4547 abstinentibus
507 4500 517 4541 a
547 4470 660 4569 gratie
675 4468 805 4543 celestis
835 4470 960 4543 dona·
993 4476 1070 4551 eius
1086 4512 1107 4546 .·
1123 4477 1258 4550 Averre
1272 4470 1393 4548 sacient
1405 4492 1497 4550 tuam
1513 4502 1531 4547 a
1546 4478 1687 4557 muliere
1700 4505 1802 4553 com·

133 4566 186 4639 ria
202 4564 453 4645 subministrat.
481 4571 634 4643 Christus
649 4567 819 4643 Dominus
834 4592 873 4641 ac
894 4592 949 4645 re·
996 4572 1105 4663 posita
1131 4600 1141 4642 e
1166 4573 1202 4643 dt
1230 4596 1301 4646 non
1318 4570 1443 4642 circum
1472 4571 1626 4668 inspicias
1653 4574 1803 4669 speciem

55 4700 103 4775 40
133 4667 482 4761 demptoreternus.
996 4663 1163 4746 alienam·
1192 4671 1345 4766 Propter
1358 4665 1505 4759 speciem
1531 4673 1682 4746 mulieris
1703 4673 1805 4751 multi
1877 4680 1883 4691 '

355 4764 433 4851 vost
441 4768 575 4863 pridie.
588 4763 726 4838 Oratio·
793 4800 796 4809 ·
993 4770 1253 4859 perscrutata&
1267 4790 1314 4841 ot
1335 4766 1403 4837 hoc
1417 4771 1695 4867 concupiscentia
1708 4774 1798 4867 quasi
1831 4806 1880 4880 95

209 4861 375 4940 lindifica
391 4865 539 4938 Domine
553 4862 644 4959 quod
665 4884 727 4955 per
743 4880 861 4932 manus
878 4884 946 4936 no·
995 4862 1085 4959 ignis
1109 4863 1331 4942 exardescit·
1360 4862 1485 4937 Omnis
1516 4868 1639 4943 mulier
1666 4896 1733 4967 que
1753 4875 1803 4946 est

220 4960 299 5034 iiras
328 4963 390 5037 tibi
406 4986 483 5035 cum
507 4962 705 5035 abstinentie
727 4958 944 5032 contritione
993 4961 1305 5059 fornicaria=quau
1331 4960 1454 5036 stercus
1483 4961 1592 5041 invia
1620 4990 1800 5067 computa·

133 5056 274 5132 litamus
304 5090 315 5131 a
343 5083 380 5135 ut
407 5060 658 5133 benedictionis
676 5078 736 5131 tue
762 5057 943 5130 foveamur
993 5074 1073 5129 tur.
1093 5061 1248 5153 Speciem
1265 5052 1415 5132 mulieris
1444 5058 1555 5135 aliene
1571 5065 1671 5142 multi
1692 5067 1801 5144 adrni-

51 5184 99 5261 45
134 5157 299 5231 exalonis
324 5163 418 5256 aqui
447 5157 611 5243 majestati
634 5176 693 5227 tue
718 5175 793 5229 cum
821 5156 944 5239 ieiunii
994 5154 1681 5259 ratisreprobifadisunt:colloquium
1704 5168 1796 5243 enim
1872 5166 1878 5179 '

44 5268 46 5285 ¹
132 5255 350 5329 contritione
373 5258 549 5332 offerimus
563 5258 631 5329 hoe
654 5250 853 5326 sacrificium
871 5250 945 5325 lau·
992 5248 1083 5343 illius
1107 5254 1200 5353 quali
1226 5257 1316 5356 ignis
1339 5257 1556 5336 exardescit·
1585 5265 1675 5340 Cum
1692 5266 1800 5340 aliena
1833 5300 1904 5354 100

133 5352 216 5423 dis.
245 5366 292 5446 iia.
307 5364 419 5427 Amen
435 5402 446 5424 .
994 5348 1137 5426 muliere
1154 5378 1223 5432 non
1254 5356 1367 5428 sedeas
1383 5358 1530 5435 omnino
1544 5389 1554 5431 a
1568 5386 1631 5433 nec
1653 5365 1800 5436 adcubes

184 5454 248 5523 Aa
263 5454 516 5543 confrasiioaem
527 5454 647 5546 panis.
666 5448 853 5538 statuane.
866 5447 943 5522 Fiat
992 5468 1076 5523 cum·
1087 5476 1127 5526 ea
1156 5454 1256 5551 super
1271 5451 1443 5529 cubitum.
1469 5456 1512 5530 Et
1525 5484 1591 5532 non
1621 5457 1800 5548 alterceris

136 5548 374 5624 misericordia
389 5568 447 5623 tua
462 5549 614 5624 Domine
629 5550 733 5646 super
748 5569 836 5619 noea
857 5544 943 5620 deut
993 5566 1069 5623 cum
1094 5576 1135 5626 ea
1160 5555 1196 5628 in
1224 5552 1308 5628 vino
1334 5575 1345 5617 a
1371 5572 1415 5620 ne
1431 5552 1525 5628 sorte
1550 5558 1706 5633 declinet
1737 5584 1801 5637 coc

53 5676 101 5747 50
135 5648 349 5745 speravimus
365 5650 399 5721 in
413 5666 474 5720 re·
545 5670 549 5701 2
645 5728 646 5731 Ἴ
995 5664 1093 5720 tuum
1122 5650 1230 5727 inilla
1256 5651 1293 5721 dt
1323 5648 1486 5743 sanguine
1515 5675 1579 5729 tuo
1597 5653 1733 5731 labores
1764 5661 1800 5731 in

283 5748 347 5817 Aa
370 5746 556 5818 orationem
572 5747 804 5817 nominitant·
921 5788 925 5801 ·
995 5744 1229 5839 perditionem
1244 5768 1263 5818 .·
1283 5745 1363 5817 Non
1381 5764 1417 5815 te
1446 5772 1626 5847 pretereat
1649 5761 1801 5834 „affatio
1833 5785 1901 5858 105

249 5842 314 5914 Eua
330 5844 387 5938 qui
419 5864 481 5917 nos
498 5840 557 5935 spe
585 5840 784 5936 repromisse
800 5834 946 5910 beatitu·
995 5840 1171 5920 seniorum
1186 5876 1196 5916 a
1213 5848 1274 5942 ipsi
1290 5844 1381 5917 enim
1403 5844 1629 5925 didicerunta
1646 5860 1799 5948 patribus

257 5940 345 6015 dinis
362 5944 460 6017 foves
488 5964 498 6006 a
522 5944 695 6035 &panem
724 5935 817 6013 illum
849 5932 944 6007 eclo-
992 5938 1227 6034 suisquoniam
1242 5947 1284 6019 ab
1298 5942 1374 6035 ipsis
1386 5941 1491 6021 disces
1509 5946 1664 6027 dauriae
1690 5952 1799 6031 intel·

128 6062 205 6116 rum
220 6062 240 6114 e
256 6038 389 6117 sedibus
403 6038 604 6139 putescum
616 6064 626 6110 r
640 6040 755 6115 nostre
775 6030 941 6111 abstinen-
990 6035 1118 6115 ledum
1133 6087 1144 6113 .
1158 6046 1332 6133 arcumen
1349 6089 1359 6111 .
1771 6054 1774 6062 ·

1403 6146 1484 6243 Q
1745 6156 1806 6224 Le.
