4450 7209
310 730 328 779 a

277 734 425 901 dorpora
453 805 538 881 salus
554 811 698 884 habeats
726 811 849 883 animas
866 808 918 881 vis
935 806 1079 881 diviua.

278 908 433 999 Utraque
461 907 598 982 servent
624 911 657 980 iu
685 932 792 1000 opere
822 906 940 1002 paceni
957 903 1076 992 ieiunii

279 1006 380 1076 adiu:
412 1003 576 1077 virtutem
603 1007 766 1079 invoco:
797 1006 1021 1079 constantiam
1043 1003 1078 1075 in

281 1099 428 1174 assedus
460 1107 590 1177 actuum
615 1099 848 1198 disciplinam.
878 1108 959 1189 Quo
980 1100 1079 1196 spiri·

577 707 749 788 usura
785 692 1027 804 Qsaurn
1063 703 1125 784 ru
1157 692 1372 778 castre
1401 694 1647 779 resumi.

1129 801 1288 875 arborem
1318 799 1535 874 custodissem
1572 803 1607 872 &
1634 793 1933 892 immortalitatem
1967 810 2012 895 55

1129 898 1344 973 retinuiffets
1372 901 1407 969 &
1434 897 1602 992 patriam.
1630 899 1697 972 Sed
1747 917 1940 972 emtum-9

1130 997 1252 1070 nutris
1278 998 1437 1091 antique:
1469 998 1564 1087 quod
1582 993 1696 1070 inlida
1720 923 1807 1094 ligni
1824 992 1934 1066 vetiti

1128 1094 1350 1191 usurpatione
1382 1093 1576 1169 commista
1614 1093 1648 1164 in
1680 1095 1802 1167 nostris
1831 1087 1934 1164 ablue

235 1196 420 1298 5t'ualiter
448 1198 667 1292 suscipientes
697 1201 850 1293 predicte
877 1201 1078 1274 abstinentie
1127 1191 1293 1279 jejuniis.
1321 1198 1368 1267 Ut
1392 1194 1452 1287 qui
1475 1195 1518 1266 de
1540 1191 1699 1289 paradiso
1724 1218 1788 1287 per
1809 1189 1934 1261 inobe-

199 1372 204 1377 ,
284 1315 446 1386 tempus:
469 1320 624 1390 pereum
642 1302 741 1372 nobis
758 1297 938 1373 salubriter
952 1299 1078 1370 efficia·

282 1411 339 1463 tur
354 1396 508 1484 pervium
520 1423 530 1462 ε
544 1419 607 1494 ρετ
621 1398 772 1489 quemid
787 1399 828 1470 ad
841 1398 1079 1492 expiationem

278 1489 442 1566 novimus
464 1494 679 1568 institutum.
708 1511 757 1593 βε.
773 1499 883 1572 Amen
899 1545 910 1567 .

206 1707 256 1770 Ιο
476 1688 553 1779 Poll
567 1695 717 1766 nomina.
748 1697 888 1767 Oratio.

380 1886 489 1959 llrilie
503 1887 573 1961 Dei
592 1887 681 1960 silius
707 1915 778 1984 quo
802 1887 1086 1963 docentedidici·

396 2010 466 2058 mus
483 2014 492 2056 s
523 2000 589 2057 nbn
605 1987 637 2056 in
655 1983 730 2060 solo
746 2014 830 2081 pane
845 1991 990 2063 viveret
1023 1987 1082 2058 sed

281 2082 315 2153 iu
333 2084 423 2155 omni
442 2085 551 2158 verbo
564 2085 657 2178 quod
671 2103 734 2159 tuo
752 2088 908 2178 procedit
934 2109 979 2155 er
995 2107 1082 2158 ore.

210 2192 257 2269 ¹5
285 2181 397 2257 Presta
425 2183 521 2255 nubis
538 2205 577 2256 ut
595 2184 651 2275 qui
666 2185 891 2278 magisterium
914 2204 1011 2256 tuum
1030 2182 1082 2253 se·

207 2320 210 2327 ·
284 2300 430 2373 quentes
449 2281 618 2374 presentis
632 2283 887 2376 quadragesime
905 2281 1000 2353 initia
1017 2283 1082 2355 ho·

284 2376 403 2451 dierna
419 2378 475 2448 die
493 2378 671 2472 incipimus
694 2379 821 2454 festivis
836 2379 1032 2454 consecrare
1048 2381 1081 2451 in

284 2475 444 2546 canticis:
473 2496 597 2571 optata
620 2480 768 2552 remedia
796 2498 873 2552 ate
898 2479 1082 2570 impetrare

285 2572 470 2664 possmust
485 2597 553 2647 tarn
571 2574 770 2648 viventibus
787 2603 883 2671 quam
900 2574 1084 2649 defundis.

208 2687 261 2739 oo
285 2673 368 2758 Quo
397 2676 430 2743 δι
459 2673 559 2745 nobis
581 2671 750 2745 serviendi
780 2677 841 2749 tibi
868 2680 1082 2748 concedatur

205 2838 209 2845 .
283 2792 360 2841 cum
377 2768 499 2841 affectu
516 2771 680 2843 effusius:
708 2769 824 2844 &illis
853 2799 871 2846 a
897 2791 933 2844 te
956 2772 1085 2868 preste·

284 2883 342 2940 tur
360 2885 482 2940 eterne
499 2867 717 2942 beatitudinis
735 2868 856 2946 locus.
879 2884 929 2963 13t.
942 2875 1083 2944 Amen.

488 3065 550 3139 'Ad
561 3084 679 3166 pacem
695 3115 705 3138 ·
733 3071 874 3143 Oratio.

209 3176 259 3256 ²5

384 3260 448 3334 Eus
464 3262 517 3338 cui
533 3264 791 3339 transferendus
809 3266 927 3341 Helias
941 3265 1083 3359 quadra·

405 3360 501 3455 ginta
517 3363 648 3436 dierum
666 3367 832 3448 jejunium
848 3366 1080 3442 consecravitr

279 3459 558 3553 &spiritualiter
582 3462 696 3534 donec
720 3464 761 3535 ad
778 3460 911 3536 celestia
929 3486 1082 3534 merere·

281 3574 340 3632 tur
364 3555 546 3632 ascendere
569 3559 767 3642 jejunavit:
809 3559 1081 3655 prophetalem,

207 3669 262 3748 30
281 3657 456 3749 quesumus
464 3653 614 3754 'gratiam
629 3658 718 3731 dona
733 3656 870 3751 populis
883 3657 1078 3732 christianis:

201 3840 205 3848 Ι
279 3753 318 3829 in
342 3777 407 3849 qua
424 3751 617 3849 superemus
632 3753 879 3832 delectationes
908 3758 1019 3832 carnis
1045 3758 1082 3828 δε

278 3848 479 3950 sauguinis.
507 3853 573 3925 Fac
598 3852 632 3925 in
647 3857 802 3929 omnibus
832 3857 867 3927 &
891 3879 952 3950 per
967 3854 1081 3929 omnia

166 4007 171 4011 .
279 3949 502 4025 continentes
518 3951 571 4021 fac
586 3956 767 4046 pacificos:
787 3953 839 4026 fac
853 3950 983 4026 celestia
1002 3978 1081 4047 pre-

281 4069 384 4145 cepta
400 4048 576 4124 servantes
594 4078 603 4120 s
627 4052 747 4146 quibus
772 4053 808 4124 δι
822 4052 854 4122 in
869 4052 938 4126 hoc
951 4051 1081 4125 sacrifi·

208 4155 258 4238 35
284 4145 342 4219 cio
369 4143 534 4242 benignus
563 4174 753 4244 appareass
783 4151 818 4220 δι
845 4148 1026 4223 humiliter
1043 4169 1079 4220 te

280 4244 524 4320 invocantibus
552 4248 764 4343 propiciatus
795 4268 984 4322 occurras.
1030 4259 1080 4341 132.

281 4343 424 4418 Amen.

606 4448 756 4518 Inlatloo
1064 4482 1066 4486 ’

280 4533 512 4715 Dignum
539 4543 575 4615 &
589 4546 708 4629 iustum
724 4544 772 4614 est
793 4564 856 4618 nos
873 4541 934 4616 tibi
950 4541 1082 4641 gratias

206 4646 258 4729 '40
403 4665 508 4734 agere
522 4642 660 4717 trinitas
674 4646 769 4715 Deus
787 4670 796 4710 τ
824 4641 881 4736 qui
898 4644 956 4713 das
973 4642 1082 4716 escum

281 4737 375 4834 omni
392 4740 481 4813 carni
496 4769 506 4809 τ
523 4742 692 4837 &imples
709 4764 847 4815 omnem
864 4742 1007 4813 animam
1023 4743 1084 4811 be·

277 4833 498 4908 nedictione.
527 4839 640 4911 Tuere
671 4862 734 4913 nos
763 4839 913 4916 Domine
934 4837 1079 4932 quinon

277 4928 387 5004 solum
404 4932 589 5009 carnalibus
602 4937 685 5011 cibis
703 4935 832 5031 pascis:
850 4938 910 5028 ,sed
930 4934 1080 5030 &spiri-

1128 1291 1292 1372 dientiam
1316 1292 1395 1364 Ade
1423 1316 1493 1364 non
1508 1288 1934 1363 abstinendocecidimuss
1961 1291 2002 1367 60

1130 1417 1220 1466 nunc
1252 1411 1365 1465 autem
1391 1413 1455 1484 per
1479 1388 1712 1462 obedientiam
1729 1387 1860 1462 Christi
1880 1392 1935 1472 je·

1129 1490 1287 1576 junando
1312 1488 1512 1586 surgamus·
1539 1486 1611 1573 Qui
1626 1486 1725 1559 nobis
1750 1488 1936 1560 exeadem

1134 1589 1279 1661 materia
1305 1586 1442 1662 calicem
1467 1581 1581 1660 salutis
1597 1583 1769 1658 remiscuit
1797 1588 1841 1658 de
1869 1607 1935 1680 qua

1134 1686 1259 1762 mortis
1292 1683 1448 1784 poculum
1478 1682 1703 1758 biberamus.
1740 1689 1785 1755 Ut
1812 1685 1934 1775 quibus

1137 1810 1202 1880 per
1227 1783 1340 1856 cibum
1363 1781 1447 1880 ligni
1468 1781 1618 1874 acquisiti
1646 1805 1741 1855 mors
1763 1801 1934 1857 venerata
1959 1783 2002 1877 ὅς

1136 1909 1201 1980 ρετ
1224 1883 1335 1957 crucis
1362 1879 1492 1977 lignum
1509 1878 1594 1954 salus
1618 1881 1753 1970 perdita
1769 1881 1937 1953 reddere..

1132 2003 1216 2054 tur.
1239 1980 1307 2052 Cui
1325 1981 1454 2055 merito
1472 2003 1589 2054 omnes
1603 1974 1718 2073 angeli
1741 1978 1778 2048 dt
1794 1980 1938 2052 archan-

1133 2078 1204 2177 geli
1235 2102 1306 2150 non
1333 2078 1458 2149 cessant
1482 2073 1629 2150 clamare
1655 2072 1843 2169 quotidie:
1868 2102 1934 2154 una

1133 2200 1224 2251 voce
1254 2177 1442 2248 diceutes.
1479 2188 1529 2270 lje
1545 2170 1724 2251 sanetus.
1767 2172 1936 2253 Sanctus.

1133 2274 1300 2352 Sanctus.
1962 2288 2008 2367 70

1401 2468 1479 2558 Post
1501 2473 1666 2568 sotus.

1238 2676 1302 2748 Ere
1319 2667 1459 2748 Sanslus
1489 2680 1523 2749 δι
1541 2668 1740 2750 δεηεάῑᾶυτ
1760 2669 1798 2742 in
1815 2667 1937 2746 altitu:
1992 2728 1994 2730 -

1254 2776 1315 2848 mis
1328 2772 1421 2851 iesus
1433 2772 1587 2848 Christus
1610 2773 1700 2848 filius
1718 2789 1797 2844 tuus
1811 2772 1935 2846 Domi·
1960 2770 2010 2860 75·

1134 2897 1196 2946 nus
1210 2875 1349 2949 noster·
1374 2869 1443 2959 Qui
1467 2875 1628 2964 atsumpta
1644 2873 1790 2943 humane
1804 2870 1938 2967 fragili·

1135 2973 1218 3047 tatis
1233 2994 1377 3047 naturas
1407 2994 1475 3041 non
1495 2971 1599 3042 solum
1623 2966 1814 3044 infidelium
1840 2971 1938 3044 steri.-

1134 3070 1267 3146 litatem
1292 3068 1537 3147 convertendo
1552 3065 1776 3140 fecundavits
1807 3090 1935 3142 verum

1132 3172 1239 3243 etiam
1269 3167 1529 3262 antiquissimum
1551 3165 1743 3259 serpentem
1760 3163 1935 3241 seductio-

1132 3270 1229 3342 nibus
1260 3264 1392 3353 blandis
1425 3263 1717 3336 inlecebrantems
1761 3261 1936 3357 totiusque
1961 3256 2005 3334 8«

1132 3367 1247 3439 mundi
1262 3367 1394 3456 copiam
1409 3366 1677 3454 promittentem
1693 3359 1869 3434 sterilitate
1884 3362 1934 3436 ti·

1132 3465 1164 3536 bi
1187 3463 1346 3562 promissa
1377 3461 1450 3554 post
1467 3458 1589 3546 jejunii
1611 3456 1749 3552 peradia
1763 3456 1933 3536 solemnia

1128 3562 1366 3657 omnipotenti
1397 3559 1537 3632 brachio
1562 3553 1823 3648 supplantavit.
1853 3558 1934 3632 Do·

1129 3686 1209 3734 cens
1224 3655 1408 3755 discipulos
1426 3655 1524 3729 suoss
1553 3656 1690 3728 nostros
1712 3675 1828 3731 autem
1845 3679 1935 3751 apo·
1991 3708 1995 3718 -

1131 3756 1237 3835 slolos
1266 3783 1335 3832 non
1361 3756 1608 3829 numerofitate
1641 3773 1844 3828 tauroruma
1873 3770 1933 3830 aut
1961 3749 2007 3840 85·

1130 3856 1325 3932 hircorum:
1352 3878 1421 3926 non
1435 3851 1625 3925 vitulorum
1642 3854 1801 3924 ubertate
1819 3876 1829 3920 t
1857 3878 1931 3927 nou

1130 3981 1299 4052 agnorum
1322 3951 1499 4050 pinguium
1513 3950 1661 4025 vidimis
1686 3968 1777 4024 tuam
1793 3947 1933 4045 placare

1131 4053 1369 4129 clementiam:
1394 4048 1450 4120 sed
1475 4053 1568 4146 puris
1586 4046 1756 4122 mentibus
1780 4043 1934 4143 lotisque

1129 4152 1329 4227 innocentie
1357 4149 1508 4239 manibus
1539 4146 1697 4220 sacrificia
1722 4143 1828 4218 libare
1867 4168 1930 4219 tue

1130 4248 1305 4324 serenitati
1323 4245 1487 4341 supplicia
1503 4293 1514 4316 .
1541 4247 1631 4339 Qia
1646 4266 1682 4318 tu
1696 4269 1731 4319 es
1745 4244 1841 4322 Deus
1855 4249 1934 4321 Do·
1962 4264 2009 4344 9ο

1131 4348 1239 4426 minus
1252 4370 1291 4421 ac
1305 4348 1510 4438 redemptor
1524 4365 1662 4419 eternus
1679 4389 1691 4414 .

1339 4539 1417 4628 rost
1429 4544 1565 4639 pridie.
1586 4540 1702 4617 oratio
1717 4585 1729 4609 .

1232 4739 1348 4817 Dsunt
1363 4739 1515 4816 Domine
1543 4740 1640 4813 Deus
1669 4740 1742 4814 dies
1769 4737 1818 4814 illi
1843 4763 1934 4835 quos
1964 4757 2009 4837 95

1251 4839 1413 4914 colendos
1446 4838 1546 4912 nobis
1574 4842 1789 4915 documento
1816 4842 1870 4913 tui
1900 4863 1939 4909 e-

1129 4936 1282 5034 xemplis
1306 4941 1365 5012 sub
1377 4937 1646 5032 quadragenaria
1660 4939 1797 5028 jejunio
1812 4939 1939 5012 decur-

278 5025 425 5102 tualibus
454 5033 537 5108 escis
556 5031 639 5106 alis.
670 5042 715 5109 Ut
746 5059 815 5108 non
843 5039 878 5110 in
896 5033 974 5110 solo
993 5059 1079 5130 pane
1128 5038 1225 5112 lione
1250 5038 1432 5132 signasses·
1465 5036 1618 5110 Proinde
1644 5057 1736 5109 tuam
1761 5037 1934 5132 pietatem

202 5135 256 5213 ᾗς
281 5125 460 5199 vivamus=
488 5130 595 5199 sedin
613 5131 706 5205 omni
723 5133 835 5209 verbo
858 5155 922 5208 tuo
939 5131 1080 5208 vitalem

172 5276 175 5282 ·
278 5224 459 5297 habeamus
481 5224 699 5300 alimoniam.
732 5229 809 5298 Nec
836 5250 971 5304 tantum
992 5255 1080 5326 epu.

196 5330 199 5335 “
277 5320 406 5398 landos
444 5322 499 5397 sed
528 5324 636 5400 etiam
663 5327 850 5411 jejunando
882 5326 1079 5422 pascamur.

278 5423 370 5496 Nam
388 5441 425 5493 ut
442 5422 582 5518 dapibus
598 5451 606 5488 ε
633 5426 667 5495 &
686 5420 817 5519 poculis
835 5447 1008 5519 corporat
1034 5424 1078 5496 lic

1130 5136 1349 5232 poscimus&
1365 5158 1527 5228 rogamus
1541 5154 1579 5206 ut
1596 5136 1766 5209 hodierne
1784 5133 1937 5208 solenni·

1131 5233 1212 5306 tatis
1228 5232 1398 5306 sacrificio
1415 5230 1612 5306 delibutus:
1638 5235 1686 5309 lar
1714 5234 1791 5307 iaris
1809 5235 1940 5332 suppli·
1973 5265 2018 5318 τοι

1129 5328 1283 5403 cautibus
1313 5327 1444 5405 famulis
1481 5329 1640 5432 spiritalis
1679 5257 1842 5410 dimonte
1884 5340 1939 5412 ci-

1129 5425 1235 5498 bum:
1270 5431 1312 5500 dc
1337 5450 1397 5502 tue
1428 5425 1729 5507 sermocinationis
1758 5431 1940 5514 edulium.

186 5574 192 5589 J
279 5521 418 5609 ieiuniis
444 5523 479 5591 δι
497 5520 609 5593 verbis
630 5522 697 5597 tuis
722 5520 834 5594 anime
856 5521 1078 5618 saginantur·
1128 5527 1214 5613 Qro
1228 5528 1269 5603 ad
1286 5527 1384 5601 instar
1400 5529 1573 5622 prophete
1587 5533 1637 5605 tui
1653 5531 1754 5605 Helie
1769 5533 1871 5616 huius
1888 5536 1944 5611 sa-

210 5634 259 5706 10
281 5619 446 5714 Magnam
462 5621 553 5696 enim
581 5618 612 5691 in
631 5621 695 5698 hoc
710 5645 851 5693 munere
873 5620 1079 5713 corporibus

279 5714 534 5792 salubritatem:
564 5722 599 5793 δι
618 5719 793 5794 sanitatem
809 5718 983 5790 mentibus
1007 5742 1084 5811 pre·

281 5813 402 5888 builli:
429 5821 563 5912 iamque
586 5817 628 5892 ab
643 5820 747 5893 initio
762 5816 865 5904 seculi
885 5819 981 5891 nobis
994 5822 1083 5902 jeiu-

282 5915 378 5987 nium
408 5913 601 5988 venerabile
630 5918 815 5992 dedicasti.
841 5918 947 6013 Qud
976 5915 999 5986 fi
1025 5914 1109 5988 illa'

275 6013 422 6106 generis
433 6012 575 6092 humaui
585 6037 693 6102 mater
706 6018 782 6104 Eua
792 6014 1009 6101 necturna
1022 6017 1084 6097 sbi

1132 5625 1253 5697 crificii
1269 5623 1435 5703 libatione
1448 5628 1569 5701 muniti
1583 5658 1592 5697 ε
1624 5633 1671 5703 ita
1688 5656 1705 5702 a
1720 5630 1869 5706 crastino
1885 5633 1939 5708 la·

1131 5722 1270 5798 boriosa
1293 5725 1411 5796 divine
1427 5723 1651 5801 iustitutionis
1667 5727 1846 5802 salubriter
1868 5756 1932 5803 er·
1974 5757 2018 5809 ιο

1132 5823 1309 5915 pediamus
1320 5824 1472 5911 jejunia:
1501 5846 1539 5897 ut
1555 5826 1858 5902 sermocinationis
1875 5852 1939 5907 tue

1135 5943 1328 6101 pereamus
1350 5921 1461 6023 potiri
1489 5921 1662 6022 loquela.
1708 5941 1760 6021 pt.
1790 5930 1943 6003 cuorus.

1171 6044 1246 6097 men
1260 6070 1274 6094 a
