4450 7209
1000 449 1017 454 v
1049 447 1303 462 --v—-W

537 691 678 776 nrntn
703 696 882 774 rnnrnt
906 694 1029 774 rost
1053 691 1520 778 nnsunnrortonrnn
1780 719 1873 810 n203

196 793 354 873 dealbata
381 799 615 896 pergratiam
632 817 759 895 parere
781 796 891 873 oculis
912 821 1009 874 rena·
1749 833 1752 839 ¹
1914 829 1960 906 55

203 916 337 971 tonnus
365 897 472 972 debet
490 896 722 972 imitationem
740 894 806 971 suis
823 895 1010 972 infantibus
1257 925 1263 948 ··
1394 895 1543 972 inlatio·
1854 959 1859 972 .

200 994 346 1089 prebere
359 995 546 1073 virtutum.
578 995 1012 1072 Tunceiienimstneser·
1060 987 1295 1172 Dignum
1322 996 1358 1070 dt
1385 994 1595 1081 iustumestt'
1620 1021 1684 1076 nos
1712 997 1775 1078 tibi
1792 1023 1876 1102 grta

199 1108 319 1165 mento
332 1089 467 1169 malicie
482 1090 650 1192 paschalis
661 1092 824 1172 oblatio:
850 1094 1010 1173 siinazi·
1193 1097 1259 1171 tias
1288 1117 1394 1192 agere
1423 1093 1579 1171 Domine
1619 1099 1734 1176 sanbie
1761 1103 1875 1180 Patet·

145 1229 171 1308 5
201 1187 264 1260 mis
284 1189 490 1269 unceritatis
509 1195 546 1266 dt
563 1191 724 1270 veritatis
749 1192 915 1294 epuletur
929 1191 1011 1271 reli·
1059 1208 1184 1264 eterne
1203 1191 1432 1288 omnipotens
1448 1191 1544 1268 Deus
1559 1220 1623 1293 per
1636 1198 1750 1278 iesum
1763 1201 1872 1276 Chri·
1914 1229 1917 1238 ’

200 1283 294 1386 giosa
309 1290 488 1370 devotio.
515 1305 565 1388 32·
578 1294 719 1370 Amen.
1059 1289 1146 1362 sium
1160 1285 1267 1365 filium
1285 1309 1384 1364 tuum
1399 1287 1592 1368 Dominum
1607 1300 1755 1374 nostrum
1769 1348 1781 1371 .
1797 1297 1869 1392 Qui
1908 1299 1962 1376 ὅσ

1058 1385 1095 1460 in
1110 1388 1167 1462 via
1180 1385 1367 1484 discipulos
1380 1389 1590 1468 ambulantes
1604 1420 1614 1464 s
1629 1396 1664 1470 sc
1678 1423 1698 1471 a
1712 1397 1769 1474 via
1785 1397 1870 1472 fidei

479 1487 571 1566 alia
590 1492 729 1570 oratio}
891 1529 896 1536 =
1056 1487 1264 1561 recedentes
1281 1481 1486 1583 alloquens:
1511 1491 1581 1588 ipse
1609 1491 1716 1568 factm
1744 1495 1873 1571 esteis·

1056 1583 1137 1658 dem
1163 1581 1387 1660 credentibus
1411 1584 1495 1662 via·
1528 1587 1766 1686 Dolentesque
1793 1599 1875 1680 tani

121 1719 164 1778 ιο
311 1680 378 1759 Em
425 1685 486 1782 qui
528 1685 713 1766 Dominice
746 1676 1007 1763 resurrefflonip
1055 1701 1158 1776 quam
1173 1703 1375 1760 mortuum
1406 1683 1529 1760 vivens
1555 1688 1685 1762 veritas
1711 1692 1869 1791 increpa·
1904 1709 1937 1724 ’“

318 1781 501 1882 temporali
515 1783 722 1860 solennitate
739 1783 1006 1881 letificasrquos
1055 1775 1136 1852 vit=
1166 1804 1232 1856 nec
1258 1780 1449 1878 agnoscere
1474 1784 1652 1877 permisits
1683 1809 1868 1896 antequam
1905 1781 1961 1886 65.-

195 1881 240 1952 ad
268 1883 392 1977 gaudia
420 1883 628 1979 sempiterne
651 1883 847 1959 festivitatis
876 1884 1008 1961 inflam.
1055 1877 1267 1954 crederentr
1292 1878 1412 1973 quibus
1443 1881 1630 1979 scripturas
1652 1887 1790 1980 aperire
1816 1887 1871 1961 di·

194 2001 295 2051 mass
318 1978 489 2055 hodierne
516 1983 698 2077 quesumus
720 1980 1005 2081 congregationis
1056 1994 1179 2074 gnatus
1193 1979 1330 2055 estcum
1348 1976 1540 2055 timerent.
1563 1987 1632 2060 Sue
1648 1984 1791 2082 gratiam
1814 1983 1873 2060 vi·

194 2080 342 2157 attende
356 2096 578 2155 conventus:
603 2075 817 2156 &celeriter
834 2077 1006 2176 postulan·
1054 2075 1159 2150 nonu
1185 2075 1408 2152 differendam
1420 2078 1573 2165 judicans
1599 2080 1642 2156 ad
1660 2081 1774 2158 officia
1786 2081 1873 2159 cha·

110 2209 159 2283 ις
196 2173 291 2252 tibus
308 2177 425 2252 tribue
440 2178 601 2276 quicquid
613 2177 745 2254 sanans
758 2196 907 2276 exoptat
921 2180 1006 2254 affe·
1053 2171 1197 2248 ritatis·
1223 2179 1270 2250 Ut
1298 2176 1395 2272 quod
1415 2175 1634 2273 hospitalitas
1647 2199 1868 2256 merereturb
1919 2205 1932 2220 '

194 2271 297 2348 dtus.
321 2275 426 2352 Dona
448 2275 591 2377 finguiir
620 2277 909 2374 temperantiam.
935 2279 1006 2352 Re·
1051 2270 1256 2348 ostenderet
1281 2297 1292 2341 ι
1330 2276 1367 2350 dt
1401 2272 1598 2372 exemplum
1628 2275 1866 2360 benefaciendi
1902 2293 1955 2379 70

190 2369 289 2468 peiie
306 2375 501 2453 tristiciam·
527 2379 596 2451 Fac
608 2394 832 2475 regeneratos
846 2377 1007 2473 perenni·
1054 2367 1214 2465 hospitali
1231 2371 1330 2446 daret
1344 2417 1356 2442 .
1371 2370 1455 2444 ideo
1468 2373 1524 2448 die
1542 2372 1648 2451 tertia
1660 2377 1868 2454 manifestus

190 2487 251 2544 ter
279 2473 314 2545 in
339 2475 410 2548 fide
425 2477 629 2552 consistere.
652 2477 719 2553 Fae
734 2474 852 2548 fideles
869 2476 1006 2570 inpare
1053 2467 1133 2564 quia
1160 2469 1234 2583 ipse
1263 2468 1418 2546 trinitate
1444 2472 1560 2548 suerat
1584 2473 1692 2550 homo
1706 2475 1804 2554 Deus
1821 2481 1867 2555 ab

191 2573 398 2667 proficere.
420 2572 561 2650 Diseant
578 2570 627 2648 iiii
647 2576 875 2652 vehementer
888 2571 1004 2648 serva·
1051 2565 1203 2664 Angelus
1231 2569 1450 2644 adorandus.
1475 2569 1563 2648 Ideo
1588 2575 1657 2658 ran
1683 2572 1870 2666 tonnano

108 2697 158 2768 20
189 2689 233 2738 re
247 2693 313 2765 per
328 2672 498 2769 gentianae
522 2672 618 2770 qnod
636 2671 778 2746 dedistis
803 2672 935 2746 discant
951 2669 1002 2746 iiii
1051 2688 1141 2760 pane
1167 2665 1423 2765 precogniturs
1448 2669 1529 2764 quia
1552 2667 1625 2784 ipse
1639 2670 1755 2752 suerat
1768 2677 1866 2752 inter
1917 2693 1934 2714 “

190 2762 366 2880 diligeres
391 2772 485 2864 quod
509 2773 706 2871 quotidiana
728 2769 914 2847 dilectione
933 2768 1004 2844 ser·
1052 2761 1146 2837 sacra
1173 2765 1370 2842 veneranda
1385 2763 1503 2841 aitaris
1530 2767 1716 2845 ministeria
1743 2796 1863 2852 come·
1899 2789 1961 2880 75„

189 2866 300 2954 yassr.
350 2883 400 2964 13⁸·
414 2875 558 2946 Amen.
1048 2861 1210 2935 dendus.
1241 2864 1311 2937 Cui
1337 2865 1465 2940 merito
1493 2889 1615 2943 omnes
1630 2868 1765 2970 Angeii
1790 2895 1867 2952 non

1051 2957 1597 3038 ceffantclamareitadicentes.

389 3061 469 3152 Post
481 3070 611 3142 nomina
624 3114 634 3137 ·
649 3067 798 3141 orario;
1102 3069 1154 3152 pt.
1169 3059 1315 3136 morus.
1339 3057 1481 3136 Sanetus
1497 3089 1506 3134 r
1520 3059 1686 3138 sanctum
1700 3065 1846 3144 Sandud
1856 3113 1875 3142 .

108 3193 128 3245 a
1888 3191 1930 3254 „t

132 3190 154 3266 5
245 3256 308 3331 Esu
324 3256 393 3333 Dei
409 3255 502 3334 filius
523 3260 582 3358 qui
599 3284 662 3358 pro
688 3253 1002 3336 nobisvolnntarie
1314 3255 1584 3342 ,vasiensium
1898 3259 1949 3346 80

262 3358 411 3433 moriens
437 3357 518 3433 seva
541 3360 732 3434 inferorum
746 3355 915 3453 ergastula
930 3384 996 3452 po·
1156 3351 1260 3452 lgnus
1276 3379 1313 3429 es
1329 3356 1478 3432 Domine
1496 3357 1575 3435 iesu
1588 3355 1722 3433 eternis
1741 3361 1865 3462 Ange-

190 3454 332 3536 tentiaii
349 3455 492 3532 brachio
510 3479 693 3552 penetrans
708 3457 933 3552 confregistis
956 3478 996 3532 tu
1168 3453 1280 3528 iorum
1307 3456 1342 3528 dc
1358 3455 1536 3531 hominum
1559 3455 1762 3533 conlaudari
1779 3483 1864 3556 pre,-

184 3551 346 3633 fidelium
362 3554 603 3631 retunderam
620 3554 787 3652 spiritus-a
799 3551 999 3651 incispena·
1046 3559 1185 3637 coniisr
1214 3553 1274 3648 qui
1293 3569 1436 3652 terrena
1458 3552 1601 3649 cupiens
1615 3549 1794 3632 celestibus
1807 3558 1865 3637 so·
2030 3641 2034 3648 ,

103 3683 153 3760 30
186 3652 280 3729 libus
308 3656 643 3729 eximer'&eterne
670 3677 731 3727 eos
757 3652 942 3727 amenitate
955 3655 999 3728 st·
1045 3659 1157 3734 ciarit
1183 3651 1367 3729 humanum
1392 3677 1498 3753 genus
1514 3653 1635 3746 precio
1657 3655 1707 3729 tui
1721 3655 1860 3756 sangni-
1890 3675 1923 3750 '.'
1959 3707 1962 3714 ·

184 3748 262 3827 mul
288 3753 325 3824 δι
343 3753 493 3828 muneris
523 3753 743 3840 jocunditate
769 3749 928 3823 tudoiie.
954 3755 996 3825 Et
1044 3757 1097 3829 nis
1112 3750 1310 3830 redemisti.
1336 3752 1474 3826 Etenim
1499 3773 1569 3846 pro
1590 3751 1692 3828 nobis
1708 3773 1856 3838 mortem
1896 3753 1947 3855 85

111 3919 122 3942 ,
185 3851 271 3948 quia
291 3873 336 3923 ex
360 3849 468 3924 latere
483 3869 548 3925 tuo
576 3872 612 3925 te
626 3846 798 3925 moriente
811 3848 898 3923 novi
912 3873 997 3944 pro-
1044 3855 1156 3928 crucis
1170 3849 1374 3944 excipienss
1403 3848 1488 3925 latus
1506 3845 1590 3921 illud
1606 3851 1659 3924 tui
1672 3851 1756 3931 sacri
1775 3878 1862 3930 cor·
1942 3843 1948 3860 ’

183 3949 291 4025 fluxit
310 3945 420 4022 laticis
434 3950 524 4024 unda
541 3976 551 4018 e
575 3972 643 4043 que
667 3947 703 4020 in
728 3947 917 4018 hisdiebus
935 3975 996 4044 pa·
1048 3955 1146 4049 poris
1173 3949 1362 4026 confossum
1379 3944 1496 4022 lancea
1513 3948 1693 4040 aperiente
1718 3955 1755 4024 dt
1771 3975 1860 4028 eon.

181 4043 354 4122 sehaiibus
380 4046 504 4123 horum
532 4059 733 4122 renatorum
748 4045 796 4118 est
809 4049 997 4141 progenies
1048 4052 1151 4125 rinno
1165 4046 1237 4117 duo
1253 4043 1310 4118 ilia
1325 4045 1505 4143 magnifica
1522 4043 1758 4123 sacramenta:
1784 4051 1859 4127 san·

101 4169 148 4244 35
180 4144 412 4219 consecratas
436 4144 661 4241 reposcimus
683 4148 926 4238 &rogamuse
955 4162 994 4219 ut
1044 4147 1121 4245 guis
1151 4139 1280 4217 scilicet
1309 4145 1345 4216 dt
1374 4166 1460 4237 aqua
1480 4144 1681 4219 fluxerunt.
1710 4145 1880 4246 Sanguis·
1904 4171 1922 4218 ι

115 4246 119 4253 “
181 4247 219 4318 &
250 4238 366 4316 inillis
388 4241 480 4316 sacre
502 4240 787 4341 regenerationis
807 4243 993 4336 puritatem
1042 4244 1103 4319 iiie
1122 4241 1221 4341 piane
1233 4237 1292 4338 qui
1307 4240 1344 4314 in
1358 4241 1591 4318 remissionem
1605 4242 1698 4316 fusus
1711 4247 1760 4320 est
1773 4269 1859 4344 pec·
1889 4235 1942 4341 9'0

180 4342 376 4423 conserves
391 4367 402 4410 ι
422 4341 458 4412 dt
475 4339 509 4412 in
523 4341 620 4433 nobis
636 4341 885 4417 confetfionum
900 4364 997 4417 emo·
1044 4363 1227 4419 catorum
1255 4341 1291 4412 δί
1309 4363 1393 4435 aqua
1414 4365 1482 4436 quc
1500 4338 1647 4416 salutare
1662 4357 1858 4442 temperans

181 4437 339 4514 iumenta
352 4435 687 4534 multiplices-‘Quo
708 4435 806 4513 &ilii
821 4436 995 4514 conlatum
1040 4439 1235 4538 poculums
1266 4441 1303 4512 δι
1331 4435 1508 4516 lavacrum
1522 4439 1658 4534 pariter
1668 4445 1794 4537 prestat
1817 4448 1855 4520 &

180 4538 247 4632 nbi
266 4534 423 4633 baptismi
437 4538 566 4611 donum
581 4555 724 4609 teneant
737 4535 860 4631 absque
872 4535 990 4651 culpae
1041 4559 1190 4636 potum.
1217 4538 1292 4610 Hac
1317 4537 1353 4609 &
1373 4535 1553 4636 originalis
1585 4538 1855 4706 primoplausto-

98 4657 150 4728 4ο
183 4636 221 4710 &
237 4658 300 4707 nos
313 4633 348 4706 in
363 4634 505 4708 eandem
518 4658 616 4728 quam
626 4631 832 4715 violavimus
847 4652 991 4730 gratnm
1040 4659 1113 4714 tum
1130 4659 1221 4709 noxa
1245 4633 1464 4733 detergiturs
1493 4634 1530 4708 dt
1557 4632 1698 4706 reconci
1715 4629 1855 4714 intinnis
1900 4665 1917 4708 ι

97 4725 115 4789 ἶ
182 4733 448 4831 reintegremur
460 4728 735 4810 saltimexvenia
747 4733 824 4828 post
836 4729 992 4809 ruinam.
1048 4734 1381 4834 gratiaeuhibetur.
1405 4729 1468 4804 His
1493 4730 1644 4825 proinde
1661 4734 1854 4812 fluminibus
1885 4749 1939 4833 95

236 4840 438 4930 meten·
1045 4827 1520 4905 exlateretuofluentibusa
1545 4828 1857 4926 quioiimnorre·

1042 4946 1238 5028 generatos
1264 4948 1302 5000 nc
1328 4925 1484 5004 salvatos
1501 4927 1749 5006 meminimus:
1784 4956 1853 5031 pro

397 5026 609 5129 Asparem}
632 5029 750 5104 oratio
767 5025 781 5099 ἱ
1043 5030 1188 5103 noviter
1200 5023 1416 5123 regeneratis
1432 5025 1619 5101 infantibus
1629 5025 1853 5124 postulamus.

68 5149 145 5226 ⁴45
696 5164 700 5171 ·
853 5141 857 5148 ·
1038 5123 1090 5200 Ut
1106 5143 1145 5199 te
1159 5122 1357 5222 opitulante
1371 5122 1419 5199 ita
1433 5124 1515 5199 fidei
1529 5123 1747 5203 nutrimento
1761 5153 1849 5226 pro·
1894 5157 1904 5180 ι

66 5234 71 5245 “
295 5222 360 5299 Eur
383 5224 442 5323 qui
458 5219 577 5300 fideles
605 5222 737 5324 semper
766 5227 911 5314 adiuvas
924 5226 992 5320 poi
1041 5223 1181 5298 ficiantr
1208 5240 1249 5296 ut
1274 5221 1449 5298 bonorum
1466 5246 1613 5321 operum
1635 5223 1762 5300 effectu
1778 5251 1848 5302 no·
1885 5243 1958 5300 100

308 5323 430 5419 puioss
454 5325 491 5394 ἃ
517 5345 748 5424 regeneratos
778 5324 840 5400 tibi
865 5322 1016 5399 conse-r
1039 5321 1166 5398 biscnm
1180 5319 1314 5420 pariter
1342 5321 1382 5395 ad
1398 5337 1435 5394 te
1450 5320 1704 5400 remuneraturi
1718 5348 1847 5421 perve-
1870 5343 1872 5348 '

178 5443 260 5496 cras
281 5419 473 5516 parvulos.
497 5421 677 5510 inclinatas
701 5423 738 5499 in
765 5425 834 5500 hoc
856 5420 989 5520 populo
1038 5420 1172 5496 niant.
1214 5419 1351 5496 Christe
1381 5420 1535 5502 Domine
1572 5446 1612 5498 ac
1638 5423 1847 5524 redemptor

181 5518 316 5614 perfice
342 5518 504 5595 sanitates
520 5544 530 5591 ι
545 5521 760 5637 ,repellendo
779 5520 992 5639 adversarias
1038 5524 1186 5596 eterne.
1315 5579 1317 5583 ,
1389 5615 1433 5640 ..
1590 5617 1599 5640 ι
1653 5619 1656 5626 ,

91 5641 144 5714 50
179 5619 783 5812 iiiiiisssirtpiirbuilinivmiicttiieeiiiiiiii
801 5621 991 5794 ,ἠιςιῃῑῗιςιιέο
1129 5607 1327 5796 Asthaliiriii
1340 5617 1724 5812 pgriiiiiciritiimcieiiciis
1750 5715 1848 5794 deie·'
1884 5721 1954 5812 105

179 5815 308 5891 ettonis
321 5836 382 5889 tue
395 5814 601 5893 celebritate
628 5819 817 5917 adoptivus
842 5825 876 5896 in
902 5843 987 5917 pace
1133 5818 1246 5892 &atis
1273 5813 1451 5893 oiscrimur
1478 5815 1541 5890 tibi
1563 5814 1717 5894 Domine
1732 5815 1847 5891 tanne

178 5913 334 6012 populus
351 5913 559 6015 amplietur.
607 5925 806 6007 iinrtruen.
1038 5919 1146 5990 Pater
1158 5937 1284 6011 corpus
1308 5911 1632 6010 &sanguinemfiiii
1652 5915 1725 5990 tui:
1754 5918 1851 6013 quod

1037 6011 1111 6110 ipse
1150 6007 1305 6114 placatur
1355 6007 1628 6093 benedicendum
1659 6015 1850 6093 adsumenss

1354 6109 1455 6194 cca
1771 6108 1848 6192 iar·
