4450 7209
672 708 941 801 OMNIUM
978 713 1467 797 ouruuruttuut:

774 846 1059 871 «ἡμιθανῆ-υ·
1075 846 1326 876 m·-

282 1145 425 1219 hrom
462 1142 614 1222 riasem
679 1145 802 1243 perse
899 1169 941 1222 cu
1004 1141 1036 1219 la
1061 1145 1095 1217 se
1145 1169 1186 1220 cu
1214 1143 1444 1221 lorum.(110
1771 1141 1800 1212 ri
1857 1166 1890 1214 a·

185 1244 204 1320 5
281 1252 325 1314 Et
329 1245 554 1340 prosequatur
568 1268 589 1314 a
603 1239 701 1318 choro
716 1241 821 1341 usqne
835 1244 870 1315 in
883 1239 945 1328 fin.
966 1258 1033 1339 per
1082 1267 1152 1341 pax
1166 1242 1359 1319 bominibus
1387 1246 1568 1321 nunciatur
1585 1287 1596 1312 ·
1622 1244 1755 1318 Bonam
1768 1237 1893 1332 quesu-

197 1386 204 1397 ι
228 1355 337 1413 totum
352 1362 473 1414 annunt
485 1357 601 1434 preter
623 1341 658 1410 in
673 1340 820 1414 aduentu
837 1342 972 1414 Domini
995 1344 1031 1416 in
1081 1365 1156 1418 mus
1174 1337 1392 1418 voluntatem
1421 1345 1518 1418 nobis
1534 1332 1666 1418 famulis
1682 1336 1752 1410 tulo
1773 1337 1808 1408 ἃ
1825 1359 1892 1430 ρο-
1918 1313 1970 1388 ⁶⁰

230 1441 406 1533 Quadrag.
424 1445 469 1514 cs
487 1439 521 1508 in
534 1435 786 1526 diebusferir‘s.
1093 1436 1182 1536 pulit
1210 1436 1481 1535 supplicantibus
1499 1441 1640 1517 tribues
1657 1452 1697 1509 nt
1713 1434 1756 1510 ab
1780 1432 1895 1506 omni.
1934 1446 1943 1460 ¹

292 1535 327 1605 N
350 1533 490 1609 excellis
506 1534 614 1611 Deo.
641 1535 684 1608 Et
711 1536 854 1614 interra
880 1561 948 1634 pax
977 1538 1043 1618 bo-
1092 1537 1155 1611 bus
1171 1561 1235 1613 noa
1264 1540 1406 1614 mundes
1424 1536 1776 1638 peccatis=&pacem
1801 1545 1897 1607 tuam

305 1632 451 1708 minibus
481 1632 572 1708 bone
605 1630 822 1710 voluntatis.
852 1636 1040 1717 Laudamus
1138 1632 1752 1738 rpetuamnobispropicius&omui
1779 1652 1896 1727 popu·

185 1743 206 1792 0
230 1753 294 1809 te·
319 1731 555 1807 Benedicimus
569 1750 631 1806 tc.
656 1735 854 1810 Adoratnus
870 1754 907 1810 te
921 1783 932 1807 .
945 1735 1039 1816 Glo-
1106 1733 1301 1836 elargiaris
1315 1784 1325 1807 .
1339 1750 1388 1832 ιιι.
1402 1744 1544 1813 Amen.

230 1829 404 1907 rificamus
417 1852 454 1907 te
470 1877 482 1902 .
501 1828 643 1905 Gratias
660 1834 795 1930 agimus
807 1832 869 1908 tibi
886 1858 1036 1932 propter
1222 1845 1273 1908 De
1286 1835 1424 1931 Natale
1437 1830 1757 1912 numitorem.
1922 1803 1973 1901 55

230 1953 390 2022 magnam
430 1928 577 2029 gloriam
607 1949 726 2005 tuam.
752 1936 905 2008 Domine
939 1934 1036 2011 Deus
1199 1934 1293 2009 Odie
1308 1934 1409 2008 nobis
1422 1936 1600 2016 thesaurus
1622 1947 1723 2005 natus
1739 1925 1788 2002 est
1805 1921 1897 1999 rho·

227 2028 308 2103 Rex
322 2025 464 2101 celestisa
484 2031 579 2102 Deus
595 2031 699 2104 Patet
713 2032 953 2126 omnipotens.
963 2039 1037 2110 Do·
1213 2033 1270 2105 die
1296 2032 1396 2109 uobis
1425 2031 1483 2110 lux
1506 2057 1551 2107 ex
1579 2048 1687 2106 utero
1718 2023 1893 2124 virginiae

232 2126 327 2200 mine
341 2125 403 2199 Fili
430 2126 609 2223 unigenite
619 2128 696 2205 lesu
709 2129 868 2204 Christe.
885 2129 1036 2210 Domine
1088 2153 1188 2224 quam
1207 2130 1343 2227 spiritus
1368 2131 1497 2229 ignivit
1514 2152 1634 2206 verum
1650 2126 1761 2199 lumen
1788 2144 1894 2218 appa·

187 2226 331 2303 5Deus
356 2250 463 2324 agnus
480 2225 550 2300 Dei
573 2222 676 2301 Filius
693 2229 833 2302 Patris.
863 2232 932 2322 Qi
946 2234 1039 2309 tollis
1089 2230 1184 2305 ruit·
1214 2228 1333 2304 Hodie
1345 2250 1504 2306 cecorum
1527 2221 1805 2301 medicunlumen
1833 2243 1896 2291 na·
1986 2248 1988 2253 ·

237 2322 925 2426 peecatamundi:misererenobisQi
943 2332 1040 2407 tollis
1092 2346 1149 2403 tus
1180 2330 1227 2403 est
1256 2374 1267 2397 .
1305 2327 1423 2401 Hodie
1455 2325 1716 2425 paraliticorum
1747 2315 1895 2395 sannas·
1924 2316 1978 2396 7ο

238 2443 380 2519 peccata
406 2423 522 2498 mundi
553 2448 563 2489 ι
601 2421 729 2521 suscipe
759 2426 1043 2521 deprecationem
1091 2425 1210 2504 Hodie
1238 2423 1401 2501 debilium
1427 2414 1899 2501 firmamentumainlitman-

233 2522 403 2599 nostram.
433 2523 503 2614 Qui
521 2522 616 2594 sedes
639 2525 682 2596 ad
709 2526 889 2600 dexteram
907 2529 1040 2606 Patrisa
1092 2525 1179 2601 tium
1195 2523 1329 2600 virtus.
1354 2525 1471 2598 Hodie
1501 2519 1709 2597 resurredlio
1734 2515 1897 2590 vivorum

232 2620 394 2695 miserere
423 2621 550 2694 nobis.
577 2620 752 2710 Quoniam
782 2644 820 2698 tu
850 2620 1040 2703 solusSan·
1091 2620 1256 2699 Salvator
1271 2623 1442 2698 advenit.
1471 2620 1589 2696 Hodie
1606 2619 1703 2692 nobis
1719 2612 1808 2687 inter
1833 2632 1900 2685 no·

185 2724 206 2776 0
229 2720 303 2795 ctus
320 2767 330 2787 .
348 2722 399 2791 Tu
417 2717 508 2794 solus
523 2718 720 2791 Dominus.
742 2722 794 2792 Tu
812 2718 903 2796 solus
921 2721 1041 2801 altiffi·
1090 2724 1178 2799 uem
1204 2720 1310 2793 nubes
1325 2720 1436 2819 ignita
1461 2719 1544 2796 lucis
1562 2717 1744 2815 apparuit·
1772 2709 1893 2787 Hodie

234 2839 307 2892 mus
319 2816 394 2893 lesu
410 2818 574 2890 Christe.
603 2817 693 2888 Cum
711 2817 837 2894 Sancto
852 2819 982 2920 Spiritu
1004 2825 1038 2898 in
1089 2818 1250 2901 Salvator
1274 2821 1391 2895 noller
1405 2820 1549 2896 advenit
1566 2847 1575 2888 a
1590 2836 1691 2911 quem
1718 2810 1900 2906 prophete
1928 2804 1976 2886 75

238 2910 352 3012 gloria
366 2917 433 2988 Del
450 2916 585 2989 Patris·
608 2919 742 2986 Amen·
1090 2938 1171 2995 ante
1197 2917 1429 3017 promiserant
1447 2947 1457 2990 a
1473 2941 1519 2991 erc
1535 2914 1644 2989 Maria
1660 2906 1805 3006 Virgine
1834 2931 1897 2982 na·

286 3019 388 3086 Dicar
414 3024 562 3089 iterum.
591 3014 659 3090 Pet
687 3013 803 3091 omnia
829 3014 963 3115 semper
987 3019 1040 3093 se·
1089 3018 1219 3095 scitur.
1247 3018 1363 3093 Hodie
1393 3016 1493 3093 nobis
1520 3014 1556 3087 in
1574 3011 1736 3107 presepio
1764 3006 1897 3099 positus

235 3110 309 3187 cula
326 3113 395 3181 &00
802 3122 946 3192 Oratio·
1090 3133 1264 3223 perpetue
1291 3115 1492 3191 Christianis
1506 3110 1697 3187 ollenditur
1722 3103 1897 3219 Qhrilluse

186 3219 206 3292 5
306 3212 452 3287 -Hrisle
478 3218 575 3302 cuius
612 3218 724 3293 virtus
748 3236 852 3315 atque
882 3222 1042 3321 potentia
1088 3225 1146 3321 qui
1163 3220 1359 3319 dixitcego
1374 3217 1443 3291 sum
1461 3212 1555 3312 panis
1570 3232 1673 3288 vetus
1686 3209 1758 3282 Der
1778 3205 1895 3317 quide

350 3331 482 3389 tantum
505 3312 1042 3411 inApostolotuotacoboerni·
1093 3319 1367 3399 celodescendi.
1391 3317 1500 3411 Siquis
1515 3332 1629 3388 autem
1654 3313 1699 3385 de
1723 3324 1811 3399 pane
1837 3303 1901 3379 ruo

234 3429 390 3518 cuntant
416 3411 449 3483 in
475 3415 684 3490 nominetuo
710 3417 835 3493 emine
864 3422 897 3495 se
923 3425 1047 3499 demo·
1093 3418 1376 3498 manducaveritr
1402 3439 1469 3490 nou
1494 3410 1620 3487 esuriet
1648 3409 1684 3484 iu
1715 3419 1898 3478 eternum·

233 3510 791 3606 ntorumcatervisepotentialiter
804 3523 966 3597 meruerit
981 3524 1047 3596 im.
1098 3536 1149 3608 132.
1163 3528 1275 3593 Amen
1290 3570 1301 3598 ,

235 3629 382 3702 peraret
409 3631 446 3681 tu
459 3607 641 3688 Ecclesiam
672 3630 763 3690 tuam
790 3619 833 3689 ab
860 3620 1046 3695 adversan-
1094 3610 1133 3695 nr
1151 3616 1423 3713 solemnitatibus
1452 3606 1740 3698 &innomtntn‘s
1769 3600 1902 3698 quando

185 3714 206 3765 0
237 3708 324 3818 tium
342 3708 604 3804 impugnatione
617 3714 765 3786 defende
782 3742 793 3786 ι
816 3713 948 3793 virtute
964 3720 1043 3817 Spi.
1159 3715 1365 3810 fistioitates
1382 3728 1577 3816 Martyrum
1596 3706 1830 3787 celebrantur·

236 3824 327 3876 rrtus
356 3809 580 3910 exuperando
607 3808 831 3888 adversarut
859 3813 949 3891 illius
977 3820 1043 3894 do·
1428 3818 1570 3890 oratio.
1840 3893 1847 3910 ι
1933 3787 1980 3881 85

236 3900 344 3976 cirine
360 3931 468 4000 opere
484 3905 656 4006 compleat
669 3939 679 3981 ι
693 3916 789 4001 cuius
804 3913 911 3991 hodie
926 3942 1041 3997 exem·
1178 3914 1357 3993 nudamus
1388 3932 1423 3988 te
1445 3911 1596 3987 Domine
1625 3931 1699 3983 cum
1718 3891 1866 3998 Angelss
1882 3921 1891 3962 =

237 4000 296 4098 pla
312 4006 367 4098 pie
386 4006 545 4096 passionis
560 4010 712 4084 honorat
727 4058 738 4082 .
764 4022 812 4106 ¹3²·
828 4018 966 4091 Amen.
1195 4015 1428 4088 benedicimur
1444 4033 1571 4087 tecum
1600 4000 1788 4080 virtutibus
1822 3994 1898 4067 san·

375 4110 414 4172 In
428 4107 574 4179 aduentu
589 4110 901 4188 Domini-Oratio.
1088 4110 1180 4187 cus.
1203 4111 1447 4189 Glorilicamus
1477 4131 1555 4189 cum
1582 4098 1814 4202 potestatibus
1839 4091 1896 4163 su·

188 4204 205 4275 5
351 4198 414 4273 Eur
437 4204 494 4295 qui
523 4228 586 4297 per
600 4205 790 4304 Angelicos
817 4213 948 4293 choros
976 4212 1037 4290 ad·
1088 4209 1232 4308 pernis.
1256 4212 1296 4286 Et
1321 4211 1379 4306 qui
1407 4229 1443 4285 te
1469 4206 1597 4304 opifice
1623 4219 1796 4292 martyres
1817 4214 1889 4304 uos¹

361 4318 501 4373 ventum
517 4298 577 4375 lilii
606 4303 656 4376 tui
675 4304 814 4381 Domini
842 4313 948 4387 nostri
960 4314 1040 4391 tetu
1087 4308 1261 4386 subsistere
1276 4333 1343 4384 non
1357 4308 1558 4384 desinimusa
1577 4300 1671 4377 redte
1688 4299 1824 4372 honore
1840 4307 1891 4361 tut
1928 4299 1983 4374 90

1931 3274 1981 3353 do

233 4396 360 4470 Christi
375 4398 581 4472 annunciare
597 4401 745 4478 voluisti:
758 4408 814 4498 qui
866 4433 906 4485 er
920 4418 1041 4509 Ange·
1090 4406 1237 4485 nominis
1256 4406 1474 4505 perofficium
1490 4420 1646 4480 creature
1659 4393 1816 4474 creatrici
1832 4406 1892 4499 tue·

236 4490 350 4570 lurum
365 4498 531 4592 preconia
547 4496 698 4595 gloriam
713 4505 745 4574 in
758 4436 899 4583 excelsis
913 4511 1040 4582 Deozdt
1089 4507 1252 4603 potentie
1282 4530 1350 4578 non
1379 4525 1564 4604 negamusr
1583 4521 1648 4594 pro
1664 4519 1733 4588 qua
1759 4513 1796 4564 te
1824 4486 1893 4557 ttht

239 4592 275 4664 in
292 4611 385 4667 terra
400 4618 521 4690 pacem
534 4595 727 4671 hominibus
746 4597 838 4674 bone
851 4602 1040 4680 uoluntatis
1089 4627 1156 4677 not
1183 4603 1288 4677 facito
1318 4603 1411 4677 bone
1441 4595 1637 4674 voluntatis
1664 4610 1725 4667 tue
1754 4583 1891 4696 placete

186 4699 208 4748 ⁰
241 4689 506 4767 adclafflafltlbffi
519 4695 771 4770 demonstrastlt
785 4702 939 4777 concede
951 4720 990 4776 ut
1006 4702 1040 4775 in
1090 4699 1299 4777 servicium·
1327 4701 1369 4774 Et
1384 4698 1441 4774 vel
1469 4697 1505 4770 in
1522 4691 1605 4769 celia
1630 4712 1707 4765 cum
1724 4678 1897 4794 Angelus

241 4791 340 4876 hujus
354 4790 822 4870 Dominiceliesurredlionis
839 4800 1040 4876 festivitate
1090 4795 1201 4874 &vel
1229 4798 1262 4869 in
1294 4796 1395 4871 tern's
1422 4819 1497 4869 cum
1524 4786 1717 4865 hominibus
1750 4779 1893 4884 pacifice
1927 4802 1978 4880 95

238 4912 307 4984 pax
325 4890 424 4965 terris
440 4893 575 4964 reddita
599 4888 818 4973 convalescat
836 4926 846 4973 ς
861 4901 899 4972 &
914 4900 1040 4972 frater.
1090 4893 1278 4994 aglutinari
1292 4892 1325 4967 in
1339 4914 1396 4973 tua
1409 4887 1666 4992 glorificatione
1679 4882 1722 4955 ad
1732 4874 1898 4954 sconsum.

236 5009 285 5058 ne
305 4987 502 5064 dilectionis
517 4989 686 5064 charitate
710 4989 878 5074 innovata
905 5019 1042 5095 permar·
1093 5008 1145 5091 uc
1165 5003 1301 5067 Amen.

236 5105 341 5158 neat·
365 5102 413 5182 bs
430 5094 566 5163 Amen.
644 5178 648 5184 ,
1133 5089 1305 5166 urrunnu
1317 5088 1446 5183 Pafcbe
1459 5083 1529 5186 poll
1536 5080 1653 5186 gloria
1667 5081 1701 5154 in
1716 5069 1880 5166 cxcrlfis·

186 5186 204 5256 5
288 5193 323 5255 sn
331 5180 659 5274 solemnitatibus&
676 5184 896 5271 tnnontnicts
913 5194 1045 5293 quando
1425 5189 1565 5263 Oratio.

197 5277 262 5371 's
259 5274 441 5362 estivitates
452 5295 642 5382 Martyrum
659 5283 897 5373 celebrantur.
1193 5285 1243 5363 lbi
1294 5285 1440 5387 gloriam
1494 5280 1705 5361 concinimus
1748 5271 1900 5386 Domine
1938 5294 2012 5349 100

294 5384 411 5452 orario
426 5431 436 5454 .
453 5382 578 5458 Gloria
590 5386 700 5459 nollta
717 5386 837 5468 Deus.
1203 5389 1299 5462 Deus
1328 5389 1443 5461 noller
1467 5411 1476 5454 a
1501 5404 1663 5476 tuamque
1707 5391 1902 5485 potentiam

292 5482 409 5575 Qert
427 5477 552 5571 infesto
568 5484 681 5558 tanus·
697 5484 871 5569 Clementis
882 5488 935 5581 fo.
948 5497 1017 5563 stt.
1123 5484 1327 5563 ollulamusa
1343 5504 1380 5559 ut
1395 5484 1479 5556 licut
1496 5477 1680 5577 pronubis
1706 5492 1903 5567 peccatori·

301 5582 339 5645 In
355 5578 654 5656 casurusne&
671 5585 959 5680 incircumcisum
975 5634 988 5663 ·
1095 5514 1159 5662 lus
1188 5587 1348 5683 dignatus
1373 5608 1410 5657 es
1425 5581 1512 5658 tuoti
1531 5582 1589 5653 a&
1614 5572 1818 5652 clarificatus
1846 5568 1902 5640 se·

185 5683 209 5734 0
571 5681 717 5755 &atlo-
990 5754 1008 5765 ,
1096 5687 1210 5760 cundo
1227 5685 1301 5778 poll
1315 5682 1456 5754 tertium
1476 5679 1565 5752 dictu
1579 5667 1903 5779 apparuistiinglo·
1967 5774 1970 5779 Ι

345 5772 395 5848 lbi
413 5773 545 5872 semper
557 5772 709 5852 Domine
723 5780 868 5880 gloriam
881 5784 1048 5882 omnipo·
1097 5780 1149 5859 r'ia
1165 5779 1443 5861 Resurrediionis
1459 5803 1468 5846 r
1482 5776 1534 5853 ita
1556 5800 1617 5872 per
1634 5795 1670 5865 te
1683 5770 1831 5845 absoluti
1863 5790 1897 5837 ιιι
1939 5782 2007 5873 ιος

354 5894 431 5947 tent
445 5874 520 5959 lesu
534 5873 667 5948 Chrllle
682 5905 692 5947 τ
707 5887 801 5969 cuius
821 5884 854 5957 in
869 5882 948 5960 celo
961 5890 995 5959 dt
1013 5887 1049 5957 in
1097 5903 1136 5956 te
1153 5904 1343 5956 mereamur
1355 5878 1481 5951 habere
1496 5894 1700 5972 perpetuum
1717 5867 1874 5968 gaudium
1891 5892 1904 5934 r

241 5990 335 6045 terra
350 5971 464 6048 laudes
481 5972 664 6056 :wulrffio
678 6002 856 6075 permanet
871 5986 973 6059 adum
986 5979 1053 6059 tibi
1101 5978 1152 6053 ita
1174 6002 1212 6055 ut
1231 5977 1331 6052 nobis
1346 5977 1511 6071 procedit
1530 5998 1615 6049 vere
1632 5965 1905 6048 Resurreoronu

241 6066 360 6168 gloria
382 6069 575 6161 inexcelsis
601 6073 932 6181 decantaturc&iu
954 6101 1050 6161 terta
1104 6075 1299 6181 exemplum
1313 6088 1389 6174 ἀμ.
1403 6081 1542 6154 Auen.
1807 6169 1859 6243 D,
1896 6178 1913 6237 t

1205 6186 1210 6199 ·
1841 6188 1894 6242 rea
