4450 7209
422 807 455 816 „.
573 704 1395 812 SANCTISAtURNINH
1475 809 1477 814 ,
1783 717 1831 808 η

165 817 294 893 clebus
309 809 384 914 'agit
397 805 599 907 martyrium
622 812 770 888 devotus
783 809 970 909 irnplevita
1352 805 1498 884 niueo.
1545 905 1549 913 Ι
1848 824 1922 906 ‘55-

167 935 206 988 ut
222 939 283 1009 per
302 908 521 986 eminentiam
544 907 679 993 iustitia:
694 930 798 1002 atque
816 905 970 982 victoria
1138 905 1263 1004 ignum
1284 909 1320 980 de
1343 904 1464 992 iustum
1477 907 1547 980 esta
1576 906 1744 1006 optimum
1758 907 1838 984 sane

168 1007 491 1084 reremaneret&
515 1005 743 1079 antima-111
769 1027 841 1096 quo
864 1005 976 1103 profi·
1155 1005 1203 1074 est
1230 1053 1243 1090 ,
1276 1000 1439 1097 nobisque
1477 1001 1610 1098 speciali
1640 1005 1850 1082 devotione·

34 1126 49 1145 ‘
173 1107 263 1180 ciens
288 1103 369 1177 fidei
393 1100 571 1187 latitudo,
593 1102 676 1176 dum
698 1099 894 1176 cathedram
919 1100 974 1172 su·
1024 1099 1237 1199 praecipuum
1265 1125 1274 1164 ι
1306 1117 1345 1174 ut
1371 1095 1436 1173 tibi
1448 1099 1610 1186 ¹Domine
1636 1105 1845 1180 incessanter
1984 1099 1990 1110 ’

118 1218 144 1296 ‘5
171 1201 276 1298 scepit
290 1197 503 1282 sanctitatis,
532 1188 698 1270 coronam
721 1196 837 1290 rapuit
849 1198 977 1292 paffio·
1026 1196 1156 1295 gratiae
1186 1222 1196 1264 a
1219 1194 1300 1268 dum
1323 1215 1495 1290 martyres
1527 1218 1606 1274 tuor
1633 1197 1841 1280 mirabiliter

170 1299 220 1371 nic
242 1346 254 1366 .
279 1295 413 1372 Probus
440 1294 484 1367 ad
519 1292 667 1365 officinm
695 1293 908 1387 :improbus
934 1293 978 1365 ad
1026 1289 1217 1368 excolimus
1231 1291 1438 1366 reseramus·
1461 1295 1584 1390 Neque
1609 1299 1700 1374 eninr
1714 1295 1841 1370 Domi·
1870 1301 1925 1374 6o

170 1393 412 1488 triumphum.
449 1388 543 1461 Dum
579 1391 721 1486 ungitur
757 1387 982 1463 consecrante
1032 1411 1078 1460 ne
1099 1383 1260 1462 diabolici
1278 1387 1586 1484 suroririmpetum
1605 1393 1842 1468 humanaesra-

172 1491 269 1598 dum.
298 1486 471 1561 occiditur
497 1482 737 1563 consecratur·
775 1483 875 1594 lfriua
899 1482 984 1558 fidei
1057 1481 1378 1597 ‘litatisin'firmitas
1405 1485 1579 1560 sustineret
1602 1515 1613 1557 a
1641 1492 1701 1562 nisi
1723 1490 1841 1572 'subie-

110 1705 147 1756 ,ο
172 1579 875 1773 atltllnffnatssblente:
895 1579 987 1750 Εἰ·
1027 1584 1839 1774 nnellus?estletzssffllsqsss‘tlfl

172 1777 225 1854 ait
237 1779 282 1850 ad
309 1771 464 1847 laudem=
492 1793 578 1868 quoa
606 1772 739 1846 erudiat
754 1774 797 1845 ad
815 1768 982 1845 salutem.
1029 1772 1163 1844 firmata
1175 1769 1341 1844 dodrinir
1357 1769 1559 1852 imbecillum
1582 1775 1764 1852 habitaculi
1788 1775 1838 1849 sui
1871 1784 1917 1870 ές

172 1866 362 1946 Ambulann
374 1891 462 1941 vere
474 1870 518 1939 de
529 1866 714 1942 virtutibus
738 1867 774 1938 in
789 1865 981 1945 virtutem·
1029 1865 1240 1941 domicilium
1249 1867 1329 1940 fidei
1342 1870 1525 1945 munimine
1539 1873 1734 1949 roboraret.
1747 1874 1837 1944 Nam

171 1970 218 2040 Ut
233 1963 292 2061 qui
316 1963 583 2041 conversatione
609 1961 805 2037 contulerat
841 1963 980 2037 intelle·
1027 1986 1105 2036 cum
1118 1963 1294 2060 prasentia
1308 1963 1463 2038 antistitis
1489 1967 1540 2040 tui
1555 1970 1591 2042 δι
1605 1970 1838 2064 martyricSa-

175 2061 301 2135 stum:
330 2061 504 2135 conferret
540 2057 826 2135 consummatione
862 2059 979 2144 suffra·
1027 2059 1154 2132 turnini
1169 2058 1304 2157 garrula
1321 2062 1505 2136 demonum
1531 2062 1716 2156 loquacitas
1729 2063 1833 2138 saluis·

103 2182 144 2254 ³5
176 2160 291 2257 gium-
317 2159 485 2232 Obtineat
509 2152 616 2250 igitur
628 2156 722 2228 Deua
745 2157 879 2228 Summe
892 2156 981 2251 apud
1028 2153 1104 2226 seta
1134 2180 1243 2250 neque
1267 2154 1389 2229 solutis
1405 2155 1556 2232 laxarent
1570 2186 1632 2237 ora
1662 2159 1833 2236 fallaciis·

174 2254 445 2329 redaremiseria
457 2246 702 2344 indulgentiam
716 2249 982 2346 postdelidluma
1028 2253 1070 2323 ad
1084 2277 1157 2326 aras
1170 2257 1352 2337 demonum
1366 2241 1544 2330 horrebdo
1557 2257 1696 2354 gentilis
1710 2255 1832 2353 populi
1870 2257 1921 2354 76

174 2353 233 2445 qui
247 2351 375 2425 metult
403 2345 731 2444 postSacerdotium
751 2347 868 2438 subire
889 2372 980 2444 marff
1028 2345 1149 2421 furore
1165 2345 1356 2444 pertractus
1377 2351 1450 2422 esta
1478 2353 1514 2426 dr
1540 2376 1617 2427 eum
1643 2352 1841 2430 sacrificare.

174 2447 325 2542 tyrium.
534 2458 536 2461 ’
1029 2444 1150 2517 mortis
1177 2443 1455 2520 interminatione
1483 2444 1753 2549 compulerunt.
1776 2446 1837 2520 Ad

129 2575 137 2580 ·
223 2546 431 2631 gaAnrenl
1028 2544 1123 2625 cuiun
1139 2541 1314 2637 imperium
1342 2547 1488 2637 repressa
1507 2545 1687 2623 demonum
1699 2543 1839 2618 suorum

103 2663 146 2715 20
1030 2633 1161 2712 fallacia
1187 2635 1366 2711 iiluiss'enta
1393 2639 1450 2732 qui
1476 2663 1551 2717 cum
1579 2659 1778 2737 correptum
1794 2637 1838 2713 ad
1909 2655 1910 2660 ’

379 2726 618 2816 Postumiae}
646 2738 791 2812 orario.
1029 2731 1245 2829 Capitolium
1271 2733 1464 2807 ducerenta
1488 2741 1524 2812 bl
1547 2736 1661 2812 sandi
1684 2735 1842 2833 Spiritus·
1870 2757 1921 2838 ῃ

104 2855 114 2874 ·
1029 2827 1126 2905 dono
1163 2830 1356 2926 presentem
1383 2832 1515 2927 peritur
1552 2825 1662 2908 carnis
1682 2832 1839 2904 exitium

290 2925 511 3021 Ominelesu
536 2929 693 3004 Christe:
720 2930 780 3024 qui
798 2951 836 3001 ea
864 2926 983 3003 ineffa2
1029 2949 1100 3002 nou
1116 2944 1259 3022 paveret
1276 2953 1297 2995 a·
1315 2944 1353 3001 te
1381 2951 1483 3003 unum
1509 2929 1545 3000 in
1570 2927 1741 3026 Trinitate
1757 2927 1839 3004 Do·
1981 2951 1982 2959 ¹

300 3024 377 3100 bilia
403 3024 571 3099 bouitas:
602 3032 638 3101 dt
664 3026 792 3100 invida
808 3026 979 3122 potestate
1023 3022 1157 3096 'minum
1181 3022 1364 3096 consterit
1390 3023 1426 3094 in
1453 3041 1549 3098 tanta
1575 3021 1737 3122 perverse
1764 3020 1839 3118 plr-

99 3141 140 3211 25
174 3151 246 3222 pro
260 3132 360 3212 cujus
374 3119 741 3197 nomiue'beatissimuc
756 3123 981 3210 Saturninus,
1027 3120 1080 3192 bis
1105 3118 1275 3194 seditione
1300 3137 1369 3189 non
1388 3117 1533 3193 timuit.
1562 3119 1620 3194 Ad
1643 3123 1738 3202 cujus
1752 3140 1837 3192 con-

172 3217 301 3299 Praesul
322 3223 357 3292 dc
373 3222 535 3308 Martyre
559 3219 639 3292 dum
656 3219 754 3292 litare
771 3218 838 3290 aris
863 3219 1009 3293 demon
1029 3214 1181 3292 stantiam
1197 3214 1310 3290 acrior
1334 3215 1479 3300 nefande
1502 3214 1764 3294 vociferationis
1782 3230 1837 3288 tu·
1872 3219 1920 3292 do

173 3318 262 3390 nicis
274 3317 416 3388 renuite
444 3312 487 3383 ad
498 3312 710 3408 Capitolium
723 3340 742 3388 a
757 3313 865 3386 turbis
878 3335 985 3391 attra·
1029 3311 1153 3388 multus
1169 3311 1314 3386 exardet
1338 3309 1373 3380 in
1387 3333 1506 3388 necem
1526 3311 1705 3387 beatiffimi
1717 3317 1836 3390 Sacer-

173 3414 298 3487 bitura
325 3404 535 3499 furentisque
561 3412 647 3485 tauri
675 3410 712 3484 su
736 3407 839 3506 plicio
863 3412 988 3486 conse«
1030 3408 1124 3484 dotia
1139 3407 1276 3482 cunctus
1299 3406 1443 3505 populus
1457 3409 1559 3487 unico
1588 3409 1735 3484 clamore
1749 3429 1838 3481 con·

173 3525 318 3583 cratur.
343 3523 383 3580 tu
409 3511 482 3592 rjus
514 3507 645 3578 meritis
671 3529 696 3579 o
745 3507 889 3584 rentium
928 3508 982 3583 su·
1029 3506 1156 3603 spirat·
1180 3505 1289 3593 Cujus
1304 3503 1408 3601 pedet
1425 3507 1582 3603 protinus
1598 3502 1741 3580 vinculis
1755 3502 1836 3575 inli-

95 3623 141 3692 3o
175 3604 390 3700 seipevotaa
416 3605 452 3676 δι
468 3623 585 3675 omnen
600 3602 635 3676 in
650 3625 828 3678 commune
840 3627 908 3697 pro
924 3621 987 3702 tua
1032 3618 1178 3699 gantrra
1196 3603 1240 3674 ad
1255 3601 1447 3698 posteriora
1465 3605 1553 3678 tauri
1568 3625 1669 3695 quem
1695 3595 1833 3674 victime
1915 3645 1918 3652 ·

170 3699 415 3788 Jullificatione
451 3699 688 3774 communica.
710 3702 794 3790 Qu
831 3701 983 3774 exauditi
1030 3716 1300 3794 procuraverant
1319 3699 1462 3775 nefanda
1486 3697 1624 3773 nederc
1639 3696 1836 3771 temeritate
1872 3700 1919 3794 85

171 3820 245 3892 pro
257 3794 360 3868 nobis
379 3791 534 3890 requiem
564 3795 667 3868 etiam
693 3798 784 3893 apud
803 3811 839 3870 te
855 3817 985 3874 merea·
1035 3817 1108 3869 non
1130 3793 1328 3886 trepidant:
1354 3818 1497 3893 eumque
1523 3793 1710 3871 acrioribus
1724 3791 1841 3866 stimu·
1917 3787 1923 3798 “

173 3916 252 3966 mur
264 3892 450 3984 impetrare
465 3887 642 3988 desundli3
763 3907 775 3920 ”
1031 3887 1073 3963 liu
1102 3890 1354 3965 uerberatum:
1392 3893 1427 3963 δι
1464 3890 1689 3965 multitudinis
1715 3886 1840 3963 clarno-

226 4001 277 4082 μ
291 3990 433 4060 Amen.
736 4039 739 4042 -
1031 4007 1073 4059 re
1097 3984 1289 4058 succensum
1315 4009 1379 4082 per
1401 3991 1527 4082 gradus
1549 3988 1668 4082 quibus
1692 3984 1841 4079 Capito·

93 4098 140 4168 35
1030 4079 1115 4156 lium
1129 4081 1399 4155 descendebatur·
1412 4083 1510 4158 rurba
1526 4081 1735 4180 precipitat·
1764 4083 1856 4156 Sta·.

396 4175 610 4278 adpeteret·
630 4182 771 4255 oraru:
1035 4181 1162 4273 timque
1177 4177 1270 4251 inter
1285 4176 1373 4276 ipsos
1388 4180 1565 4272 primordii
1585 4179 1730 4277 gradus:
1756 4199 1842 4251 con·
1873 4201 1925 4279 9⁰.

648 4318 651 4327 ν
1035 4274 1150 4350 stadia
1164 4273 1284 4368 capitis
1296 4277 1515 4375 compagibus
1526 4275 1634 4351 soluta
1645 4273 1774 4346 cerebri
1790 4275 1842 4346 in·

281 4370 397 4445 Hrisse
420 4374 515 4446 Deus
537 4374 690 4451 omniurn
714 4373 897 4473 gratiarum
921 4370 990 4449 lari
1037 4389 1138 4445 terna
1151 4367 1336 4444 uituliunt.
1360 4370 1542 4469 Nec-priua
1555 4371 1702 4446 lacerum
1717 4383 1843 4465 corpus

94 4577 146 4649 ,ο
178 4469 662 4641 nnaltnlltlnt
682 4471 992 4640 tibulli?
1037 4466 1561 4638 nullunuunruu
1584 4467 1751 4542 fl”⁶*²¹⁰¹³⁵

183 4662 369 4734 cerdotem
381 4659 571 4734 instituisti.
595 4663 652 4733 Ad
664 4665 759 4746 culus
774 4663 988 4758 praedicatio.
1036 4659 1286 4750 victricemque
1312 4656 1453 4734 animam
1479 4655 1678 4755 &gloriosa
1704 4653 1840 4750 profes·
1859 4641 1863 4650 ’
1873 4661 1926 4754 95Ι

177 4777 262 4831 nem
288 4758 568 4848 atqueuirtutenr
600 4755 649 4829 ita
674 4782 735 4838 ora
746 4758 928 4836 demonum
946 4760 988 4832 ss·
1034 4756 1131 4830 fion'e
1154 4752 1347 4828 sublimema
1368 4758 1411 4831 ad
1438 4756 1537 4830 beate
1565 4752 1652 4826 sedit
1674 4751 1843 4825 amenita-

180 4847 322 4922 luerunt
335 4879 347 4921 a
361 4870 400 4925 ut
414 4853 448 4924 se
464 4849 710 4926 consulentium
725 4852 910 4931 cultoribus
921 4855 988 4929 suia
1036 4872 1108 4926 tem
1122 4851 1319 4923 tendentem
1334 4878 1344 4918 a
1369 4853 1403 4923 in
1417 4850 1576 4928 Habrahe
1599 4846 1844 4942 suscipiendam

180 4945 332 5019 obstrusa
358 4945 464 5020 veluti
482 4946 633 5022 absentia
657 4946 908 5042 probarentur.
932 4953 985 5020 Tu
1065 4948 1176 5022 remio
1188 4947 1320 5020 securus
1334 4948 1467 5022 emisit.
1494 4947 1592 5021 Unde
1614 4943 1840 5016 meritoeun-
1953 5027 1961 5034 ‚

97 5057 146 5130 45
182 5054 247 5115 ora
259 5039 372 5115 nostra
397 5043 564 5138 preconio
578 5067 660 5117 vere
677 5047 989 5138 predicationisac-
1095 5067 1111 5114 a
1148 5039 1207 5114 ille
1234 5039 1385 5138 angelice
1408 5039 1685 5141 congregationis
1710 5037 1860 5111 exerci·‚

185 5137 356 5306 {illini
369 5136 989 5326 {lntln³¹¹llt‘³⁰nlulli:
1018 5158 1134 5311 {3212
1149 5135 1843 5312 {ultetzillzslltnn‘zlttni
1875 5145 1948 5234 '¹⁰²

182 5323 416 5404 monumento
451 5327 723 5405 convalescamus
750 5335 793 5405 ad
816 5264 989 5410 inuelem
1041 5332 1259 5428 magnificare
1274 5351 1345 5404 non
1356 5332 1500 5406 delinita
1516 5329 1724 5430 proclamans
1737 5333 1841 5418 atque¹

182 5446 260 5515 quo
273 5427 352 5496 dum
369 5449 505 5520 eaquae¹
522 5426 737 5521 praedicamus
761 5427 992 5505 sermonibus:
1041 5429 1090 5504 ita
1102 5428 1241 5500 dicens.
1293 5507 1296 5514 ,

103 5535 150 5608 ιο
186 5543 299 5613 opere
313 5518 595 5613 impleverimuar
620 5524 662 5594 ad
676 5541 711 5593 te
723 5523 779 5616 qui
796 5548 832 5598 es
841 5526 992 5600 retribu·
1090 5527 1192 5597 Dicat
1205 5522 1347 5596 chorus.
1372 5524 1535 5600 Sanetus.

184 5617 440 5700 torjullissimru
452 5618 521 5695 fine
535 5618 732 5694 confusione
742 5622 992 5720 perveniamus.
1309 5619 1386 5707 Post
1401 5621 1558 5694 umbus.
1607 5631 1610 5636 ’
1877 5615 1948 5716 a'o5j

181 5715 324 5789 Amen.
875 5719 880 5725 '
1088 5790 1092 5796 ,
1151 5715 1214 5790 Ere
1239 5717 1394 5792 sanciunt
1450 5714 1621 5792 loriosusa
1663 5725 1786 5808 potens
1807 5711 1844 5782 &

1174 5813 1372 5904 admirabilis
1419 5742 1603 5890 boninus,
1631 5809 1744 5884 noller
1789 5811 1847 5882 le·

983 5937 986 5942 ¹
1030 5905 1094 6005 rsus.
1157 5910 1309 6006 caristus
1373 5905 1478 5980 Filius
1551 5924 1629 5985 tuus
1667 5905 1846 6003 mulus
1996 5923 1997 5926 ’

143 6081 156 6106 .
284 5998 526 6101 unum
1232 5999 1292 6010 ··
1401 6006 1437 6081 u
1669 6089 1673 6098 ,
1762 6019 1847 6080 coa

1489 4589 1513 4636 o
1528 4561 1676 4636 membra
1689 4561 1841 4633 laxaret.
