4450 7209
530 752 686 834 POST
713 752 1015 833 ocrnvAs
1053 750 1441 833 EPIPHANIE.
1754 754 1805 843 ὅς’
1893 762 1900 773 ’

101 862 117 875 “’
158 854 273 937 aulem
295 850 387 930 illum
411 851 476 925 else
504 852 540 925 in
567 855 735 930 comitatu
760 879 769 918 ι
790 868 959 927 venerunt
1003 852 1165 928 dentium
1180 853 1307 927 viscera
1335 843 1510 923 invisibilis
1531 864 1671 923 creator
1685 844 1823 947 ingre-⁹
1842 876 1886 947 55

163 958 228 1030 iter
252 954 368 1025 diei&
384 950 601 1043 requirebant
616 975 691 1027 eum
714 950 805 1022 inter
830 973 959 1045 cogua-
1006 949 1099 1022 ditur
1116 974 1126 1015 a
1142 948 1198 1043 qui
1209 950 1251 1021 ad
1263 950 1332 1020 hoc
1346 947 1465 1018 inferri
1480 945 1541 1016 sibi
1555 948 1719 1042 imperata
1736 970 1802 1041 que

162 1072 238 1127 tos·
266 1050 308 1122 Et
329 1071 397 1119 non
423 1047 638 1121 invenientes
665 1046 803 1141 regrelsr
824 1044 907 1115 sunt
926 1044 960 1116 in
1008 1042 1164 1118 dicarit.
1197 1048 1242 1116 Ut
1268 1047 1310 1117 ad
1340 1040 1479 1115 salntem
1504 1046 1646 1114 nostram
1672 1039 1728 1116 illa
1746 1066 1804 1113 re·

162 1142 369 1218 Hierusalem
396 1146 609 1237 requirentes
640 1146 739 1213 etim.
767 1142 808 1211 Et
835 1140 960 1213 sactum
1009 1144 1134 1216 deante
1162 1153 1228 1232 que
1259 1140 1423 1233 requirit:
1449 1140 1484 1209 δι
1502 1138 1544 1207 ad
1559 1138 1804 1211 beatitudinem

115 1263 135 1334 5
161 1240 204 1313 est
227 1241 300 1333 post
324 1238 500 1311 triduum:
527 1238 733 1309 invenerunt
762 1236 798 1307 in
828 1234 960 1329 templo
1007 1234 1064 1311 illa
1077 1234 1261 1330 proficiant
1284 1233 1543 1326 quepromifit.
1570 1236 1765 1322 132.Amen.

159 1338 330 1411 sedentem
340 1335 373 1405 in
384 1335 498 1408 medio
513 1332 695 1409 doslorum
710 1330 900 1404 audientem
916 1328 957 1402 il·
1058 1334 1128 1405 Per
1141 1330 1402 1403 mirericordiam
1417 1330 1516 1421 ipsius
1526 1328 1650 1399 Clrrilii
1661 1329 1727 1400 Dei
1738 1354 1805 1401 no·
1840 1334 1891 1407 60

158 1430 210 1506 los
240 1436 277 1505 δι
305 1431 602 1527 interrogantem.
622 1427 812 1521 Stupebant
842 1446 958 1501 autem
1010 1427 1065 1499 stri
1082 1423 1139 1519 qui
1166 1448 1241 1497 cum
1258 1428 1362 1497 Patre
1380 1421 1697 1517 &SpiritnSanslo
1717 1448 1804 1497 unus

158 1552 272 1603 omnes
287 1528 344 1620 qui
359 1551 435 1599 eum
459 1527 661 1600 audiebantt
685 1524 783 1617 super
809 1525 958 1619 pruden·
1009 1522 1104 1595 Deus
1119 1519 1259 1593 vivit&
1277 1539 1398 1617 regnat
1412 1520 1448 1591 in
1463 1514 1571 1601 secula
1583 1518 1803 1607 seculorum.

162 1626 209 1697 tia
229 1622 440 1715 &responsis
457 1629 529 1707 ejus
548 1669 558 1689 .
584 1622 627 1693 Et
642 1619 800 1692 videntes
813 1621 958 1693 admira·
1008 1634 1057 1713 132.
1067 1623 1195 1693 Amen.

70 1756 90 1811 χ
111 1744 130 1794 ο
158 1720 185 1789 ti
202 1720 304 1792 sunt.
329 1720 371 1791 Et
388 1717 476 1791 dixit
490 1736 596 1788 mater
606 1721 678 1800 ejus
692 1717 733 1789 ad
748 1713 840 1792 illum
855 1764 865 1786 .
881 1716 955 1789 Filia
1293 1713 1381 1787 Alia
1396 1718 1536 1790 orario.

154 1815 235 1909 quid
250 1812 353 1885 fecisti
379 1814 477 1886 nobis
496 1814 574 1883 lic?
597 1812 682 1886 Ecce
697 1829 798 1905 pater
820 1814 948 1885 tuus&
1106 1810 1171 1883 lius
1190 1832 1289 1904 quem
1325 1812 1418 1887 omni
1445 1829 1600 1907 tempore
1633 1808 1808 1885 colere&
1841 1815 1888 1906 65

156 1935 227 2009 ego
240 1910 397 1985 dolentes
408 1908 627 2001 querebamus
641 1928 702 1978 te·
729 1910 769 1979 Et
786 1908 833 1979 ait
853 1910 893 1979 nd
910 1906 951 1978 il·
1121 1906 1260 1981 laudate
1277 1908 1346 1981 fine
1359 1910 1610 1980 intermissione
1626 1906 1808 1979 debemus.
1884 1902 1891 1909 ’

160 2005 233 2079 los.
257 2006 350 2095 Qid
366 2007 519 2095 estquod
547 2026 599 2077 me
626 2003 818 2095 querebatis
838 2008 853 2073 ἓ
880 2006 952 2075 Ne·
1002 2006 1105 2077 Dona
1123 2023 1160 2076 ut
1177 2021 1342 2095 quatenus
1359 2005 1531 2098 perpetim
1554 2002 1723 2075 serviendi
1743 2026 1806 2073 cu·

160 2104 351 2177 sciebatis=
390 2102 466 2193 quia
505 2100 539 2170 in
575 2098 624 2169 his
650 2122 715 2189 que
750 2099 855 2190 patris
887 2100 953 2170 mei
1002 2123 1074 2174 ram
1089 2123 1151 2190 per
1167 2094 1410 2195 negligentiam
1425 2124 1495 2173 non
1519 2096 1804 2191 implemustsal-

104 2220 138 2295 ις
163 2202 269 2274 sunta
311 2196 456 2291 oportet
485 2220 536 2269 me
550 2196 640 2267 else.
669 2194 711 2265 Et
736 2192 796 2287 ipli
819 2195 955 2272 nonin·
1008 2215 1077 2269 tem
1092 2195 1345 2267 Dominicorum
1366 2196 1497 2268 dierum
1518 2193 1802 2268 festivitatcmdi-

166 2296 372 2369 rellexerunt
412 2294 514 2367 verba
550 2312 616 2379 que
655 2287 790 2363 locutus
831 2293 878 2363 est
914 2292 956 2363 ad
1006 2290 1167 2385 ligenrius
1192 2289 1410 2364 excolamus.
1432 2292 1544 2363 Cedat
1574 2311 1652 2361 tura
1678 2286 1800 2362 seculi:
1839 2314 1889 2389 7⁰

166 2391 261 2465 illos.
285 2394 326 2463 Et
340 2385 514 2459 descendit
528 2406 604 2459 cum
627 2385 699 2457 eis:
726 2389 761 2457 δι
777 2389 871 2457 venir
884 2387 955 2457 Na·
1002 2405 1120 2480 pereat
1134 2386 1230 2459 causa
1252 2387 1411 2479 peccati..
1433 2383 1663 2459 Convalescat
1677 2405 1804 2478 poten·-

168 2488 303 2561 zareth=
330 2488 365 2554 dc
394 2504 468 2555 erat
484 2479 636 2553 subditus
666 2479 752 2553 illis.
776 2482 815 2555 Et
846 2503 955 2555 mater
1002 2482 1168 2555 tiafidei=
1191 2479 1309 2577 vigeat
1329 2480 1439 2578 gratia
1465 2482 1698 2559 sacramenti.
1728 2478 1803 2553 Sibi

167 2585 238 2669 eius
250 2579 473 2656 conservabat
490 2577 600 2649 omnia
614 2581 722 2650 verba
737 2578 800 2649 hec
828 2576 861 2648 in
875 2600 954 2651 cor·
1002 2578 1108 2652 homo
1121 2578 1246 2670 prestet
1265 2604 1273 2644 a
1304 2579 1398 2666 quod
1415 2578 1476 2649 tibi
1496 2579 1621 2649 debet.
1651 2580 1697 2647 Ut
1719 2580 1801 2649 dum

107 2700 144 2753 to
171 2681 210 2751 de
220 2679 312 2755 suo.
332 2678 375 2748 Et
401 2676 493 2753 lesus
510 2673 711 2766 proficiebat
740 2672 954 2765 sapientia&
1002 2674 1264 2750 Dominicorum
1278 2672 1410 2746 dierum
1422 2674 1636 2760 rotunditate
1658 2672 1804 2765 perfrui·

167 2796 258 2850 etate
272 2780 306 2848 δι
329 2774 441 2869 gratia
461 2772 549 2864 apud
563 2770 674 2845 Deum
688 2770 723 2839 dt
738 2770 912 2853 homines.
1001 2788 1065 2843 tur
1081 2800 1089 2839 ι
1105 2768 1394 2845 'intollerabilium
1420 2771 1681 2868 occupationum
1695 2792 1818 2868 onere⁴
1837 2785 1890 2872 75

215 2888 261 2957 132·
274 2877 409 2945 Arnen.
590 2900 592 2905 ¹
801 2910 804 2921 ·
1008 2890 1078 2939 non
1106 2885 1278 2959 prematur
1301 2913 1312 2933 .
1334 2869 1455 2940 Anima
1473 2865 1722 2939 dominantibus
1736 2864 1800 2937 libi

215 2966 383 3043 Dominus
410 2966 451 3037 lit
471 2964 599 3061 semper
620 2960 807 3039 vobiscunr.
836 2976 886 3057 ¹3⁸·
913 2964 957 3039 Et
1005 2962 1098 3033 vitiis
1116 2957 1307 3053 voluptatis
1322 2962 1378 3037 sue
1400 2962 1663 3037 laffaservitiot
1689 2963 1721 3032 in
1737 2961 1800 3033 tri·

173 3061 393 3157 cnnspiritn.
500 3100 504 3105 ·
785 3104 789 3115 ·
842 3100 848 3107 ·
1006 3056 1096 3131 sticia
1116 3054 1338 3128 refectionem
1353 3058 1533 3131 inveniat.
1559 3054 1799 3147 thueliber·

98 3184 140 3253 25
220 3162 351 3229 saara.
376 3151 542 3240 Alleluia.
557 3152 602 3249 ἠ.
617 3154 957 3231 LaudateDominum
1005 3154 1084 3231 tatis
1113 3150 1171 3221 sue
1195 3150 1342 3226 arbitrio
1373 3154 1522 3247 patitur:
1548 3153 1643 3243 quod
1666 3148 1801 3223 laborat

172 3254 244 3346 quia
254 3254 420 3347 benignus
444 3254 490 3327 cll
514 3252 680 3327 Dominus
698 3283 707 3319 ι
738 3249 866 3342 psallite
891 3254 978 3326 no·'
1006 3245 1146 3343 pietatis
1161 3266 1217 3319 tue
1233 3248 1428 3322 beneficiet
1447 3264 1564 3341 pareat
1583 3264 1621 3318 ut
1635 3244 1798 3339 quiescat.
1837 3254 1888 3327 80

173 3350 250 3422 mini
262 3354 330 3433 ejus
342 3371 499 3441 quomam
515 3348 695 3421 suaveest·
724 3354 766 3416 1³.
782 3344 954 3431 Alleluia.
1003 3344 1195 3439 Negotium
1224 3344 1357 3419 bonis:
1401 3346 1511 3419 otium
1544 3340 1637 3415 malrs
1671 3359 1803 3434 ponat.

450 3442 677 3527 sacrificium.
982 3442 1077 3531 ,Sint
1101 3436 1247 3513 excubie
1276 3463 1420 3535 precum,
1440 3440 1525 3513 ferie
1556 3442 1800 3531 peccatorumt

163 3574 177 3582 ··
251 3541 408 3615 Ormavit
438 3538 608 3613 Dominus
636 3542 729 3610 Deus
753 3534 956 3617 hominem,
1005 3534 1181 3619 salubriori
1198 3534 1230 3603 se
1244 3538 1371 3609 animus
1385 3536 1657 3609 commutatione
1673 3533 1796 3603 disten·

86 3664 137 3733 30
224 3640 302 3709 .de
329 3638 413 3709 limo
429 3656 546 3708 terret
577 3638 613 3707 st
643 3632 821 3727 inspiravit
846 3636 880 3705 in
908 3639 957 3709 fa·
1005 3634 1085 3709 dae:
1116 3648 1153 3701 ut
1182 3630 1216 3699 in
1230 3655 1275 3711 eo
1303 3632 1337 3703 se
1367 3631 1571 3704 reficiatrsr
1600 3630 1640 3701 ad
1658 3627 1802 3703 meliora

173 3736 254 3805 ciem
280 3738 352 3818 ejus
379 3729 578 3825 spiraculum
602 3729 696 3803 vitea
723 3731 757 3799 δι
780 3728 884 3802 fadus
908 3733 955 3803 est
1003 3730 1272 3803 convertat.Et
1288 3728 1457 3801 bonorum
1471 3724 1798 3798 asiuumsaltimba·
1837 3738 1885 3827 85

172 3828 271 3904 homo
296 3829 330 3899 in
361 3828 504 3903 animam
532 3826 712 3900 viventem
729 3820 861 3914 alleluia
876 3825 956 3907 alle·
973 3828 976 3835 '
1003 3824 1082 3897 beat
1108 3824 1221 3894 vicem
1236 3852 1245 3892 a
1261 3824 1287 3895 ss
1303 3847 1371 3897 non
1385 3824 1506 3895 habeat
1518 3822 1723 3915 iugitatem.
1749 3836 1798 3910 &a

171 3920 258 4006 luja-
284 3924 331 4016 s·
348 3920 565 3997 Plantavcrat
575 3920 742 3995 Dominus
755 3918 849 3995 Deus
860 3946 954 4014 parav
1006 3923 1137 3991 Amen·
1164 3918 1503 3991 Permisericordiam
1530 3936 1621 3988 tuam
1632 3916 1726 3985 Deus
1739 3922 1825 3990 n0·'

172 4018 268 4091 disum
283 4018 475 4112 voluptatis
501 4046 519 4092 a
548 4016 716 4113 principio
746 4015 782 4086 in
808 4016 898 4095 Eden
913 4021 956 4091 ab
1006 4016 1071 4086 ster
1088 4012 1143 4104 qui
1158 4011 1194 4083 in
1206 4034 1269 4092 tuo
1290 4013 1474 4111 conspectu
1498 4009 1687 4096 sardorum
1703 4014 1801 4107 Apo.

84 4133 134 4205 35
174 4114 311 4188 Oriente
329 4116 362 4186 in
376 4138 442 4207 quo
455 4114 571 4209 posuit
592 4113 759 4187 hominem
773 4135 871 4211 quem
887 4119 962 4192 for·
1005 4106 1201 4191 siclorum·
1434 4164 1450 4177 ..
1496 4115 1500 4125 “
1637 4106 1639 4113 ’

174 4230 340 4286 manerat.
368 4210 466 4283 mm
483 4210 675 4398 sediffest.
1009 4272 1014 4283 ,
1292 4202 1541 4289 vosnomina.
1580 4290 1584 4295 .
1837 4230 1891 4300 90

509 4310 628 4379 Μία.
1571 4352 1574 4359 ·

259 4401 526 4477 Ominicosdies
540 4401 738 4479 uileeriffimi
752 4406 872 4479 fratres
885 4406 961 4478 san·
1106 4402 1203 4474 Icaro
1217 4396 1403 4477 solenniter
1424 4398 1584 4473 famulatu
1599 4424 1609 4465 ι
1644 4395 1805 4489 omnipo·

280 4499 334 4569 ere
354 4497 531 4593 religionis
557 4496 689 4596 legibus
720 4500 958 4575 consecratos:
1004 4566 1007 4574 ,
1131 4497 1274 4569 tentiam
1303 4517 1361 4569 tua
1376 4496 1526 4568 Domine
1553 4490 1722 4585 supplices
1738 4494 1803 4580 im·

74 4606 124 4681 §o
161 4596 282 4683 grandi
294 4592 478 4690 diligentia
495 4616 588 4665 mens
602 4595 644 4668 ad
657 4591 795 4669 solenne
811 4598 959 4673 officium
1008 4594 1210 4689 ploramus‘a
1234 4611 1275 4661 ut
1305 4593 1463 4662 concesso
1483 4588 1581 4661 nobis
1609 4584 1802 4656 sanslorum

169 4708 275 4776 parata
292 4687 530 4763 concelebret.
555 4691 638 4771 Non
654 4690 718 4763 lint
746 4690 823 4760 hinc
852 4694 979 4765 studio
1008 4690 1160 4763 omnium
1175 4686 1389 4781 patrociniot
1416 4680 1605 4755 oblationes
1623 4676 1738 4771 populi
1753 4678 1802 4747 tui
1836 4706 1889 4780 95

170 4778 409 4877 despicabiles:
434 4787 530 4877 quod·
555 4785 590 4856 in
623 4810 767 4859 numero
797 4786 860 4859 sint
887 4788 959 4860 fre·
1008 4784 1157 4857 clemens
1173 4782 1336 4875 accipias:
1359 4777 1575 4873 &propitius
1598 4773 1827 4845 benedicasa‘

170 4882 415 4964 quantes.Nec
430 4902 474 4953 ex
486 4880 682 4977 coexiguus
696 4905 816 4955 eorum
830 4879 956 4954 cultus:
1008 4875 1136 4953 Prestes
1151 4877 1250 4951 etiam
1265 4874 1528 4969 prosperitatem
1554 4869 1670 4942 vivis:
1702 4870 1802 4941 resri.
1876 4928 1881 4933 .

170 4991 233 5059 quo
264 4978 407 5047 assiduus
433 4974 475 5046 lit
505 4976 657 5053 recursus
684 5025 695 5046 .
727 4976 956 5051 Desiderabile
1007 4976 1141 5069 getium
1154 4976 1188 5044 dc
1204 4972 1351 5066 quietem
1364 4964 1703 5041 fidelibus‘desundlit
1718 5012 1730 5035 .
1760 4967 1803 5038 Et
1824 5046 1829 5053 ,

83 5082 133 5155 45
171 5069 253 5141 enirn
269 5071 372 5142 debet
389 5072 453 5141 esse
468 5066 767 5166 omnibus'tenpus
786 5072 877 5164 quod
894 5074 957 5145 hu·
1005 5071 1062 5160 qni
1075 5070 1115 5138 ad
1130 5064 1361 5144 testimonium
1390 5066 1590 5137 devotionis
1615 5061 1804 5135 defuerunt

167 5181 256 5237 mana
278 5163 446 5263 fragilitas
467 5184 560 5239 tante
576 5168 757 5249 majestatis
773 5169 957 5240 ministerio
1007 5163 1243 5237 consecrandae
1259 5161 1301 5234 ad
1316 5162 1500 5235 remedium
1515 5159 1629 5232 salutis
1646 5180 1802 5246 mettano
1843 5185 1911 5236 100

163 5257 448 5363 sdbeturassillere
464 5286 473 5327 ε
499 5284 565 5354 quo
578 5262 614 5333 ln
630 5262 817 5339 offerendis
832 5263 958 5335 sacrifi·
1005 5276 1061 5333 ¹tur
1075 5259 1240 5351 recipere.
1255 5256 1470 5330 consecrata·
1491 5268 1540 5351 Bt·
1553 5262 1687 5333 amen.
1713 5255 1802 5348 Qia

163 5368 223 5421 cus
245 5359 338 5430 Deus
376 5356 550 5427 hominem
582 5360 742 5453 dignatur
773 5360 960 5430 assumere.
1008 5354 1371 5435 rueavitavivorun‘
1383 5356 1451 5428 &ca

160 5442 249 5523 Cum
275 5449 472 5529 mortalibus
496 5450 737 5527 'immortalitas
765 5478 825 5547 per
852 5456 956 5527 fidem
1009 5508 1011 5515 >

82 5554 128 5623 50
162 5548 288 5629 questa
305 5546 494 5641 participata
508 5573 573 5641 que
588 5547 680 5641 panis
691 5550 751 5621 hac
769 5547 845 5619 vice
860 5547 956 5623 obla·
1140 5620 1144 5625 ,
1295 5548 1504 5643 Asparem.

151 5632 254 5711 'tione
270 5643 423 5737 suscepta
438 5648 550 5737 gratia
576 5640 846 5717 sanctificationis
861 5645 978 5738 aspe·¹
1060 5709 1064 5721 .
1698 5622 1702 5629 Ι
1781 5664 1788 5675 ’
1842 5662 1913 5735 105

159 5725 252 5807 &um
268 5738 424 5832 corporis
439 5736 562 5811 Christi
576 5760 613 5809 ac
633 5738 799 5833 sanguinis
817 5762 955 5813 munere
1001 5804 1005 5817 .
1112 5741 1174 5816 Ens
1205 5738 1422 5834 omnipotens
1447 5765 1457 5805 ι
1490 5735 1545 5832 qui
1574 5733 1715 5807 docnilli
1743 5730 1828 5825 hup¹
1886 5753 1889 5756 ·

150 5824 316 5908 fidelibus
334 5830 545 5926 representat
560 5880 572 5917 ι,
601 5834 642 5915 Et,
655 5834 733 5905 dum
758 5832 867 5907 celesti
887 5834 970 5907 'be··
1124 5834 1276 5910 militatis
1291 5835 1397 5907 ‘bono
1435 5836 1483 5904 dt.
1499 5832 1677 5907 charitatis
1701 5830 1806 5902 studio
1825 5828 1829 5836 ’

150 5926 977 6025 ”edidionecreaturarisibilisanimattrrncrer·'
1002 5934 1096 6023 posse
1123 5931 1281 6008 servarit
1324 5928 1452 6022 respice
1481 5932 1525 6003 ad
1558 5928 1709 6001 membra
1739 5927 1804 5996 Ec·
1860 5962 1865 5969 ·
1915 5980 1938 6024 ,ί

244 6018 343 6120 Mss-
352 6033 485 6099 Mvzar.
1029 6027 1044 6040 ''
1391 6023 1409 6095 1
1667 6053 1672 6063 ·
1709 6019 1809 6095 clesie
2016 6016 2020 6022 ’
