4450 7209
285 702 356 792 ιιι
651 668 1570 772 susurrosancnornsbua.

405 914 427 959 *s
472 891 589 965 Oratio
617 891 660 960 ad
674 883 904 960 benedicendos
1352 883 1539 957 Benedisiir
1561 881 1723 958 lucerne.
1979 812 2014 884 π

577 983 760 1058 niachones
778 1030 791 1054 .
1246 986 1370 1084 ignum
1386 985 1422 1054 bt
1438 980 1557 1070 iustum
1588 983 1635 1052 est
1651 1007 1659 1047 a
1677 1006 1763 1057 vere
1791 981 1946 1078 dignum

1257 1089 1290 1156 bt
1305 1083 1456 1157 sanctum
1472 1075 1610 1152 essenos
1627 1081 1695 1156 tibi
1709 1082 1844 1178 semper
1861 1105 1950 1180 gra..

231 1213 252 1290 5
370 1184 466 1259 Rima
480 1178 546 1252 tibi
571 1181 610 1250 br
639 1177 838 1275 principalia
853 1178 948 1255 Deus
976 1181 1083 1255 Pater
1132 1187 1198 1255 tias
1216 1207 1323 1279 agere
1335 1179 1516 1273 laudesque
1531 1177 1851 1254 reserre.Domine
1869 1182 1951 1254 san·

276 1189 353 1370 Ρ
378 1281 599 1371 omnipotens
613 1275 677 1347 hec
707 1275 868 1354 luminum
889 1303 1030 1361 munera
1046 1278 1082 1351 in
1134 1279 1188 1351 sie
1221 1284 1322 1355 Pater
1352 1282 1571 1373 omnipotens
1597 1278 1632 1347 bt
1655 1277 1789 1350 Christe
1806 1280 1904 1352 Deus
1931 1326 1945 1350 ·
1971 1281 2012 1354 60

276 1381 424 1453 exordio
438 1375 635 1449 venerande
649 1376 748 1460 huius
761 1375 870 1448 nodis
883 1376 1081 1450 offerimuss
1134 1380 1221 1475 Qo
1235 1377 1317 1450 mihi
1333 1377 1465 1451 tribuas
1480 1403 1490 1443 a
1504 1391 1543 1448 ut
1559 1376 1591 1445 in
1607 1375 1673 1449 tuis
1687 1372 1839 1448 laudibus
1854 1375 1946 1451 sena·

275 1479 312 1548 δι
342 1477 388 1547 ob
418 1477 590 1550 honorem
608 1473 1082 1550 DominiceResurredionis
1133 1501 1199 1572 per
1216 1474 1379 1551 resonent
1396 1477 1596 1549 faucesmee
1614 1473 1945 1571 equierigisater-

276 1569 449 1649 lucernam
466 1576 654 1645 &cereum
671 1568 838 1646 claritatis
864 1574 1055 1667 aptavimus
1070 1595 1081 1638 s
1134 1600 1172 1649 ra
1187 1575 1327 1668 inopem
1343 1603 1352 1644 s
1368 1577 1403 1646 δι
1434 1574 1478 1645 ab
1494 1572 1644 1644 stercore
1658 1571 1790 1647 exaltas
1806 1596 1945 1669 paupe-

207 1700 253 1756 ιο
277 1694 377 1765 quam
394 1669 590 1768 unigenitus
619 1665 710 1741 lilius
733 1691 811 1743 estus
828 1671 1000 1745 Dominus
1017 1693 1083 1745 no-
1133 1697 1205 1746 rem
1231 1720 1242 1742 .
1274 1673 1329 1746 Da
1353 1670 1521 1745 directum
1548 1672 1585 1741 δι
1612 1670 1883 1745 benesonantem
1907 1673 1943 1743 in

228 1784 233 1794 “
275 1769 452 1851 llerJesus
467 1766 622 1861 Christus
637 1767 805 1842 adventus
826 1767 876 1841 sui
892 1767 994 1842 saciat
1008 1792 1083 1865 my·
1133 1793 1198 1844 ore
1227 1793 1307 1845 meo
1334 1771 1511 1843 ministrari
1548 1766 1745 1844 sermonem
1770 1815 1782 1838 .
1812 1771 1943 1844 Omni·
1967 1773 2004 1869 65

278 1863 387 1943 sleciis
412 1863 686 1941 inluminatam·
713 1869 781 1941 Per
806 1889 907 1960 quem
935 1884 971 1938 te
986 1869 1081 1940 Deus
1133 1887 1312 1963 potentem
1335 1870 1447 1944 Deum
1472 1865 1657 1941 substantie
1686 1863 1801 1942 vitalis
1830 1890 1944 1942 exor-

278 1964 452 2063 supplices
465 1982 721 2038 exoramussut
735 1965 804 2039 hoc
817 1964 965 2038 fandum
979 1963 1082 2038 lurni-
1133 1967 1227 2039 dium
1265 1995 1274 2036 ι
1315 1985 1472 2042 creature
1513 1960 1715 2039 universalia
1762 1963 1944 2044 audonem

278 2064 332 2139 nis
360 2087 480 2140 munus
496 2060 605 2135 libens
620 2059 766 2157 accipias
783 2091 793 2134 c
809 2060 1017 2161 pervigilem
1050 2064 1085 2136 in
1135 2062 1326 2139 Dominum
1351 2094 1361 2135 a
1396 2061 1613 2141 salvatorem
1641 2064 1803 2159 opificem
1831 2089 1842 2132 t
1871 2088 1944 2139 vo·

87 2201 105 2231 a
207 2190 253 2263 ¹5
279 2187 341 2237 nos
358 2159 929 2257 devotionemflagrantiaspiritali
947 2163 1085 2236 succen·
1134 2160 1216 2236 calis
1243 2161 1389 2236 Ecclesre
1414 2162 1577 2258 personet
1602 2183 1727 2236 canora
1752 2157 1942 2236 laudatior

217 2280 220 2285 ·
279 2257 544 2353 das.Simulque
561 2257 783 2351 omnipotens
796 2261 892 2331 Deus
905 2284 1084 2337 commen·
1134 2279 1174 2332 ut
1200 2261 1262 2354 ipsi
1290 2265 1457 2358 rependat
1483 2257 1599 2356 lingua
1624 2259 1824 2353 mysterium
1855 2286 1866 2330 a
1897 2261 1941 2335 de
1966 2277 2007 2360 70·

280 2361 396 2434 damus
414 2357 476 2454 pio
500 2352 695 2430 dilettionis
712 2355 838 2429 alseflu
852 2356 983 2433 sanctos
1013 2361 1084 2433 fra·
1131 2363 1226 2446 cuius
1248 2359 1400 2454 imperio
1420 2357 1558 2453 sumpsit
1579 2358 1729 2434 officium
1751 2403 1762 2426 ·
1784 2358 1940 2460 Dignum

277 2452 1083 2533 tresnostros&Condiachones.A.&A.tue
1132 2460 1181 2530 est
1206 2476 1244 2529 ut
1272 2456 1385 2552 sponfi
1409 2455 1620 2532 coruscantis
1649 2460 1836 2530 adventum
1883 2482 1943 2531 ac·

280 2552 463 2641 maiestatis
478 2549 595 2624 laudes
612 2550 854 2627 inenarrabiles
867 2579 1007 2630 narrare
1023 2579 1085 2628 cu·
1135 2555 1241 2628 censis
1266 2552 1474 2652 prestoletur
1513 2550 1623 2627 fidelis
1663 2556 1763 2629 turba
1803 2551 1941 2628 lumini·

202 2678 255 2743 ιο
281 2647 1085 2750 pient-ibusUteisscientieacsapientiedetuis
1135 2654 1197 2725 bus
1227 2680 1237 2721 a
1262 2678 1305 2725 ne
1329 2652 1489 2753 nuptialis
1512 2650 1695 2726 habitaculi
1720 2649 1861 2748 respuat
1878 2655 1939 2728 ha·
2002 2730 2004 2735 ,

219 2754 228 2764 ”
277 2747 448 2825 thesauris
462 2749 664 2821 accomodes
673 2744 978 2844 plenitudinemUt
988 2752 1085 2845 quic·
1132 2751 1216 2823 berc
1243 2751 1423 2827 consortes
1450 2774 1571 2846 equos
1600 2749 1831 2826 subvererum
1862 2776 1939 2827 um·
1962 2767 2002 2850 ῖς

183 2859 194 2872 ·
278 2846 362 2943 quid
376 2846 491 2941 itaque
506 2862 622 2919 mente
632 2866 869 2943 conceperunt
886 2878 896 2937 ς
914 2867 971 2923 aut
986 2842 1083 2923 sensu
1132 2846 1274 2922 braculo
1302 2870 1524 2945 peccatorum
1560 2848 1732 2923 invenerit
1762 2847 1941 2923 dormien-
1991 2849 1995 2858 '

277 2940 673 3040 excogitaveruntcvel
686 2964 782 3018 certe
796 2947 1083 3026 meditationibus
1134 2967 1189 3021 tes
1215 2997 1226 3019 .
1250 2950 1344 3026 Quid
1370 2949 1505 3048 dignius
1529 2950 1545 3017 ἓ
1569 2947 1710 3039 Quidve
1733 2946 1938 3021 sublimius?

280 3042 411 3116 crebris
433 3041 634 3115 memoriter
660 3041 1084 3134 terrueruntaoblivionis
1133 3047 1247 3136 Qam
1276 3065 1314 3120 ut
1343 3047 1405 3121 tibi
1431 3044 1557 3146 vigilet
1586 3047 1622 3119 in
1648 3046 1708 3140 spe
1735 3046 1936 3120 eternitatis

203 3171 252 3249 ²5
282 3137 431 3238 caligine
444 3136 907 3240 depulsaetitubationisque
928 3143 1086 3221 sormidi·
1134 3141 1333 3220 resuscitata
1373 3143 1609 3230 mortalitas:
1640 3142 1695 3216 cui
1734 3162 1847 3220 totum
1891 3166 1936 3217 ex
1999 3188 2003 3227 ς

210 3262 214 3285 ·
283 3263 328 3314 ne
342 3236 468 3313 calcata
484 3264 494 3307 a
510 3238 864 3315 dicantvocecanora
881 3244 939 3316 e&
954 3243 1086 3317 oratio·
1134 3241 1274 3339 origine
1303 3270 1312 3312 ε
1339 3261 1454 3320 totum
1478 3241 1585 3315 debet
1610 3263 1657 3316 ex
1688 3265 1827 3318 munere
1850 3239 1935 3316 evel
1962 3239 2002 3314 80

282 3362 329 3411 ne
342 3340 552 3433 depromant
581 3333 866 3414 luculentiffirna.
890 3340 986 3413 Nihil
1000 3365 1085 3437 que·
1134 3342 1232 3434 quod
1262 3338 1434 3417 formatur
1479 3363 1524 3412 ex
1567 3337 1677 3417 nihilo
1707 3368 1718 3411 a
1744 3339 1801 3413 vel
1841 3342 1936 3435 quod

283 3436 399 3511 firmus
412 3435 447 3507 in
469 3436 518 3508 eis
533 3432 753 3509 humanitatis
769 3457 936 3531 operetur
950 3437 1085 3539 fragili·
1113 3456 1317 3534 ¹reparatur
1350 3463 1396 3511 ex
1433 3436 1617 3533 perdito·
1647 3438 1700 3510 Tu
1739 3462 1798 3511 vas
1841 3439 1940 3532 quod

283 3551 337 3608 tas
351 3560 360 3601 a
374 3533 431 3605 sed
447 3530 1087 3611 totumeissubminislrettueclemen·
1159 3559 1283 3612 ronum
1312 3535 1412 3635 culpa
1440 3539 1583 3612 dederat
1612 3535 1645 3607 in
1672 3534 1802 3610 ruinam
1818 3564 1827 3605 a
1846 3538 1941 3634 figu-

207 3664 256 3747 30
286 3630 492 3729 tielargitas
512 3632 708 3708 ·Donaeis
737 3633 809 3727 pou
838 3632 989 3729 pallores
1019 3660 1085 3736 ge·
1135 3563 1159 3707 li
1191 3635 1385 3710 miserantis
1424 3635 1548 3711 affectu
1573 3636 1616 3706 de
1644 3631 1769 3709 favillis
1810 3634 1939 3708 cineri·
2004 3718 2007 3725 .

281 3754 386 3821 nuum
400 3729 1088 3834 rubicundamsnceritatemslinguevo·
1137 3733 1263 3827 busque
1310 3731 1490 3807 collectum
1542 3732 1662 3826 spiritu
1703 3732 1940 3811 vivificantem
1966 3732 2008 3821 85

282 3826 490 3904 lubilitatem
506 3855 516 3898 ε
533 3827 742 3904 lacertorum
759 3831 975 3908 nrmifflmam
1004 3832 1087 3910 soli·
1137 3827 1266 3906 salvasti
1292 3859 1302 3897 ι
1333 3853 1371 3906 ut
1401 3831 1531 3906 faceres
1561 3855 1605 3904 ex
1632 3830 1825 3924 adoptione
1852 3829 1940 3914 libe·

284 3927 508 4005 ditarem-Ut
526 3928 559 4002 in
573 3928 733 4024 omnibus
748 3945 889 4003 tuorum
903 3932 1089 4008 beneficio-
1137 3954 1196 4004 ros
1225 3956 1235 3997 s
1260 3951 1348 4023 quos
1381 3930 1523 4003 retineri
1552 3929 1689 4002 videras
1713 3951 1758 3999 er
1782 3930 1942 4021 prevari-

287 4050 361 4102 rum
391 4028 604 4112 adjutorium
632 4029 816 4101 sentientes
842 4054 852 4096 =
874 4031 1086 4108 benediaio-
1135 4026 1274 4101 catione
1303 4028 1487 4123 captivos.
1504 4028 1556 4096 Tu
1582 4023 1723 4099 novelle
1749 4025 1834 4098 vitis
1858 4052 1941 4122 ger·

207 4151 256 4237 35
287 4145 366 4197 nem
393 4122 532 4197 lucerne
556 4126 718 4221 cereique
748 4127 1089 4202 immurmurent=ac
1138 4126 1227 4200 mina
1256 4127 1399 4200 secunda
1426 4123 1578 4221 plantasti
1606 4153 1615 4194 s
1644 4145 1681 4199 ut
1715 4125 1938 4216 antiquorum

291 4224 498 4316 depromant
512 4223 688 4296 maximam
712 4220 936 4319 laudemur.
950 4231 1088 4299 Amen.
1139 4222 1330 4296 tabesceret
1370 4225 1519 4297 suavitas
1562 4248 1671 4297 amara
1714 4245 1935 4315 pomorum·
1966 4219 2021 4307 94

291 4322 362 4396 Per
375 4317 644 4394 misericordiam
659 4337 749 4390 tuam
764 4319 859 4392 Deus
873 4321 1088 4418 nosteraqui
1138 4319 1241 4392 Nunc
1266 4322 1312 4391 de
1336 4319 1413 4391 cibo
1439 4321 1581 4394 sumitur
1606 4351 1616 4391 ι
1644 4321 1718 4394 vita
1754 4344 1825 4393 non
1854 4316 1940 4390 labi-

286 4413 797 4492 esbenedrttus&vivir.&c.
1140 4435 1198 4490 tur
1225 4464 1235 4487 .
1262 4415 1373 4495 Solvit
1400 4419 1511 4516 gratia
1540 4445 1550 4487 a
1578 4443 1662 4512 quos
1698 4414 1810 4489 vinxit
1851 4414 1941 4488 inle-

339 4518 442 4588 Dr'cat
472 4511 856 4587 Presbr'ter.Dominus
886 4519 929 4591 sat
954 4518 1088 4616 semper
1138 4515 1239 4589 cebra
1265 4563 1276 4586 .
1304 4516 1360 4588 De
1385 4516 1509 4589 arbore
1529 4536 1645 4590 creata
1670 4538 1740 4586 nox
1763 4513 1941 4587 criminis:

210 4643 262 4742 3⁰
289 4612 551 4705 vobiscum.
567 4611 687 4683 Et.ln
709 4613 849 4688 nomine
864 4617 1006 4692 Domini
1026 4641 1087 4690 no·
1136 4613 1196 4688 sed
1222 4614 1265 4686 de
1305 4610 1404 4711 ligno
1434 4614 1554 4710 genita
1586 4614 1645 4688 lux
1686 4609 1803 4686 salutis
1831 4658 1842 4680 .
1870 4616 1942 4684 Ve-

289 4710 346 4785 slri
355 4712 433 4788 lesu
446 4709 572 4783 Chrilli
591 4738 600 4779 ι
617 4727 739 4788 votum
754 4713 899 4788 vestrum
924 4715 968 4794 fit
996 4738 1094 4790 acce.
1142 4712 1232 4785 ruisti
1255 4735 1362 4806 opera
1377 4736 1506 4785 manum
1524 4732 1659 4787 tuarum
1687 4706 1838 4782 clemens
1855 4735 1942 4807 ope·
1966 4729 2008 4801 95

295 4826 393 4906 ptum
410 4829 605 4902 cumpace.
1140 4829 1239 4884 rator
1268 4837 1277 4876 ι
1305 4810 1452 4882 interfici
1483 4833 1652 4905 perpetue
1680 4808 1803 4880 mortis
1846 4810 1942 4882 exci-

1145 4908 1208 4982 dio
1235 4955 1246 4978 ·
1273 4907 1418 4982 Paradisr
1458 4910 1593 4992 ianuam
1632 4930 1731 5002 quam
1767 4905 1942 5001 piaculum

346 5014 398 5103 132·
414 5005 498 5081 Deo
514 5002 672 5106 gratissi
1090 5094 1093 5101 Ι
1144 5001 1248 5079 letale
1275 5006 1487 5079 dannaverat
1518 5033 1529 5074 r
1555 5007 1678 5079 dextra
1706 5003 1859 5099 mysterii
1886 5027 1942 5076 cc-

213 5129 259 5207 45
1144 5099 1233 5176 lestis
1248 5102 1394 5196 aperuit.
1405 5104 1442 5176 ld
1453 5103 1606 5194 perfecie
1621 5101 1773 5190 judicans
1786 5103 1853 5174 else
1870 5102 1944 5196 pie·

212 5201 216 5208 ¹
340 5196 418 5283 ¹⁵0st
448 5198 508 5272 lm
537 5198 637 5272 vadit
660 5199 837 5297 Episcopus
856 5199 923 5298 poli
946 5205 1057 5277 altare
1081 5233 1092 5275 s
1145 5203 1296 5275 tatisrut
1309 5200 1428 5293 quibus
1443 5204 1484 5275 ad
1495 5202 1599 5276 vitam
1611 5203 1723 5274 fueras
1734 5197 1940 5296 largitusin·
1970 5215 2024 5270 100

291 5303 338 5374 &-
357 5298 454 5388 sedet
476 5299 509 5367 in
524 5295 614 5384 sella
646 5343 656 5366 .
685 5295 883 5392 Presbyteri
903 5322 985 5372 vero
1004 5297 1091 5392 jux·
1140 5296 1285 5371 troitum
1303 5327 1311 5366 s
1329 5299 1496 5370 tribueres
1518 5302 1553 5372 δι
1568 5299 1780 5394 regressum·
1809 5297 1939 5371 Morti·

291 5409 330 5465 ta
351 5416 424 5466 eum
446 5390 570 5477 slantes
594 5417 605 5458 s
633 5417 672 5464 ac
694 5396 809 5466 deinde
823 5396 1008 5466 Diachonus
1030 5418 1089 5465 au·
1139 5394 1285 5467 ficantur
1317 5417 1362 5464 ex
1397 5395 1491 5490 lapsu
1520 5426 1530 5467 a
1559 5399 1615 5492 qui
1646 5396 1871 5472 vivificantur
1896 5417 1941 5469 ex

291 5505 327 5563 tc
346 5486 544 5574 vestibulum
561 5486 667 5584 juxta
688 5488 849 5562 cancellos
871 5487 999 5571 adstant
1022 5523 1032 5560 s
1052 5492 1087 5565 in
1138 5493 1276 5583 precio.
1291 5492 1475 5586 Redempti
1491 5493 1694 5570 clementius
1707 5521 1717 5561 ε
1731 5519 1832 5586 quam
1845 5518 1940 5567 crea·

212 5618 263 5699 '5⁰
293 5591 440 5659 ordinem
459 5588 561 5677 suum
592 5585 790 5675 sfilentr‘um
830 5588 1003 5657 admonent
1030 5586 1087 5673 se-
1136 5589 1174 5659 lli
1202 5637 1213 5658 .
1243 5588 1397 5682 Namque
1428 5590 1471 5662 ibi
1498 5595 1592 5663 Deus
1621 5613 1786 5685 operatus
1822 5610 1861 5664 ut
1889 5593 1940 5666 sa·

196 5700 200 5707 “
287 5689 408 5782 pries-
434 5681 511 5768 Posi
533 5684 593 5756 hec
625 5689 776 5757 accedent
811 5683 990 5755 Diacbnnes
1011 5708 1020 5749 a
1042 5692 1088 5763 ψ
1137 5706 1232 5760 eeret
1260 5721 1269 5754 ε
1301 5688 1356 5757 hic
1382 5690 1938 5785 palsusellutprodeffi›r.lnduit
1967 5697 2023 5771 105

293 5780 482 5859 benedicent
507 5778 675 5875 lucernam
697 5783 761 5858 bac
783 5780 1026 5857 benedictione·
1137 5782 1350 5855 camemssed
1367 5809 1435 5859 non
1450 5792 1545 5860 eruit
1559 5791 1768 5873 majestatem
1782 5791 1938 5866 :nostram

845 5879 846 5882 ’
1141 5877 1356 5953 substantiam
1372 5905 1537 5977 expetens
1566 5916 1575 5955 ι
1599 5887 1654 5958 sed
1673 5889 1851 5981 propriam
1870 5911 1939 5960 non

1018 6055 1019 6058 ,
1140 5974 1943 6080 relinquens.Cutucorporeeditusasedinte·

1834 6106 1947 6161 mera«.
