4450 7209
674 687 726 761 ru
750 686 829 767 nra
856 692 1260 776 ussuusscrroms
1284 694 1490 772 nourrii.
1842 692 1921 792 mr·

261 782 344 846 coss
362 777 490 850 morbis
515 783 660 857 obrutos
678 788 875 884 :suppliciis
905 797 1068 871 deditoss
1121 794 1163 866 tis
1193 792 1397 869 doloribus:
1416 795 1540 870 inferni
1568 791 1707 867 desidio
1738 789 1881 867 diabolo
1909 821 1919 863 s
1944 814 1989 907 5¹5

263 868 388 943 debitis
416 875 610 974 obligatosc
630 886 798 977 presentia
831 911 890 964 tue
918 895 1069 968 resume·
1120 892 1434 986 triumphavitcum
1467 912 1613 966 mortem
1628 890 1779 965 mOrlffsss
1807 890 1916 960 vicit:

262 965 548 1056 dionisjabsolvas
564 1008 573 1046 s
588 979 766 1072 spirituum
779 988 1072 1086 quoque'pausan·
1117 989 1152 1060 dc
1166 988 1331 1086 sanguine
1345 994 1406 1069 suo
1422 1010 1561 1062 terrena
1575 987 1750 1060 celestibus
1764 985 1920 1059 semel·

266 1065 353 1136 tium
370 1092 501 1145 memor
522 1078 586 1149 else
602 1078 753 1175 digneris
768 1111 777 1148 ε
792 1104 829 1158 ut
858 1085 924 1159 illis
949 1090 1064 1164 crimi.
1115 1081 1224 1158 liavit.
1237 1091 1332 1160 Unde
1347 1089 1474 1162 merito
1486 1086 1536 1158 illi
1552 1111 1668 1159 omnes
1686 1081 1810 1178 Angeli
1822 1111 1830 1151 ι
1843 1107 1918 1158 om·

215 1188 230 1259 ς
265 1163 489 1243 numsuorum
518 1172 730 1272 indulgentia
760 1180 996 1258 relaxatasad
1025 1190 1067 1262 fi.
1115 1183 1240 1279 tresque
1253 1185 1366 1259 Sandi
1395 1181 1601 1261 noncelsant
1629 1179 1775 1253 clamare
1802 1183 1918 1271 quoti·

260 1283 342 1332 num
385 1267 654 1356 patriarcharum
696 1274 798 1352 liceat
839 1285 1063 1377 pervenire.
1114 1279 1914 1372 diesitadicentes.Tecelicelorum-Tepo-
1944 1287 1993 1354 60

259 1364 569 1458 &·Amen.Qia
599 1390 636 1444 tu
662 1398 698 1443 es
714 1375 788 1448 vita
806 1381 968 1456 vivorum
996 1385 1064 1456 &o
1114 1380 1338 1451 tellates.Te
1357 1379 1477 1454 throni
1506 1381 1541 1451 &
1567 1379 1716 1452 virtutes
1745 1371 1917 1448 laudant.

1113 1476 1190 1548 Tibi
1200 1495 1294 1550 cetus
1306 1476 1521 1574 Angelorum
1535 1478 1567 1547 in
1579 1473 1717 1549 excelsis
1731 1472 1918 1546 concinunt

483 1561 544 1636 ’.Λᾶ
554 1585 671 1661 pacem
686 1619 696 1640 .
712 1561 857 1648 Oratioss'
1028 1654 1030 1661 ¹
1113 1575 1369 1666 hymnumlibi
1385 1574 1558 1648 Cherubin
1574 1598 1613 1646 ac
1626 1571 1791 1665 Seraphin
1806 1569 1916 1642 inces-

214 1686 232 1734 o
372 1659 585 1744 OmineJclir
603 1668 737 1740 Christe
752 1672 951 1750 Sandotum
965 1672 1064 1750 clari.
1114 1668 1208 1744 sabili
1224 1696 1313 1745 voce
1329 1671 1548 1768 proclamant
1572 1674 1728 1744 dicentes
1742 1716 1753 1736 ·
1766 1672 1915 1765 Agyos·

381 1778 431 1828 tas
445 1762 643 1838 meritorum
662 1790 670 1832 s
686 1771 720 1840 &
737 1792 821 1845 vera
846 1775 1065 1849 beatificata.
1116 1774 1243 1864 Agyos
1256 1815 1265 1837 .
1276 1771 1558 1866 Agyosdiyrie.
1573 1770 1713 1843 Otheos
1727 1815 1737 1837 ·
1750 1766 1916 1839 Sanetus.
1943 1779 1989 1866 65

259 1874 334 1926 rum
352 1851 496 1929 felicitas
511 1862 711 1937 animarum:
725 1868 816 1941 dona
830 1891 867 1942 ut
883 1873 940 1966 qui
955 1870 1065 1945 resut-
1116 1865 1256 1948 Sanflus
1272 1868 1453 1944 dandum
1464 1868 1636 1945 Dominus
1647 1869 1741 1939 Deu³
1753 1863 1918 1938 samth-

259 1948 424 2022 rectionis
440 1975 498 2027 tue
514 1959 604 2032 diem
630 1958 771 2039 letando
788 1967 930 2041 colimus
945 1998 955 2038 s
969 1973 1004 2042 ἃ
1022 1969 1066 2041 li·
1116 1962 1214 2040 Pleni
1228 1966 1304 2045 sunt
1325 1965 1389 2039 cell
1406 1969 1441 2040 &
1469 1987 1564 2040 tetre
1589 1965 1702 2063 gloria
1730 1962 1915 2046 maiestatis

265 2048 374 2122 tando
394 2053 568 2150 resurgere
585 2057 643 2152 ipsi
657 2086 719 2156 pet
737 2065 881 2158 gratiam
899 2087 990 2141 tuam
1004 2070 1065 2139 be·
1088 2047 1175 2137 ‘tue
1193 2065 1343 2140 sosanna
1375 2064 1449 2138 filio
1463 2065 1578 2139 David
1596 2110 1606 2132 .
1625 2061 1829 2136 benedictus
1856 2060 1916 2156 qui

213 2173 229 2244 5
262 2146 498 2243 pessimeque
518 2156 739 2232 visendos&
754 2163 827 2258 paci
847 2185 905 2237 tue
920 2164 1064 2239 consen·
1113 2159 1211 2234 venit
1227 2163 1261 2234 in
1276 2163 1413 2238 nomine
1428 2160 1570 2239 Domini
1587 2187 1596 2229 s
1613 2162 1739 2233 osanna
1752 2159 1786 2231 in
1799 2156 1914 2270 excel·

260 2244 381 2319 tiendo
399 2273 407 2314 ε
427 2270 506 2321 ante
521 2256 672 2343 nostrum
685 2259 818 2333 obitum
844 2286 1062 2337 mereamur.
1112 2261 1180 2331 sis·
1196 2263 1322 2358 ngyos
1336 2308 1346 2330 ·
1361 2267 1489 2358 Agyos
1504 2309 1515 2333 .
1528 2265 1655 2357 Agyos
1668 2303 1680 2327 .
1693 2261 1745 2328 Te
1758 2258 1913 2332 Domine
1939 2268 1993 2360 70'

258 2343 306 2414 Et
330 2346 417 2418 sicut
448 2349 511 2419 tibi
530 2375 595 2444 pro
613 2370 707 2426 tante
725 2358 918 2434 festivitatis
946 2361 1061 2434 officio
1110 2355 1227 2430 laudat
1246 2358 1356 2434 omnis
1372 2361 1480 2432 virtus
1494 2358 1648 2434 celorum
1663 2383 1674 2426 s
1687 2356 1724 2427 δι
1740 2355 1914 2429 exercitus

259 2439 400 2515 auidus
415 2446 448 2515 in
465 2449 562 2521 nobis
577 2453 742 2529 candidos
758 2458 958 2530 exhibemus
984 2487 993 2528 a
1013 2462 1061 2533 ita
1112 2454 1418 2552 angelorum.‘sibi
1432 2460 1595 2550 hymnum
1605 2455 1814 2552 depromunt
1825 2450 1915 2524 mel·

258 2563 323 2633 pet
337 2539 585 2640 indulgentiam
600 2568 692 2629 tuam
716 2553 866 2629 dealbati
894 2556 993 2650 supra
1010 2558 1061 2628 ni.
1111 2549 1203 2628 liflua
1229 2557 1377 2629 carmina
1404 2557 1608 2630 Sandorum
1637 2600 1649 2624 .
1676 2550 1753 2622 Tibi
1802 2546 1908 2624 salaht

212 2665 231 2716 o
263 2661 344 2708 vem
360 2668 369 2708 =
387 2660 490 2735 atque
503 2648 658 2722 mundati
672 2652 706 2723 dc
720 2654 859 2749 gemine
871 2655 1061 2727 dilediionis
1110 2652 1239 2725 choree
1253 2653 1458 2750 Virginumc
1474 2656 1510 2726 δι
1527 2672 1626 2725 cetus
1640 2648 1756 2723 Confe
1785 2669 1908 2721 orum.

261 2736 443 2811 dulcedine
460 2741 594 2818 satiari:
610 2746 757 2822 universi
772 2752 920 2825 criminis
946 2753 1063 2849 nigre·
1112 2747 1190 2820 Tibi
1216 2774 1328 2844 genua
1351 2767 1498 2825 curvant
1527 2745 1913 2857 celestia-Terrestris.
1938 2769 1988 2849 75

259 2837 340 2906 dine
361 2860 555 2914 careamus.
573 2858 622 2927 ιζ.
640 2848 880 2941 Ameu.Qria
897 2871 985 2923 tues
1003 2864 1063 2923 ve··
1111 2844 1155 2919 Et
1183 2846 1317 2922 inferna
1334 2848 1510 2920 ·1.audant
1540 2865 1577 2918 te
1601 2848 1737 2947 Regem
1760 2865 1913 2924 omnium

248 2957 297 3026 'ra
327 2959 394 3026 part
412 2941 522 3012 nostra
539 2929 607 3015 &c-
621 2941 744 3020 Gratia
758 2947 826 3020 Dei
859 2948 967 3045 patris
996 2953 1064 3023 &o
1115 2939 1336 3023 seculorum·
1354 2945 1491 3025 Osanna
1506 2943 1542 3019 in
1556 2940 1724 3040 excelfilg

253 3034 448 3122 Quomodo
478 3041 609 3112 adstatis
640 3067 756 3133 pacem
779 3045 882 3121 facite
896 3095 906 3116 .
921 3063 970 3142 132.
987 3047 1067 3118 cbo·
1674 3116 1677 3124 .

211 3153 316 3229 prus
336 3134 481 3205 .Pacem
498 3140 665 3213 meamdo
684 3143 941 3240 vobisspacem
955 3168 1065 3220 meam
1309 3141 1387 3232 Post
1405 3143 1723 3225 sensiumorctio·
1981 3218 1985 3227 .

258 3232 466 3301 commendo
481 3236 580 3305 vobis
599 3265 607 3304 s
625 3261 693 3308 nnn
720 3240 803 3315 sicut
834 3248 976 3320 mundus
1001 3249 1061 3319 dat
1720 3316 1723 3320 .
1938 3253 1993 3325 80

258 3347 377 3418 pacem
394 3329 441 3403 do
454 3334 555 3406 vobis
570 3380 579 3402 .
593 3332 640 3424 d.
654 3337 793 3413 Novum
809 3347 1000 3419 mandatum
1015 3349 1061 3418 do
1220 3337 1296 3416 Ete'
1312 3343 1441 3417 fundus
1455 3370 1466 3412 s
1478 3367 1563 3416 vete
1576 3341 1776 3416 benedictus
1790 3337 1917 3415 Domi·

256 3423 360 3494 vobis
375 3447 413 3499 ut
427 3425 483 3499 dili
490 3434 576 3525 gatis
594 3458 659 3504 vos
689 3436 837 3512 invicem
852 3489 862 3510 .
879 3455 922 3515 Ῥ.
937 3448 1059 3523 Pacem
1231 3467 1292 3513 nus
1307 3444 1421 3516 noller
1433 3440 1526 3526 lesus
1543 3443 1697 3514 Christus
1713 3437 1803 3516 filius
1822 3456 1912 3512 tuus:

260 3541 367 3595 meam
385 3520 454 3620 sb
469 3531 503 3598 Si
532 3531 720 3605 manseritis
739 3537 772 3610 in
799 3561 851 3609 me
867 3567 875 3608 r
890 3544 925 3614 bc
954 3547 1060 3618 verba
1110 3563 1212 3632 quern
1238 3541 1294 3613 die
1312 3542 1414 3613 tertia
1430 3539 1632 3614 deflevimus
1659 3559 1855 3613 mortuum:
1872 3540 1909 3609 ὅτ

211 3652 230 3700 0
262 3641 335 3728 mea
353 3621 385 3691 in
402 3624 502 3696 vobis
520 3631 703 3702 manserint
722 3638 984 3734 :quodcumque
1001 3667 1062 3736 pe·
1112 3638 1217 3711 hodie
1232 3640 1418 3734 gaudemus
1433 3636 1563 3709 virtute
1580 3637 1722 3734 propria
1737 3634 1779 3706 ab
1795 3635 1912 3707 inferis

260 3717 384 3791 treritis
405 3722 542 3796 Patrem
559 3726 590 3796 in
610 3731 751 3804 nominc
781 3757 861 3809 meo
877 3767 886 3804 ε
902 3739 1012 3830 petite
1028 3743 1062 3812 bc
1112 3735 1305 3810 suscitatum
1322 3784 1333 3805 ·
1349 3737 1417 3825 Qu
1436 3759 1498 3830 per
1511 3756 1662 3809 mortem
1687 3736 1779 3807 suam
1793 3734 1914 3807 diabo·
1936 3745 1983 3836 85

258 3813 321 3886 fiet
335 3817 516 3892 vobim·
535 3825 657 3898 Pacem
680 3833 1063 3920 meam.plr.Gloria&
1112 3828 1183 3904 lum
1201 3858 1272 3906 non
1288 3832 1519 3906 virtutessed
1530 3832 1658 3916 justicia
1674 3832 1914 3928 vicit=&pcr
1982 3829 1986 3838 ’

258 3910 475 3989 honorPatri
489 3924 523 3993 &
538 3923 671 3997 Filio&
684 3929 954 4026 SpirituiSandlo
972 3934 1003 4005 in
1015 3931 1064 4008 se·
1115 3929 1262 4027 gloriam
1276 3930 1532 4005 resurrectionis
1543 3931 1599 4004 sue
1609 3959 1619 4001 z
1630 3932 1720 4008 viam
1731 3948 1913 4004 reverten-

259 4007 337 4086 cula
363 4011 555 4092 seculorum
584 4047 682 4094 amen
699 4039 766 4098 .P.
780 4031 907 4104 Pacem
928 4054 1035 4103 meam
1052 4079 1064 4104 .
1113 4030 1148 4102 di
1163 4031 1204 4103 ad
1221 4026 1328 4101 celum
1342 4027 1577 4126 peccatoribus
1594 4027 1760 4124 patefecit
1777 4075 1788 4098 .
1804 4026 1912 4121 Chtig

210 4136 227 4209 5
259 4104 423 4182 lntroibo
441 4117 481 4184 ad
499 4115 606 4192 altare
624 4120 691 4193 Dei
715 4128 780 4198 mei
794 4174 804 4195 .
817 4141 865 4220 ljr.
883 4131 937 4200 Ad
951 4128 1064 4208 Deum
1112 4127 1179 4202 stus
1195 4127 1364 4205 Dominus
1379 4149 1417 4201 ac
1431 4130 1637 4222 redemptor
1650 4146 1817 4226 eternu83

260 4209 319 4298 qui
334 4204 478 4286 letificat
493 4219 627 4290 ·Aures
642 4222 683 4292 ad
697 4222 886 4298 Dominum
904 4274 914 4296 .
932 4230 1062 4307 &.Ha·
1932 4252 1988 4324 9ο

258 4302 373 4376 bemus
388 4309 429 4379 ad
443 4310 630 4390 Dominum
646 4364 656 4385 ·
669 4322 801 4397 Sursum
819 4326 923 4396 corda
931 4315 1062 4418 iljzde·
1403 4320 1621 4421 Postpridic.

255 4423 376 4475 semus
390 4407 431 4477 ad
447 4410 632 4492 Dominum
645 4463 656 4486 ·
669 4419 752 4495 Deo
765 4447 803 4496 ac
814 4423 971 4502 Domino
982 4425 1061 4505 Jesu

257 4500 480 4581 Christoocc.
1101 4556 1104 4561 ·
1197 4524 1368 4598 Recamur
1393 4549 1482 4598 nunc
1497 4524 1646 4598 Domine
1670 4521 1783 4596 sande
1806 4524 1910 4596 Pater

209 4636 228 4686 ὓ
1208 4643 1328 4695 eterne
1336 4626 1552 4717 omnipotens
1562 4623 1656 4694 Deus
1673 4649 1682 4690 ε
1697 4642 1733 4693 ut
1746 4622 1910 4711 quemad·

592 4710 740 4786 inlatio:
1110 4723 1251 4796 modum
1265 4717 1435 4795 Dominus
1451 4718 1562 4793 noller
1574 4719 1667 4798 lesus
1682 4721 1836 4794 Christus
1863 4719 1905 4790 fi·
1927 4742 1977 4821 95

255 4792 352 4973 D
370 4797 491 4897 ignum
506 4804 671 4894 &julium
686 4816 732 4888 ell
746 4841 756 4884 s
771 4839 835 4892 nos
849 4817 911 4894 tibi
930 4817 1056 4916 gratias
1108 4814 1175 4891 lius
1192 4840 1268 4892 tuus
1287 4817 1344 4891 illu
1359 4814 1575 4892 ineffabilium
1590 4815 1772 4914 gratiarum
1795 4814 1906 4891 aetio·

378 4923 482 4992 agere
498 4902 649 4980 Domine
663 4910 787 4984 Sancte
802 4918 906 4990 Pater
936 4941 1054 4991 eterne
1105 4939 1148 4988 ne
1180 4915 1397 5010 semetipsum
1424 4917 1486 4989 tibi
1516 4915 1698 5009 pronubis
1725 4916 1901 4989 offerens:

256 4995 479 5088 omnipotens
493 4998 586 5074 Deus
600 5033 611 5074 s
625 5004 744 5088 &Jesu
755 5011 894 5087 Christo
907 5014 979 5087 filio
994 5034 1055 5089 tuo
1104 5033 1251 5088 mortem
1278 5015 1426 5087 nollram
1441 5013 1652 5107 suscepturus
1677 5015 1813 5088 auditus
1829 5013 1900 5085 ests

208 5121 222 5195 ς
255 5091 411 5168 Domino
429 5099 644 5198 nostrosqui
661 5123 772 5185 tecum
799 5109 892 5184 ssmul
917 5115 952 5186 &
980 5136 1054 5190 curn
1102 5111 1151 5183 ita
1169 5133 1254 5183 nunc
1278 5113 1313 5184 bc
1330 5137 1392 5188 nos
1413 5112 1468 5208 qui
1499 5111 1605 5207 ipsum
1631 5116 1667 5185 dc
1696 5114 1803 5187 vitam
1828 5116 1902 5197 ejus

256 5191 387 5282 Spiritu
403 5198 532 5272 sancto
548 5202 632 5275 hanc
645 5201 733 5277 diem
752 5208 892 5302 gemino
919 5207 1054 5286 luminis
1102 5208 1277 5301 querimus
1303 5213 1508 5306 exequendo
1533 5207 1820 5284 ministerialiter:
1837 5235 1903 5304 que
1931 5237 2003 5289 too

257 5292 617 5400 decoresanbbificans
632 5326 642 5368 s
658 5303 693 5373 &
710 5299 776 5378 luci
809 5331 884 5382 eam
914 5311 1053 5384 dedica·
1103 5305 1246 5380 inllituit
1260 5308 1433 5382 audiamus
1450 5356 1460 5379 .
1480 5312 1524 5381 Ut
1543 5309 1597 5383 hic
1624 5310 1687 5380 tibi
1705 5306 1799 5409 panis
1823 5331 1900 5382 cum

257 5405 313 5459 vit
327 5410 457 5479 parrter
471 5394 506 5465 ἅ
520 5395 616 5471 saluti
632 5446 644 5469 .
660 5399 699 5471 ln
715 5401 802 5475 hanc
815 5430 885 5482 non
900 5409 1054 5484 extantia
1105 5407 1175 5478 hoc
1190 5403 1293 5477 calice
1303 5405 1440 5480 oblatus
1456 5407 1490 5477 in
1507 5403 1567 5478 filii
1582 5406 1632 5479 tui
1645 5428 1770 5500 corpus
1784 5407 1819 5476 ἃ
1830 5405 1902 5476 san·

256 5506 373 5557 creans
390 5509 400 5551 τ
418 5489 452 5559 ὶη
465 5493 551 5567 hanc
567 5519 681 5570 creata
710 5502 912 5579 redimendo
927 5505 1055 5581 salvifi·
1105 5504 1242 5601 guinem
1260 5526 1294 5576 te
1311 5504 1533 5577 benedicente
1546 5503 1690 5575 ditescat
1705 5551 1716 5573 .
1730 5509 1784 5576 Ac
1801 5500 1904 5599 largo
2018 5518 2023 5531 '

207 5617 224 5665 s
256 5605 334 5654 cans
351 5629 361 5651 .
377 5585 473 5658 Hanc
489 5589 521 5659 in
537 5595 740 5670 conditione
764 5620 956 5699 temporum
983 5605 1053 5695 pri·
1103 5603 1177 5676 oris
1191 5602 1241 5671 tui
1258 5602 1411 5694 perfusus
1424 5597 1818 5698 spiritutindulgentiam
1835 5626 1898 5673 uo-

254 5681 458 5761 mamzhanc
470 5686 503 5758 in
514 5692 733 5783 reputatione
747 5698 891 5772 hominis
904 5701 1050 5776 efficiens
1101 5698 1152 5772 bis
1171 5699 1321 5773 omnium
1345 5721 1565 5793 peccatorum
1595 5696 1759 5794 largiatur
1774 5702 1809 5770 &
1824 5725 1902 5795 gra·
1931 5724 2002 5801 105

251 5779 520 5874 gloriositm.ln
555 5809 595 5859 ca
624 5787 733 5866 lucem
766 5796 857 5871 istam
886 5798 1050 5872 visibilem
1100 5799 1257 5872 ciuus&
1282 5794 1500 5870 conlatcase
1517 5796 1631 5868 salutis
1647 5799 1897 5872 d0u0=donec

247 5901 367 5950 creans
382 5906 391 5946 r
405 5879 438 5952 in
456 5906 494 5956 ca
510 5884 679 5958 hodierne
695 5891 953 5970 resurrectionis
969 5897 1048 5994 glo·
1098 5895 1131 5966 in
1159 5892 1340 5986 semetipso
1357 5895 1514 5989 perficiat
1543 5920 1553 5961 c
1584 5895 1769 5972 custodiam
1802 5897 1904 5971 adhi-

247 5977 334 6052 riam
350 5980 588 6059 manifestans·
604 5984 646 6061 ln
661 5988 723 6066 hac
736 5993 861 6099 quippe
874 5994 948 6095 ipse
960 5995 1049 6096 solu7
1097 5992 1177 6075 beat
1190 5990 1383 6114 indefessum
1399 6005 1474 6097 ,ἦρ
1490 5993 1631 6089 Amen.
1840 6097 1904 6175 Μ
