4450 7209
560 683 865 773 snasnro
898 681 1164 766 sancto
1196 665 1478 764 rasoria.¹
1776 693 1854 790 'ier
1929 773 1932 778 ,

188 791 333 873 merato
369 793 504 891 pudore
531 811 747 890 conceptus.
778 786 996 883 Temporalis

185 918 233 969 ex
250 894 388 992 virgine
406 921 416 963 r
434 892 493 966 sed
504 913 692 966 coeternus
715 913 761 961 ex
767 907 893 985 patre·
918 890 996 960 Hu·
1294 885 1483 961 beneditcio
1495 887 1609 962 cerei.
1880 909 1900 982 5
1906 905 1931 990 q

186 991 324 1068 milians
340 990 460 1068 divina
490 1020 501 1062 a
530 1009 568 1063 ut
594 988 699 1088 poffit
728 987 867 1060 elevare
885 1002 996 1061 terre·

184 1091 286 1164 siria.
308 1090 377 1163 Cui
401 1089 489 1164 tanti
503 1087 572 1162 suit
587 1088 735 1165 salvatio
761 1115 771 1158 a
799 1105 839 1158 ut
866 1107 911 1155 ne
933 1105 995 1158 noe
1044 1085 1252 1272 EQnm
1281 1083 1317 1156 δι
1340 1083 1462 1170 iustum
1495 1086 1542 1158 est
1567 1108 1576 1150 =
1602 1105 1686 1162 vere
1701 1084 1857 1164 Domine

136 1208 156 1281 5
185 1192 411 1285 perderemus
438 1186 550 1265 celum
574 1213 585 1258 s
611 1186 670 1262 ille
691 1182 995 1282 patereturinser·
1159 1183 1240 1256 satis
1271 1181 1415 1280 dignum
1451 1186 1488 1258 81
1530 1181 1683 1280 pulcrum
1708 1186 1757 1260 et
1782 1212 1793 1256 r
1819 1187 1856 1260 in

184 1310 291 1361 num.
318 1286 475 1382 Suscepit
493 1309 586 1363 mors
610 1317 621 1360 a
645 1309 747 1384 quem
773 1300 992 1360 tenereton
1041 1298 1209 1388 quantum
1238 1303 1300 1353 nos
1325 1304 1467 1356 munere
1499 1297 1561 1354 tuo
1585 1281 1726 1362 illustras
1749 1310 1759 1352 a
1785 1283 1852 1358 tibi

183 1385 306 1482 potuit
333 1432 345 1455 .
372 1384 592 1482 simplificata
620 1384 765 1462 successu
791 1410 801 1452 a
826 1380 885 1453 sed
912 1403 995 1454 eva·
1043 1389 1179 1484 semper
1219 1378 1347 1476 gratias
1377 1403 1484 1476 agere
1509 1407 1519 1448 r
1546 1386 1635 1475 apud
1672 1407 1773 1478 quem
1804 1385 1852 1462 eli
1879 1380 1931 1460 ὅσ

180 1503 285 1558 cuata
300 1481 444 1579 spolio.
470 1483 654 1560 Exultavit
669 1485 705 1557 in
720 1479 918 1577 raptuased
933 1502 996 1554 oc·
1044 1490 1126 1566 fons
1163 1475 1240 1552 vite
1267 1503 1277 1548 a
1304 1481 1338 1550 in
1367 1483 1464 1563 cujus
1496 1475 1624 1553 lumine
1650 1481 1849 1558 videbimus

182 1582 271 1656 cidit
299 1583 333 1653 in
366 1581 556 1676 tropheo.
587 1584 627 1656 ln
652 1580 688 1654 se
716 1576 832 1652 refusa
861 1577 992 1654 defecit
1042 1583 1184 1659 lumen.
1209 1574 1339 1650 Previa
1367 1593 1422 1652 tot
1463 1575 1632 1671 tantisque
1661 1577 1851 1654 virtutibus

107 1699 157 1754 ιο
183 1681 605 1779 extremitesspollquam
635 1680 711 1754 vite
726 1695 892 1776 appetere
915 1694 993 1750 ten·
1041 1685 1134 1758 circa
1160 1695 1221 1751 tue
1252 1675 1434 1760 maiestatis
1474 1672 1696 1767 resplendens
1726 1675 1853 1752 altaria

183 1779 275 1854 tavit
300 1778 474 1854 auctorem
499 1809 511 1852 a
536 1785 572 1856 dt
597 1781 678 1852 dum
702 1777 807 1854 ambit
831 1772 990 1850 inlicitae
1039 1783 1177 1855 serenat
1209 1769 1268 1846 lux
1297 1772 1428 1845 cerei.
1467 1772 1681 1850 Premittunt
1720 1775 1850 1864 iudicia

181 1876 339 1972 perdidit
376 1879 545 1971 adquifita
570 1925 582 1950 .
612 1876 717 1952 Adest
755 1898 826 1948 nox
866 1873 992 1947 lumine
1041 1867 1322 1979 igneamiracula
1335 1870 1451 1944 secura
1476 1867 1719 1966 lympharum.
1746 1875 1844 1948 Nun·
1874 1868 1927 1970 ὅς

181 1979 314 2050 donata
337 2004 347 2043 s
372 1997 549 2070 perpetuo
561 1975 754 2051 Dominicis
779 1971 989 2048 sanctificata
1036 1983 1149 2056 cietur
1164 1995 1208 2044 ex
1223 1966 1347 2044 lumine
1374 1995 1385 2035 =
1409 1971 1504 2062 quod
1517 1967 1672 2046 nascatur
1695 1997 1741 2046 ex
1766 1973 1847 2048 fon·
1973 2040 1977 2058 ,

180 2070 341 2147 vislnriis
368 2117 380 2143 .
407 2075 489 2165 Qe
514 2075 706 2149 recidivum
727 2071 845 2145 mundi
865 2069 988 2145 sortita
1039 2096 1103 2151 te.
1128 2067 1311 2150 Pateseunt
1337 2063 1416 2140 actu
1440 2090 1450 2134 a
1475 2089 1544 2236 quo
1561 2067 1699 2146 fuerant
1713 2072 1847 2169 figura·

103 2189 152 2262 15
181 2169 333 2245 natalem
365 2195 377 2240 a
416 2172 588 2247 debellata
629 2171 758 2250 funeris
798 2170 982 2269 regiones
1032 2193 1071 2250 ta
1096 2168 1287 2267 mysterio.
1313 2164 1421 2240 Instar
1443 2186 1488 2238 co
1505 2189 1608 2241 umne
1630 2172 1759 2244 veteris
1790 2171 1844 2244 so·

181 2268 379 2366 triumphos
402 2271 529 2344 Christi
558 2270 768 2368 resurgentis
804 2268 944 2363 excepit
973 2314 985 2340 .
1032 2296 1106 2348 mes
1131 2271 1192 2344 ilie
1221 2261 1397 2362 perfulget
1423 2265 1554 2359 :aquis
1581 2266 1746 2362 populum
1774 2267 1842 2345 do·

179 2370 260 2458 Qe
289 2366 564 2464 transgressionis
591 2368 737 2443 maculat
767 2370 896 2440 fluenta
933 2363 985 2440 la·
1033 2389 1094 2447 cet
1124 2361 1191 2445 else
1222 2362 1418 2440 salvandum
1442 2386 1453 2432 e
1479 2385 1543 2457 per
1578 2388 1662 2460 quas
1690 2367 1725 2436 dc
1756 2363 1844 2441 libe·
1871 2375 1926 2460 7!

179 2465 275 2540 vacri
306 2461 463 2538 salutaris
499 2466 683 2542 abstersit.
716 2469 795 2560 Qe
813 2486 985 2539 veterno·
1032 2468 1124 2547 ratio
1154 2464 1328 2541 tribuatur
1356 2463 1400 2536 ad
1429 2456 1571 2539 salutem
1598 2491 1609 2534 r
1634 2465 1670 2538 dt
1698 2488 1849 2564 regent*

181 2564 217 2637 sa
252 2561 407 2636 criminis
435 2564 637 2641 indumenta
663 2563 757 2639 tactu
782 2563 902 2659 liquidi
930 2587 987 2638 re·
1030 2565 1128 2643 ratio
1142 2566 1295 2642 donetur
1316 2559 1360 2634 ad
1371 2560 1549 2654 requiem.
1577 2561 1846 2640 AscendatDo·

99 2681 151 2736 ao
179 2659 290 2735 solvit
320 2659 484 2736 elementi
507 2664 580 2736 .1n
607 2688 675 2759 qua
699 2665 893 2736 mercedem
908 2659 984 2736 san·
1031 2665 1122 2740 mine
1152 2665 1189 2737 in
1215 2658 1304 2733 cons
1324 2656 1404 2730 edu
1429 2654 1538 2758 glorie
1568 2678 1628 2734 tue
1645 2661 1845 2740 obsecratio

180 2759 295 2857 guinis
326 2761 505 2855 presentat
540 2763 630 2834 unda
666 2760 917 2857 baptismatis·
946 2764 984 2835 dt
1033 2765 1166 2840 devota
1205 2681 1410 2834 famulorum
1441 2804 1453 2827 .
1484 2757 1677 2832 Visitentur
1700 2761 1846 2838 benedi·

177 2859 260 2930 dum
285 2879 389 2932 vetus
416 2857 516 2957 culpa
539 2859 672 2936 decidit
696 2881 706 2923 τ
728 2881 844 2934 novus
871 2855 985 2936 homo
1033 2862 1158 2936 dionis
1184 2861 1283 2935 dono
1307 2877 1318 2921 ε
1344 2877 1412 2948 que
1436 2853 1534 2932 sacro
1559 2857 1763 2934 dedicantur
1778 2865 1845 2936 ob·
1873 2871 1924 2956 75

178 2956 388 3055 consurgit.
1036 2960 1185 3055 seqnio.
1209 2957 1292 3030 Non
1317 2951 1375 3025 bic
1400 2954 1508 3026 tureis
1534 2953 1696 3030 adoletur
1710 2957 1845 3038 flamma

190 3073 194 3082 '
1036 3054 1204 3157 virgultis
1240 3075 1251 3118 a
1289 3072 1352 3122 nec
1379 3046 1412 3120 in
1443 3050 1584 3125 sabeicis
1614 3053 1847 3149 proscindun-

101 3171 152 3246 25
280 3158 399 3231 oratio
423 3175 582 3256 querente
602 3153 891 3232 Altarediciter.
1037 3173 1096 3230 tur
1112 3153 1208 3250 ligna
1234 3177 1244 3222 e
1270 3147 1530 3245 nemoribusque
1550 3149 1755 3228 suavitatem
1770 3155 1847 3230 cin·

1036 3251 1184 3326 namomi
1200 3265 1361 3325 rorantes
1375 3245 1564 3323 exhalant.
1593 3252 1662 3324 Sed
1690 3276 1768 3328 cera
1794 3257 1844 3332 fa.

180 3348 276 3527 D
293 3350 357 3424 Eus
371 3353 429 3449 qui
443 3352 535 3429 filios
552 3347 654 3425 Israel
668 3347 784 3426 educis
799 3371 846 3421 ex
861 3346 985 3446 Egyp·
1032 3350 1182 3426 mulatur
1195 3371 1241 3422 ex
1256 3347 1382 3426 lumine
1407 3372 1417 3414 e
1443 3370 1510 3442 que
1526 3372 1595 3421 non
1610 3347 1781 3445 polluitur
1793 3377 1838 3429 ex
1870 3352 1923 3430 86

306 3470 366 3526 toa
382 3449 570 3550 palpabiles
587 3450 721 3546 Egypti
739 3449 897 3523 tenebras
925 3471 985 3520 rev
1034 3469 1206 3548 parente.
1224 3449 1333 3533 Cuius
1349 3463 1474 3522 natura
1487 3447 1531 3518 de
1547 3448 1657 3524 liores
1671 3457 1767 3536 cuius
1780 3479 1840 3528 or·

179 3543 393 3642 linquendo.
424 3551 519 3623 Dens
549 3550 608 3644 qui
632 3552 720 3622 duce
747 3544 881 3619 luminis
904 3570 985 3643 gra·
1032 3567 1086 3623 tus
1104 3572 1149 3620 ex
1164 3546 1329 3642 virgine.
1354 3544 1423 3618 Cui
1453 3542 1511 3620 illa
1535 3548 1595 3622 dat
1610 3548 1765 3645 genitrix
1782 3577 1844 3628 na·
1934 3639 1936 3644 A
1970 3553 1977 3641 ἰ

99 3662 151 3740 30
179 3646 229 3718 tia
256 3674 266 3716 a
293 3651 428 3744 pondus
444 3649 618 3724 horrende
635 3643 982 3719 nouisexterminas.
1031 3644 1362 3742 eivitatisoriginern
1378 3668 1467 3738 eqne
1481 3647 1720 3741 corruptionis
1737 3651 1845 3727 nescit
1887 3715 1889 3722 a

178 3745 279 3816 Deus
306 3748 362 3840 qni
390 3749 598 3840 precedente
612 3740 752 3839 Angelo
781 3761 842 3815 tuo
870 3742 982 3816 inco·
1027 3767 1211 3819 errorem.
1237 3743 1366 3816 Pharus
1390 3763 1468 3816 cunr
1495 3746 1597 3822 etiam
1627 3747 1835 3825 niveoado-
1972 3809 1975 3818 .

182 3839 297 3918 lumna
311 3845 406 3916 nubis
420 3846 452 3917 in
466 3844 594 3917 diemo
619 3865 730 3936 eoque
753 3841 790 3912 in
820 3837 982 3914 columna
1029 3863 1131 3939 perta
1159 3841 1218 3913 sub
1249 3841 1401 3938 tegmine
1426 3867 1436 3910 a
1463 3843 1671 3921 flammarum
1691 3871 1836 3942 exequi·
1869 3843 1919 3940 85

178 3938 272 4036 ignis
286 3945 319 4015 in
336 3939 874 4038 nouenpotterioraservantem
891 3965 900 4006 a
918 3960 981 4008 cu·
1032 3959 1090 4013 tur
1119 3941 1355 4013 incremento·
1381 3939 1503 4033 Neque
1529 3942 1598 4018 hoc
1622 3945 1692 4016 line
1708 3944 1839 4021 celellis

178 4062 252 4114 ram
270 4043 380 4116 nollre
397 4038 507 4112 salutis
521 4039 700 4132 exequeris
728 4059 739 4106 a
764 4057 867 4130 teque
880 4032 981 4109 nobis
1031 4038 1147 4136 agitur
1178 4035 1386 4132 operatione
1414 4040 1556 4114 virtutis
1582 4045 1710 4136 equod
1742 4045 1840 4118 favet

99 4157 148 4234 35
179 4137 213 4208 in
243 4161 291 4210 eo
315 4139 438 4232 pressas
463 4139 499 4211 in
531 4161 603 4231 quo
632 4133 746 4210 lucere
776 4157 839 4206 nos
853 4128 980 4209 lumine
1031 4135 1169 4234 ignibus
1197 4134 1413 4207 res-nutrita
1439 4138 1636 4236 gurgitibus
1664 4189 1675 4212 .
1716 4151 1840 4240 Agno-

86 4269 100 4288 ·
179 4234 322 4307 scientie
354 4257 412 4308 tue
444 4236 542 4320 jubes
568 4283 578 4304 ·
604 4238 669 4310 Fac
695 4255 760 4306 nos
786 4231 980 4304 divinitatis
1028 4231 1127 4309 scunt
1141 4234 1260 4305 cundia
1274 4249 1310 4304 te
1323 4231 1676 4333 Dominumetibique
1687 4240 1720 4311 se
1731 4239 1839 4315 sciunt

179 4351 240 4405 tue
273 4333 349 4406 sieri
377 4333 553 4408 consortes
574 4356 584 4396 ι
608 4335 644 4404 dt
672 4329 768 4428 larga
796 4327 983 4426 tuapieta·
1030 4331 1160 4405 debete
1186 4329 1281 4423 quod
1307 4349 1384 4403 nata
1412 4331 1517 4408 sunt.
1544 4335 1674 4411 Detlilli
1691 4341 1746 4434 pie
1759 4343 1837 4435 opi·
1864 4359 1918 4425 90

179 4449 218 4502 te
245 4453 291 4502 ex
321 4430 543 4505 invisibilibus
582 4429 681 4504 bonis
712 4426 857 4502 visibilia
891 4430 982 4503 bona
1031 4431 1091 4505 sex
1117 4447 1275 4503 creature
1303 4426 1432 4504 sensum
1458 4457 1468 4501 a
1492 4457 1558 4526 que
1594 4433 1698 4510 suum·
1727 4441 1838 4531 possit

176 4530 434 4624 concede.que
452 4555 516 4602 nos
540 4533 575 4602 δι
598 4528 716 4601 offerri
731 4527 881 4601 doceant
909 4549 920 4592 r
945 4528 981 4598 δι
1031 4525 1279 4624 intelligere&
1295 4527 1473 4603 honorare
1486 4529 1652 4606 fossorem
1668 4583 1678 4604 .
1692 4533 1837 4606 Intende
1961 4553 1964 4560 ·

96 4645 152 4724 40
182 4645 273 4700 tuam
292 4627 490 4702 inomnibus
513 4621 681 4720 compleri
707 4623 833 4700 saciant
852 4617 981 4697 volun·
1029 4626 1206 4721 propicius
1219 4625 1371 4698 Domine
1388 4626 1429 4696 ad
1446 4627 1545 4714 huius
1567 4630 1659 4704 cerel
1681 4633 1840 4704 devotis·

179 4745 313 4801 tatem·
1031 4725 1147 4800 simam
1164 4721 1367 4796 servitutem
1383 4741 1443 4794 aut
1455 4729 1512 4818 qui
1528 4725 1689 4801 flammam
1708 4727 1837 4826 gigne·

225 4837 275 4919 132.
289 4833 425 4898 Amen·
1034 4845 1072 4896 re
1085 4823 1239 4897 cernitur
1265 4847 1274 4889 ι
1300 4817 1413 4893 usuale
1440 4841 1500 4894 tue
1519 4824 1833 4903 benedidionisse.
1858 4833 1912 4922 95
1960 4877 1967 4891 .

225 4934 295 4992 Hes
315 4927 585 5018 quinquegenus
615 4913 733 5008 incensi
760 4945 782 4992 e
811 4911 980 4990 Diecbunn
1028 4939 1168 4994 renatus
1184 4942 1229 4990 ex
1245 4914 1375 4989 lumine
1399 4944 1409 4986 a
1434 4921 1564 4994 tundis
1576 4922 1618 4996 fit
1631 4925 1835 5020 expedibilis

175 5017 362 5115 infiguntur
398 5041 493 5090 cereo
515 5019 549 5088 in
575 5017 706 5090 modum
732 5025 839 5090 oecis
865 5062 876 5086 .
903 5007 982 5096 Posi
1029 5021 1073 5092 ad
1103 5013 1245 5090 salntem
1272 5063 1283 5087 .
1309 5014 1469 5091 Resolvit
1496 5021 1652 5116 gravium
1683 5025 1836 5100 somena

93 5141 146 5216 45
176 5116 261 5188 benc
283 5117 480 5215 explicitam
495 5115 628 5186 accedet
641 5113 827 5187 Diecbonur
847 5111 915 5209 ipse
935 5116 980 5184 (a
1029 5111 1263 5208 languorum·
1289 5113 1504 5210 Asperitates
1531 5118 1664 5193 casuum
1691 5123 1834 5196 remedii

176 5216 217 5285 de
242 5215 314 5311 ipsa
345 5215 481 5288 lucerna
510 5213 657 5284 accendit
692 5234 822 5286 cereum
852 5259 863 5281 .
903 5203 982 5290 Peli
1032 5207 1281 5305 tranquillitate
1314 5213 1513 5310 confringat
1537 5257 1552 5280 ι
1580 5219 1705 5294 Omnia
1742 5221 1833 5294 votis

173 5309 237 5384 bec
263 5337 285 5382 a
313 5305 973 5401 Dr'ecbonibestribusuicr‘busfilentim
1024 5307 1217 5408 largiantur
1245 5309 1398 5384 hunranis
1425 5341 1434 5380 =
1466 5313 1523 5408 qui
1549 5315 1592 5386 de
1605 5320 1671 5389 tuis
1687 5319 1834 5392 benedi·
1864 5334 1937 5398 nno¹

174 5409 308 5480 detur·
333 5412 459 5482 Deinde
482 5410 636 5480 accedent
660 5407 821 5482 Diaeboni
847 5409 890 5479 nd
919 5428 974 5477 ce·
1023 5408 1193 5482 &ionibus
1207 5407 1375 5502 sumpsere
1388 5411 1563 5486 officium.
1583 5413 1711 5486 Tribue
1727 5417 1831 5491 etiam

172 5529 270 5580 reum
307 5529 317 5571 =
353 5511 414 5602 qui
441 5509 485 5578 ad
511 5507 687 5580 dexteram
723 5530 824 5579 cornu
851 5503 974 5576 esteris
1023 5509 1175 5580 Domine
1193 5503 1305 5579 sande
1332 5511 1438 5583 Pater
1467 5511 1690 5603 omnipotens
1709 5515 1832 5588 Deust

93 5635 147 5712 50
172 5602 279 5687 adstet
305 5629 315 5672 a
340 5602 529 5676 benedicent
555 5625 628 5676 erem
658 5600 975 5678 benedictionalem.
1024 5603 1140 5677 utdiei
1158 5605 1257 5689 hujus
1270 5601 1420 5679 solennia
1434 5603 1524 5680 sacre
1541 5609 1750 5701 paschalistin
1763 5637 1831 5708 qua

177 5702 297 5797 sicque
330 5699 396 5774 esis
419 5702 483 5771 duo
514 5705 602 5772 cerei
631 5725 704 5774 eum
737 5724 774 5773 eo
799 5700 975 5772 accendun-
1025 5699 1259 5792 redemptoris
1270 5703 1372 5775 nostri
1385 5699 1494 5800 gloria
1505 5707 1829 5806 predicatur&gra.
1970 5693 1999 5757 ·’

173 5815 234 5874 eur
258 5823 269 5867 a
293 5797 492 5894 ueusjexta
518 5798 751 5869 cornueltaris
778 5821 799 5866 a
827 5792 975 5891 pareest·
1027 5799 1195 5874 tiaacum
1209 5798 1356 5870 antistite
1370 5801 1488 5874 nollro
1518 5811 1561 5876 A.
1578 5827 1654 5878 cum
1673 5805 1831 5902 gloriosis
1865 5827 1933 5906 105

173 5893 276 5983 silita
303 5925 314 5966 a
337 5893 483 5974 &alius
499 5888 691 5990 postestate
711 5891 869 5982 clientes.
1028 5897 1265 5989 Principibusa
1290 5921 1365 5970 curn
1383 5900 1598 5996 Presbyteris
1627 5905 1837 5980 Diaconibus

347 6063 351 6069 .
1026 5991 1254 6093 Cleroatque
1272 5995 1364 6070 omni
1386 5994 1479 6072 fideli
1494 5997 1652 6098 populo:
1673 6001 1734 6077 sub
1748 6001 1834 6079 nul·

271 6091 365 6183 Mfss·
379 6101 514 6172 Mezen
722 6161 729 6168 .
1342 6093 1370 6170 Z
1717 6124 1834 6179 torum
