4450 7209
399 730 449 875 Ὗ
859 694 936 771 IN
983 683 1567 773 Fsssrosit'uc'rt

400 829 464 903 go

465 803 517 879 ria
532 822 602 877 non
618 794 792 875 futurum.
807 791 843 869 8i
857 814 971 868 autem
988 818 1052 891 per
1064 794 1197 871 verita·
1242 814 1322 866 nem
1341 787 1484 884 spiritua
1495 783 1733 866 immolamur}
1755 778 2043 861 lreclibaminain
2071 817 2109 893 55

401 922 477 973 rem
492 900 563 998 ipse
576 894 662 973 alion
685 891 895 993 predicando
907 890 1120 985 anquireret'e
1135 908 1196 967 ant
1244 886 1456 963 ablutionem
1481 886 1715 981 peccaminum
1743 904 1816 959 ate
1836 880 2049 957 {collibrata

399 996 438 1068 se
452 1023 520 1096 pro
532 996 682 1068 veritate
693 988 854 1085 quispiam
881 990 1084 1086 persecutor
1106 989 1202 1066 occi·
1249 984 1435 1062 sumamus·
1459 988 1656 1078 damn·

400 1092 525 1167 deret.
549 1088 769 1185 Agnoscebat
786 1082 1034 1161 locumsuuma
1060 1086 1201 1183 cogita·

341 1206 370 1293 '5
403 1186 649 1263 batofficinm·
675 1182 754 1277 qnia
766 1178 873 1257 altare
889 1181 926 1253 se
938 1184 1005 1255 effe
1029 1200 1198 1259 noverata
1406 1180 1662 1253 aornim
1673 1177 1890 1252 brunicam.

403 1282 619 1377 semetipsum
645 1280 789 1355 bolliam
812 1282 1015 1375 preparabat
1037 1326 1049 1351 .
1074 1278 1200 1355 Plenus
1344 1272 1459 1346 Teme
1472 1274 1542 1346 Dei
1567 1272 1658 1347 filiun
1669 1276 1820 1349 Domine
1828 1272 1925 1350 lesna
1950 1290 2052 1365 quem
2076 1284 2120 1355 60

405 1378 535 1473 Spiritu
543 1375 671 1452 tando
682 1377 891 1451 sacramenta
904 1378 1069 1452 rutilabata
1081 1374 1206 1453 uolent
1356 1374 1548 1465 Stephanus
1557 1372 1640 1445 dum
1653 1368 1887 1466 lapidaretur:
1910 1388 1952 1439 ut
1975 1371 2050 1450 eiua

405 1472 544 1551 calicem
563 1476 682 1547 bibere
696 1484 798 1567 qn'tm
823 1472 1005 1549 tradebat·
1023 1474 1141 1549 Stabat
1153 1474 1208 1545 in·
1255 1471 1414 1565 spiritum
1427 1465 1613 1561 susciperet
1637 1467 1845 1542 invocabam
1871 1486 1972 1559 quem
1988 1484 2050 1555 9⁰·

405 1569 552 1647 terilloc
565 1566 736 1667 populosa
762 1570 1205 1668 quiservirnonparcerea
1254 1564 1485 1664 litirgenibur
1499 1588 1567 1659 pro
1594 1564 1734 1639 inimicit
1757 1566 1899 1637 orabata
1927 1580 1966 1633 tu
1992 1580 2055 1629 noa

326 1694 376 1751 ,ιο
408 1666 552 1745 Domini
581 1684 693 1739 morte
720 1663 911 1755 didicerat,
932 1686 991 1739 aut
1014 1670 1073 1762 qui
1100 1665 1207 1765 magia
1256 1658 1555 1751 facito&amicon
1568 1660 1604 1730 in
1617 1678 1653 1733 te
1670 1664 1818 1736 fidenter
1831 1654 1978 1753 diligere
1993 1654 2053 1725 a&

410 1762 565 1859 usquead
589 1760 732 1839 Domini
755 1784 872 1839 necem
900 1762 1080 1843 servorum
1096 1783 1209 1838 morte
1257 1782 1323 1854 pro
1345 1756 1549 1869 inimiciter
1562 1761 1740 1869 sinceriter
1753 1753 1949 1863 postulare5
1970 1754 2057 1861 Q?
2080 1770 2124 1857 65

412 1863 877 2051 llllilz‘llni'qlstl
901 1858 1213 2031 llffltlrl‘llt
1258 1856 1339 2026 ‘ld
1346 1853 1685 2046 fillli'llsslsslli
1704 1850 2057 2055 {irssffiltltffil

415 2077 482 2149 pro
493 2052 669 2126 Dominor
700 2056 736 2124 dt
756 2052 857 2125 occisi
872 2076 1026 2127 amorem
1042 2054 1135 2130 inter
1146 2056 1214 2128 ho·
1260 2070 1421 2122 memuse
1436 2050 1562 2122 territ-
1583 2051 1687 2123 Pater
1701 2047 1930 2138 nosterqurca
1951 2042 1987 2113 in
2001 2060 2060 2110 ce·

338 2174 354 2227 r
362 2176 379 2245 5
416 2149 551 2221 micidas
565 2145 735 2243 impavida
750 2148 940 2223 deuotione
953 2152 1075 2225 fateri?
1089 2152 1212 2225 Nove·
1260 2142 1302 2217 lia
1316 2190 1328 2213 ·
1342 2159 1392 2236 gt·
1401 2147 1533 2217 Amen.
1985 2197 1990 2203 -

418 2264 471 2319 rat
490 2246 522 2314 se
554 2242 603 2314 illi
632 2244 815 2317 moriendo
839 2249 1073 2343 jungendumz
1101 2248 1155 2319 cui
1177 2246 1213 2317 se
1309 2253 1410 2313 Darat
1420 2238 1822 2316 Presl.Humiliatevoa
1842 2233 2056 2311 benedictio·
2084 2276 2128 2349 7⁰

418 2336 558 2412 dolebat
584 2338 816 2431 superbiendo
849 2343 1080 2427 disjundlum.
1104 2348 1215 2417 Tene·
1262 2338 1326 2410 ni.
1349 2338 1515 2411 Dominus
1530 2339 1573 2413 lit
1588 2338 1720 2437 semper
1735 2336 1939 2413 vobiscum.
1962 2331 2054 2425 §obt

418 2438 477 2509 bat
492 2436 645 2529 Magistri
671 2458 833 2531 precepta
845 2461 912 2529 que
928 2443 1092 2514 didicerat
1106 2468 1117 2509 ε
1142 2465 1215 2516 non
1261 2456 1338 2509 cum
1353 2432 1497 2527 spiritu.

418 2530 477 2602 fibi
495 2533 635 2625 dignum
664 2536 728 2607 else
757 2533 978 2628 discipulumr
1007 2541 1063 2631 qui
1089 2538 1123 2609 le
1148 2562 1215 2611 non
1565 2538 1774 2611 Bardiliio.

338 2655 384 2709 20
419 2646 558 2723 portata
572 2650 671 2701 cruce
687 2629 906 2723 sequeretur.
929 2631 1078 2709 Volebat
1092 2658 1217 2727 pcrve·
1363 2631 1493 2705 Hristus
1507 2633 1578 2705 Dei
1592 2634 1707 2707 filinsa
1731 2652 1794 2725 pto
1808 2634 1902 2712 culus
1922 2619 2061 2701 nomine

419 2724 494 2797 nire
511 2746 580 2817 quo
608 2746 706 2798 erate
734 2724 790 2821 qui
816 2727 974 2821 cupiebat
997 2728 1113 2804 levare
1124 2736 1216 2825 quod
1365 2732 1555 2824 Stephanus
1568 2750 1700 2824 martyr
1712 2727 1878 2823 lapidatus
1892 2728 1939 2797 ed
1953 2723 2055 2794 inno·
2089 2764 2131 2839 75

418 2820 572 2906 jusserat.
585 2820 746 2893 necfallir
761 2820 816 2895 sua
829 2824 952 2919 opinio
963 2832 1030 2911 iam
1048 2848 1217 2922 paratum.
1264 2845 1363 2894 cens:
1391 2845 1511 2897 contra
1525 2826 1763 2899 incursantium
1775 2828 1957 2897 demonum
1978 2819 2062 2890 istus

418 2916 507 2987 Ecce
524 2913 572 2987 illi
583 2916 641 3011 qoi
658 2916 692 2989 in
702 2918 839 2991 Christo
853 2940 1010 3014 tanquam
1020 2924 1054 2994 in
1071 2924 1215 3019 lapidem
1264 2942 1331 2992 uos
1345 2920 1469 2995 efficiat
1483 2920 1674 2995 fortiores.
1699 2936 1747 3014 ¹32·
1762 2929 1895 2997 Amen.
1918 2915 2059 3009 Quique
2115 2918 2133 2957 ⁶

418 3012 662 3087 offenderunta
693 3014 725 3085 in
740 3016 950 3110 Stephanum
964 3044 1038 3093 cnm
1048 3019 1213 3117 lapidibus
1262 3038 1432 3109 cumpro
1461 3018 1603 3091 inimicis
1637 3036 1794 3091 orantem
1830 3012 2065 3088 confirmato

339 3136 385 3208 ²5
417 3107 613 3183 irruerunt.
637 3112 718 3185 Hoc
735 3108 801 3183 illis
819 3116 917 3188 furor
931 3118 1040 3199 jecit:
1061 3143 1135 3213 qno
1159 3144 1217 3195 ce·
1262 3114 1433 3205 martyrio
1446 3115 1613 3209 provexit
1636 3117 1681 3187 ad
1694 3112 1829 3187 cclum=
1853 3111 2011 3186 conserat
2026 3107 2063 3177 ln

418 3226 478 3277 cur
493 3228 594 3281 error
617 3205 786 3304 impegit.
813 3207 895 3281 Inde
909 3214 1073 3289 obruerat
1086 3218 1216 3289 docen.
1264 3206 1417 3283 vobisut
1431 3210 1501 3282 sine
1523 3210 1726 3287 confusione
1750 3216 1796 3289 ad
1821 3234 1901 3281 eum
1915 3202 2063 3279 veniatis
2093 3225 2134 3295 8ο

417 3320 488 3377 tem
507 3328 517 3369 ι
532 3303 622 3374 unde
636 3303 834 3379 ceciderant
851 3330 917 3379 non
932 3314 1109 3386 credentes
1123 3362 1135 3383 .
1147 3310 1218 3407 Qi
1267 3305 1340 3400 post
1356 3308 1548 3381 transitum.
1570 3322 1620 3402 132·
1631 3313 1765 3381 Amen·
1781 3312 1828 3381 Ut
1843 3301 2067 3379 lllltlssfflffl

417 3396 487 3471 illia
513 3396 621 3471 ndns
636 3400 684 3473 est
708 3418 806 3495 petra
833 3399 1001 3479 scandalir
1027 3411 1219 3506 stephanus
1267 3402 1339 3496 poll
1364 3404 1448 3477 istud
1471 3400 1619 3478 seculum
1642 3404 1781 3478 accedat
1795 3404 1902 3479 anima
1925 3396 2065 3469 vestrae

362 3502 365 3517 '
418 3491 530 3605 sadus
563 3494 766 3607 ellcorona
795 3502 951 3595 martyrii
964 3551 975 3573 .
999 3505 1067 3577 Cui
1095 3508 1221 3580 merito
1269 3522 1340 3591 quo
1367 3502 1675 3596 predistunmartyr
1690 3498 1950 3598 spiritnmsuuu
1966 3489 2071 3564 susci·

345 3622 392 3695 30
421 3608 514 3663 mter
537 3588 713 3684 gloriosos
739 3592 903 3688 angelonr
927 3596 1131 3695 celestesque
1153 3604 1223 3677 vir·
1269 3598 1306 3691 pi
1319 3599 1512 3673 exorabat.
1537 3612 1589 3693 132·
1600 3603 1736 3673 Amen.

425 3702 517 3781 tutes
534 3711 545 3751 ι
559 3686 719 3777 hymnum
732 3684 839 3763 laudis
853 3694 968 3767 debite
983 3698 1053 3771 line
1067 3698 1224 3777 cellatio·
1319 3696 1421 3764 Dim
1433 3692 1554 3768 Presb·
1565 3697 1736 3771 Dominua
1747 3696 1789 3767 fit
1810 3694 1941 3788 lempst
1951 3684 2071 3766 Vobis·
2095 3708 2138 3796 85

426 3804 470 3881 ne
483 3778 696 3874 proclamata
721 3802 823 3881 atque
837 3790 946 3865 dicit.
1269 3812 1367 3863 cum·
1391 3794 1495 3884 lja-Et
1509 3816 1586 3869 cum
1600 3791 1720 3885 spiritu
1731 3811 1818 3867 tuo·
2134 3788 2139 3800 ’

425 3938 430 3947 .
472 3881 574 3952 Dicat
584 3878 731 3957 chorus.
752 3886 892 3963 Sardus
908 3886 1048 3967 sendus
1064 3892 1226 3969 Sanstun.
1321 3889 1422 3960 Dicat
1438 3891 1584 3966 choum.
1607 3889 1791 3965 Gullatc&
1805 3887 1948 3963 videte.

1022 4010 1034 4033 ·
1441 3984 1519 4071 Post
1534 3992 1735 4060 ὡιιιιιιιιιίο.
1760 3987 1900 4057 oratio.
2069 4072 2076 4081 ι

346 4108 390 4181 35
713 4077 791 4164 nos
805 4085 959 4160 nouus.
1369 4087 1523 4163 Ustanter
1548 4084 1695 4157 Domine
1722 4076 1901 4158 suavitatis
1914 4074 2074 4152 dulcedi·
2178 4071 2180 4100 ¹

536 4174 601 4247 Ere
618 4174 777 4250 lauduna
805 4204 889 4254 uere
915 4183 949 4254 in
965 4180 1224 4281 altiffimirglo-
1384 4182 1437 4255 nis
1462 4180 1708 4281 plenitudinem
1733 4178 1934 4271 queltnnuna
1960 4194 2000 4245 nt
2026 4170 2072 4243 sit
2098 4210 2142 4281 90

546 4267 654 4344 riolun
668 4274 833 4347 Dominus
848 4276 1220 4360 nollerJesusClrristun
1272 4278 1459 4355 nobishoc
1491 4282 1524 4352 in
1552 4278 1775 4355 remissionem
1797 4286 2020 4368 peccatorum
2033 4268 2071 4339 bl

425 4360 517 4437 filiun
531 4383 636 4437 ιιιιιι.
661 4370 782 4460 Aqno
804 4374 996 4468 Stephanus
1010 4394 1142 4468 martyr
1153 4377 1226 4471 pri·
1271 4371 1453 4447 sanitatem
1481 4377 1670 4451 mentium·
1695 4376 1895 4465 gumen·
1913 4370 1982 4441 Per
2004 4365 2075 4438 mi·

426 4482 499 4536 atus
513 4478 613 4555 atque
636 4458 740 4538 levita
767 4468 927 4540 coronari
941 4472 1130 4564 promeruit
1154 4471 1229 4567 pas·
1275 4468 1492 4545 sericordiam
1505 4492 1595 4547 tuam
1610 4470 1703 4543 Deus
1717 4467 1854 4541 nouere
1872 4463 1931 4557 qui
1953 4486 1989 4533 er
2005 4463 2072 4533 be·

347 4590 396 4664 40
427 4558 521 4631 lione
551 4556 724 4653 suscepta:
751 4560 832 4635 dum
847 4564 880 4635 dt
902 4586 978 4639 cum
992 4568 1116 4641 ceteris
1142 4594 1229 4642 con·
1276 4565 1427 4641 nedictus
1447 4572 1482 4641 dr
1498 4568 1613 4642 omnia
1630 4564 1721 4661 regis
1746 4562 1781 4631 in
1802 4558 1912 4635 secula
1931 4558 2069 4636 seculo·

382 4732 383 4736 Ἴ
429 4652 609 4725 secrandur
623 4654 865 4750 Apostolorum
880 4658 1047 4735 elcdlione
1063 4663 1097 4734 in
1123 4665 1225 4737 mini·
1273 4684 1369 4735 rum.
1397 4678 1446 4755 nr-
1461 4668 1603 4737 Amen.
1624 4660 1791 4737 Dominus
1806 4658 1848 4731 fit
1862 4656 1992 4752 semper
2001 4684 2073 4735 vo·
2098 4687 2144 4757 95

426 4750 532 4821 derio
543 4748 686 4844 eligitur
698 4754 903 4849 septimun&
921 4756 1140 4852 singulariter
1156 4784 1223 4853 pro
1273 4757 1426 4831 biscum.
1458 4762 1676 4855 Mecum.

430 4845 571 4953 §bristo
586 4850 785 4941 martyrium
798 4854 943 4944 adeptus
955 4854 1003 4926 cll
1019 4854 1227 4947 primus-Qi
1324 4857 1424 4927 Dicat
1435 4854 1555 4929 aresb.
1575 4851 1738 4930 Solennia
1760 4848 1932 4945 completa·
1940 4850 2015 4923 sunt
2031 4854 2070 4927 in

429 4938 713 5033 rdeolapidarise
729 4945 963 5020 voluitsaxeie
980 4949 1098 5025 ictibus
1125 4956 1229 5046 perli-
1274 4950 1414 5025 nominc
1429 4952 1568 5027 Domini
1584 4950 1687 5025 nostri
1700 4948 1775 5031 Jesn
1787 4946 2072 5027 Christianorum
2167 5014 2173 5023 .

349 5048 397 5138 45
431 5035 578 5147 dorumr
604 5037 791 5145 utflfaciliun
809 5044 989 5135 pervenire
1007 5049 1107 5141 possit
1121 5049 1163 5122 ad
1181 5048 1229 5121 la·
1276 5046 1425 5121 nollrum
1441 5049 1483 5120 fit
1496 5064 1668 5143 acceptum
1681 5068 1758 5117 cum
1773 5066 1855 5139 pace
1867 5090 1886 5114 e

428 5129 543 5225 prdem
563 5132 775 5222 prectosum=
803 5138 972 5213 Christum
988 5142 1175 5218 Dominum
1189 5168 1229 5217 ac
1325 5156 1374 5236 ξι·
1386 5146 1468 5219 Deo
1481 5143 1627 5241 gratias.
1908 5224 1914 5235 ,
2103 5168 2168 5221 too

431 5226 700 5321 Redemptorem
717 5249 892 5306 eternum.
924 5318 930 5325 ‚

256 5418 259 5425 Δ
609 5320 713 5433 'Poll
722 5330 858 5419 pridie.
884 5338 1024 5405 Oratio.
1301 5331 1354 5417 lN
1366 5334 1541 5408 SANCTI
1558 5336 1792 5419 JOHANNlS
1819 5333 2053 5411 APossott

431 5422 523 5599 O
545 5417 746 5511 Mnrpotcnn
775 5424 870 5497 Deus
897 5446 998 5520 pater
1024 5457 1034 5499 r
1059 5432 1116 5525 qui
1152 5432 1229 5523 post
1468 5432 1526 5503 ET
1549 5426 1884 5511 EVANGELISTE·

354 5540 398 5610 50
562 5510 773 5593 oblationem
799 5520 966 5615 unigeniti
1008 5528 1058 5599 tui
1083 5529 1226 5602 bolliam
1822 5588 1825 5595 .

429 5610 556 5718 uiuam⁸
574 5611 780 5719 Stephanum
824 5616 967 5709 primunt
1012 5642 1228 5719 martyrem:
1467 5622 1696 5718 Addmffrm·
1719 5623 1888 5714 officiunt.
2106 5642 2166 5713 105

275 5785 279 5789 .
430 5700 620 5811 suscepisti:
648 5726 775 5820 runos
793 5712 834 5781 ad
861 5718 932 5796 ejus
961 5717 1153 5813 exemplum
1179 5721 1229 5793 fa·
1370 5720 1507 5796 loriam
1526 5724 1564 5795 δι
1592 5746 1753 5819 magnum
1781 5723 1942 5794 decorem
1966 5720 2081 5814 impo-

430 5814 503 5907 crto
535 5798 800 5913 effeyrbrmam
836 5806 1033 5900 placationis
1065 5842 1075 5884 a
1105 5817 1140 5885 ἃ
1167 5815 1231 5889 bo·
1394 5842 1451 5889 nes
1479 5816 1575 5911 snper
1607 5842 1683 5892 eum
1716 5814 1850 5899 alleluia
1880 5841 1890 5883 a
1915 5818 1951 5888 dt
1979 5818 2078 5888 dabie

430 5893 520 5967 llum
537 5914 723 5987 putum·
747 5900 921 5989 QOdum
937 5905 998 6003 ipli
1022 5908 1231 6005 permistio·
1277 5933 1354 5985 eum
1378 5913 1412 5985 in
1433 5912 1707 5989 benediiiionem
1733 5961 1749 5985 a
1783 5914 1826 5987 Et
1852 5911 1887 5989 in
1920 5910 2078 6080 lecrsrlnn'n

1991 6032 2081 6081 ecua
