<?xml version="1.0" encoding="UTF-8"?>
<!DOCTYPE html PUBLIC "-//W3C//DTD XHTML 1.0 Transitional//EN"
    "http://www.w3.org/TR/xhtml1/DTD/xhtml1-transitional.dtd">
<html xmlns="http://www.w3.org/1999/xhtml" xml:lang="en" lang="en">
 <head>
  <title>
</title>
<meta http-equiv="Content-Type" content="text/html;charset=utf-8" />
  <meta name='ocr-system' content='tesseract 3.04.00' />
  <meta name='ocr-capabilities' content='ocr_page ocr_carea ocr_par ocr_line ocrx_word'/>
</head>
<body>
  <div class='ocr_page' id='page_1' title='image "./missalemixtumse00leslgoog_0278.png"; bbox 0 0 4450 7209; ppageno 0'>
   <div class='ocr_carea' id='block_1_1' title="bbox 45 677 2060 6136">
    <p class='ocr_par' dir='ltr' id='par_1_1' title="bbox 92 677 1995 3612">
     <span class='ocr_line' id='line_1_1' title="bbox 623 677 1855 782; baseline 0.002 -26"><span class='ocrx_word' id='word_1_1' title='bbox 623 679 769 756; x_wconf 70' lang='lat' dir='ltr'>&#39;suum</span> <span class='ocrx_word' id='word_1_2' title='bbox 794 679 981 774; x_wconf 73' lang='lat' dir='ltr'>Quirina</span> <span class='ocrx_word' id='word_1_3' title='bbox 1008 681 1061 756; x_wconf 89' lang='lat' dir='ltr'>IN</span> <span class='ocrx_word' id='word_1_4' title='bbox 1086 677 1216 758; x_wconf 81' lang='lat' dir='ltr'>CENA</span> <span class='ocrx_word' id='word_1_5' title='bbox 1242 677 1428 758; x_wconf 78' lang='lat' dir='ltr'><strong>DOMINI</strong></span> <span class='ocrx_word' id='word_1_6' title='bbox 1695 689 1703 741; x_wconf 72' lang='grc' dir='ltr'>ἒ</span> <span class='ocrx_word' id='word_1_7' title='bbox 1785 699 1855 782; x_wconf 73' lang='lat'>157</span> 
     </span>
     <span class='ocr_line' id='line_1_2' title="bbox 92 768 1995 878; baseline 0.009 -31"><span class='ocrx_word' id='word_1_8' title='bbox 92 805 98 824; x_wconf 91' lang='lat'><strong>·</strong></span> <span class='ocrx_word' id='word_1_9' title='bbox 196 771 310 850; x_wconf 90' lang='lat' dir='ltr'>corin</span> <span class='ocrx_word' id='word_1_10' title='bbox 335 769 442 848; x_wconf 88' lang='lat' dir='ltr'>laudis</span> <span class='ocrx_word' id='word_1_11' title='bbox 467 768 669 854; x_wconf 88' lang='lat' dir='ltr'>sacrificium</span> <span class='ocrx_word' id='word_1_12' title='bbox 685 777 894 856; x_wconf 79' lang='lat' dir='ltr'>immolamus</span> <span class='ocrx_word' id='word_1_13' title='bbox 910 805 996 878; x_wconf 83' lang='lat' dir='ltr'>rpe-</span> <span class='ocrx_word' id='word_1_14' title='bbox 1047 783 1186 857; x_wconf 84' lang='lat' dir='ltr'>FERlA</span> <span class='ocrx_word' id='word_1_15' title='bbox 1212 782 1397 875; x_wconf 70' lang='lat' dir='ltr'>Qumis</span> <span class='ocrx_word' id='word_1_16' title='bbox 1419 779 1471 854; x_wconf 76' lang='lat' dir='ltr'>lli</span> <span class='ocrx_word' id='word_1_17' title='bbox 1495 777 1627 858; x_wconf 76' lang='lat' dir='ltr'>CENA</span> <span class='ocrx_word' id='word_1_18' title='bbox 1646 779 1855 858; x_wconf 83' lang='lat' dir='ltr'>DOMINI.</span> <span class='ocrx_word' id='word_1_19' title='bbox 1888 795 1934 878; x_wconf 64' lang='grc' dir='ltr'>ς’,</span> <span class='ocrx_word' id='word_1_20' title='bbox 1989 851 1995 864; x_wconf 94' lang='grc'><strong>.</strong></span> 
     </span>
     <span class='ocr_line' id='line_1_3' title="bbox 199 869 1565 970; baseline 0.004 -26"><span class='ocrx_word' id='word_1_21' title='bbox 199 891 313 944; x_wconf 89' lang='lat' dir='ltr'>tentes</span> <span class='ocrx_word' id='word_1_22' title='bbox 328 869 370 943; x_wconf 90' lang='lat' dir='ltr'>ab</span> <span class='ocrx_word' id='word_1_23' title='bbox 383 896 451 948; x_wconf 86' lang='lat' dir='ltr'>eor</span> <span class='ocrx_word' id='word_1_24' title='bbox 471 890 508 944; x_wconf 90' lang='lat' dir='ltr'>ut</span> <span class='ocrx_word' id='word_1_25' title='bbox 530 873 634 946; x_wconf 91' lang='lat' dir='ltr'>bodie</span> <span class='ocrx_word' id='word_1_26' title='bbox 650 874 708 948; x_wconf 85' lang='lat' dir='ltr'>vel</span> <span class='ocrx_word' id='word_1_27' title='bbox 737 877 883 951; x_wconf 87' lang='lat' dir='ltr'>crassen</span> <span class='ocrx_word' id='word_1_28' title='bbox 912 901 995 953; x_wconf 91' lang='lat' dir='ltr'>cun·</span> <span class='ocrx_word' id='word_1_29' title='bbox 1339 874 1565 970; x_wconf 70' lang='lat' dir='ltr'>Aerffan.</span> 
     </span>
     <span class='ocr_line' id='line_1_4' title="bbox 146 967 1856 1078; baseline 0.007 -39"><span class='ocrx_word' id='word_1_30' title='bbox 146 1068 151 1076; x_wconf 90' lang='lat'>.</span> <span class='ocrx_word' id='word_1_31' title='bbox 196 967 348 1042; x_wconf 71' lang='lat' dir='ltr'>diruite</span> <span class='ocrx_word' id='word_1_32' title='bbox 365 970 477 1042; x_wconf 88' lang='lat' dir='ltr'>nollre</span> <span class='ocrx_word' id='word_1_33' title='bbox 489 968 632 1044; x_wconf 80' lang='lat' dir='ltr'>diebus:</span> <span class='ocrx_word' id='word_1_34' title='bbox 649 972 771 1047; x_wconf 87' lang='lat' dir='ltr'>ablutis</span> <span class='ocrx_word' id='word_1_35' title='bbox 784 974 997 1052; x_wconf 75' lang='lat' dir='ltr'>criminibusa</span> <span class='ocrx_word' id='word_1_36' title='bbox 1102 981 1272 1078; x_wconf 72' lang='lat' dir='ltr'><em>sapientie</em></span> <span class='ocrx_word' id='word_1_37' title='bbox 1286 978 1494 1053; x_wconf 76' lang='lat' dir='ltr'>salomonis.</span> <span class='ocrx_word' id='word_1_38' title='bbox 1748 985 1856 1078; x_wconf 69' lang='lat' dir='ltr'>sap-s.</span> 
     </span>
     <span class='ocr_line' id='line_1_5' title="bbox 194 1063 1361 1175; baseline 0.008 -37"><span class='ocrx_word' id='word_1_39' title='bbox 194 1063 336 1138; x_wconf 80' lang='lat' dir='ltr'>calicem</span> <span class='ocrx_word' id='word_1_40' title='bbox 353 1064 507 1163; x_wconf 88' lang='lat' dir='ltr'>supplicii</span> <span class='ocrx_word' id='word_1_41' title='bbox 523 1067 571 1142; x_wconf 89' lang='lat' dir='ltr'>sui</span> <span class='ocrx_word' id='word_1_42' title='bbox 585 1070 715 1165; x_wconf 81' lang='lat' dir='ltr'>expiati</span> <span class='ocrx_word' id='word_1_43' title='bbox 732 1073 850 1146; x_wconf 81' lang='lat' dir='ltr'>bibere</span> <span class='ocrx_word' id='word_1_44' title='bbox 866 1095 999 1149; x_wconf 86' lang='lat' dir='ltr'>merea·</span> <span class='ocrx_word' id='word_1_45' title='bbox 1047 1085 1097 1168; x_wconf 65' lang='lat' dir='ltr'>lit·</span> <span class='ocrx_word' id='word_1_46' title='bbox 1112 1081 1194 1153; x_wconf 89' lang='lat' dir='ltr'>Deo</span> <span class='ocrx_word' id='word_1_47' title='bbox 1208 1077 1361 1175; x_wconf 82' lang='lat' dir='ltr'><strong>gratias.</strong></span> 
     </span>
     <span class='ocr_line' id='line_1_6' title="bbox 143 1163 1855 1272; baseline 0.009 -38"><span class='ocrx_word' id='word_1_48' title='bbox 143 1181 163 1268; x_wconf 65' lang='lat'>5</span> <span class='ocrx_word' id='word_1_49' title='bbox 196 1185 297 1235; x_wconf 80' lang='lat' dir='ltr'>mur·</span> <span class='ocrx_word' id='word_1_50' title='bbox 325 1166 478 1240; x_wconf 87' lang='lat' dir='ltr'>Chrislus</span> <span class='ocrx_word' id='word_1_51' title='bbox 507 1163 680 1244; x_wconf 76' lang='lat' dir='ltr'>Dominus</span> <span class='ocrx_word' id='word_1_52' title='bbox 725 1193 767 1244; x_wconf 89' lang='lat' dir='ltr'>ac</span> <span class='ocrx_word' id='word_1_53' title='bbox 798 1171 1002 1272; x_wconf 76' lang='lat' dir='ltr'>redemptor</span> <span class='ocrx_word' id='word_1_54' title='bbox 1139 1174 1204 1247; x_wconf 87' lang='lat' dir='ltr'>lli.</span> <span class='ocrx_word' id='word_1_55' title='bbox 1230 1176 1326 1247; x_wconf 87' lang='lat' dir='ltr'>Deus</span> <span class='ocrx_word' id='word_1_56' title='bbox 1346 1193 1495 1256; x_wconf 88' lang='lat' dir='ltr'>mortem</span> <span class='ocrx_word' id='word_1_57' title='bbox 1511 1195 1582 1248; x_wconf 89' lang='lat' dir='ltr'>nou</span> <span class='ocrx_word' id='word_1_58' title='bbox 1599 1173 1789 1250; x_wconf 74' lang='lat' dir='ltr'>secitenec</span> <span class='ocrx_word' id='word_1_59' title='bbox 1803 1172 1855 1250; x_wconf 91' lang='lat' dir='ltr'>le-</span> 
     </span>
     <span class='ocr_line' id='line_1_7' title="bbox 196 1269 1935 1366; baseline 0.004 -34"><span class='ocrx_word' id='word_1_60' title='bbox 196 1277 369 1334; x_wconf 87' lang='lat' dir='ltr'>eterous.</span> <span class='ocrx_word' id='word_1_61' title='bbox 1147 1273 1287 1347; x_wconf 85' lang='lat' dir='ltr'>taturin</span> <span class='ocrx_word' id='word_1_62' title='bbox 1303 1273 1500 1366; x_wconf 84' lang='lat' dir='ltr'>perditione</span> <span class='ocrx_word' id='word_1_63' title='bbox 1532 1270 1717 1350; x_wconf 82' lang='lat' dir='ltr'>vivorum.</span> <span class='ocrx_word' id='word_1_64' title='bbox 1743 1275 1856 1348; x_wconf 88' lang='lat' dir='ltr'>Crea-</span> <span class='ocrx_word' id='word_1_65' title='bbox 1884 1269 1935 1340; x_wconf 80' lang='lat' dir='ltr'>so</span> 
     </span>
     <span class='ocr_line' id='line_1_8' title="bbox 328 1363 1856 1462; baseline 0.002 -22"><span class='ocrx_word' id='word_1_66' title='bbox 328 1451 339 1462; x_wconf 46' lang='lat'>‚</span> <span class='ocrx_word' id='word_1_67' title='bbox 704 1443 708 1448; x_wconf 74' lang='grc'>,</span> <span class='ocrx_word' id='word_1_68' title='bbox 1055 1369 1107 1440; x_wconf 87' lang='lat' dir='ltr'>vit</span> <span class='ocrx_word' id='word_1_69' title='bbox 1121 1371 1212 1445; x_wconf 91' lang='lat' dir='ltr'>enim</span> <span class='ocrx_word' id='word_1_70' title='bbox 1239 1387 1278 1443; x_wconf 92' lang='lat' dir='ltr'>ut</span> <span class='ocrx_word' id='word_1_71' title='bbox 1291 1373 1394 1440; x_wconf 86' lang='lat' dir='ltr'>essent</span> <span class='ocrx_word' id='word_1_72' title='bbox 1411 1370 1525 1443; x_wconf 86' lang='lat' dir='ltr'>omnia</span> <span class='ocrx_word' id='word_1_73' title='bbox 1548 1363 1765 1442; x_wconf 88' lang='lat' dir='ltr'>&amp;sanabiles</span> <span class='ocrx_word' id='word_1_74' title='bbox 1788 1371 1856 1443; x_wconf 89' lang='lat' dir='ltr'>eise</span> 
     </span>
     <span class='ocr_line' id='line_1_9' title="bbox 404 1457 1855 1558; baseline 0.008 -27"><span class='ocrx_word' id='word_1_75' title='bbox 404 1457 484 1546; x_wconf 69' lang='lat' dir='ltr'>vad</span> <span class='ocrx_word' id='word_1_76' title='bbox 499 1466 637 1558; x_wconf 82' lang='lat' dir='ltr'>pridie·</span> <span class='ocrx_word' id='word_1_77' title='bbox 654 1464 796 1540; x_wconf 68' lang='lat' dir='ltr'>oratio}</span> <span class='ocrx_word' id='word_1_78' title='bbox 1053 1464 1171 1542; x_wconf 84' lang='lat' dir='ltr'>voluit</span> <span class='ocrx_word' id='word_1_79' title='bbox 1193 1465 1353 1541; x_wconf 80' lang='lat' dir='ltr'>nationes</span> <span class='ocrx_word' id='word_1_80' title='bbox 1374 1467 1469 1538; x_wconf 90' lang='lat' dir='ltr'>orbis</span> <span class='ocrx_word' id='word_1_81' title='bbox 1488 1485 1680 1538; x_wconf 88' lang='lat' dir='ltr'>terramm.</span> <span class='ocrx_word' id='word_1_82' title='bbox 1709 1465 1755 1539; x_wconf 83' lang='lat' dir='ltr'>Et</span> <span class='ocrx_word' id='word_1_83' title='bbox 1783 1485 1855 1542; x_wconf 83' lang='lat' dir='ltr'>non</span> 
     </span>
     <span class='ocr_line' id='line_1_10' title="bbox 1054 1560 1854 1639; baseline 0.003 -5"><span class='ocrx_word' id='word_1_84' title='bbox 1054 1564 1104 1635; x_wconf 87' lang='lat' dir='ltr'>est</span> <span class='ocrx_word' id='word_1_85' title='bbox 1117 1567 1150 1636; x_wconf 89' lang='lat' dir='ltr'>in</span> <span class='ocrx_word' id='word_1_86' title='bbox 1163 1562 1229 1638; x_wconf 87' lang='lat' dir='ltr'>illis</span> <span class='ocrx_word' id='word_1_87' title='bbox 1250 1561 1535 1638; x_wconf 86' lang='lat' dir='ltr'>medicamentum</span> <span class='ocrx_word' id='word_1_88' title='bbox 1555 1560 1750 1639; x_wconf 83' lang='lat' dir='ltr'>exterminii</span> <span class='ocrx_word' id='word_1_89' title='bbox 1763 1591 1773 1632; x_wconf 80' lang='lat' dir='ltr'>e</span> <span class='ocrx_word' id='word_1_90' title='bbox 1788 1583 1854 1636; x_wconf 92' lang='lat' dir='ltr'>nec</span> 
     </span>
     <span class='ocr_line' id='line_1_11' title="bbox 119 1652 1857 1760; baseline -0.001 -27"><span class='ocrx_word' id='word_1_91' title='bbox 119 1671 168 1734; x_wconf 77' lang='lat' dir='ltr'>rc</span> <span class='ocrx_word' id='word_1_92' title='bbox 271 1652 439 1731; x_wconf 73' lang='lat' dir='ltr'>Andilica</span> <span class='ocrx_word' id='word_1_93' title='bbox 468 1657 592 1734; x_wconf 90' lang='lat' dir='ltr'>summe</span> <span class='ocrx_word' id='word_1_94' title='bbox 606 1659 700 1734; x_wconf 87' lang='lat' dir='ltr'>Deus</span> <span class='ocrx_word' id='word_1_95' title='bbox 726 1660 792 1733; x_wconf 88' lang='lat' dir='ltr'>hec</span> <span class='ocrx_word' id='word_1_96' title='bbox 819 1656 1002 1738; x_wconf 77' lang='lat' dir='ltr'>libamina:</span> <span class='ocrx_word' id='word_1_97' title='bbox 1054 1659 1246 1738; x_wconf 85' lang='lat' dir='ltr'>inferorum</span> <span class='ocrx_word' id='word_1_98' title='bbox 1271 1683 1412 1760; x_wconf 85' lang='lat' dir='ltr'>regnum</span> <span class='ocrx_word' id='word_1_99' title='bbox 1445 1661 1480 1734; x_wconf 91' lang='lat' dir='ltr'>in</span> <span class='ocrx_word' id='word_1_100' title='bbox 1509 1679 1602 1734; x_wconf 87' lang='lat' dir='ltr'>terra</span> <span class='ocrx_word' id='word_1_101' title='bbox 1631 1659 1857 1736; x_wconf 88' lang='lat' dir='ltr'>viventium.&#39;</span> 
     </span>
     <span class='ocr_line' id='line_1_12' title="bbox 279 1753 1936 1848; baseline 0.002 -22"><span class='ocrx_word' id='word_1_102' title='bbox 279 1777 346 1848; x_wconf 92' lang='lat' dir='ltr'>que</span> <span class='ocrx_word' id='word_1_103' title='bbox 363 1753 428 1826; x_wconf 92' lang='lat' dir='ltr'>tibi</span> <span class='ocrx_word' id='word_1_104' title='bbox 442 1757 614 1832; x_wconf 85' lang='lat' dir='ltr'>offerimus</span> <span class='ocrx_word' id='word_1_105' title='bbox 637 1776 752 1834; x_wconf 87' lang='lat' dir='ltr'>mente</span> <span class='ocrx_word' id='word_1_106' title='bbox 767 1759 927 1833; x_wconf 84' lang='lat' dir='ltr'>devota·</span> <span class='ocrx_word' id='word_1_107' title='bbox 953 1763 1003 1834; x_wconf 90' lang='lat' dir='ltr'>Ut</span> <span class='ocrx_word' id='word_1_108' title='bbox 1050 1760 1186 1834; x_wconf 83' lang='lat' dir='ltr'>iusticia</span> <span class='ocrx_word' id='word_1_109' title='bbox 1214 1759 1305 1831; x_wconf 91' lang='lat' dir='ltr'>enim</span> <span class='ocrx_word' id='word_1_110' title='bbox 1337 1755 1541 1833; x_wconf 89' lang='lat' dir='ltr'>immortalis</span> <span class='ocrx_word' id='word_1_111' title='bbox 1565 1757 1626 1830; x_wconf 86' lang='lat' dir='ltr'>&#39;est</span> <span class='ocrx_word' id='word_1_112' title='bbox 1650 1787 1660 1828; x_wconf 77' lang='lat' dir='ltr'>s</span> <span class='ocrx_word' id='word_1_113' title='bbox 1688 1753 1854 1846; x_wconf 85' lang='lat' dir='ltr'>injusticia</span> <span class='ocrx_word' id='word_1_114' title='bbox 1884 1755 1936 1840; x_wconf 66' lang='grc' dir='ltr'>ὅς.</span> 
     </span>
     <span class='ocr_line' id='line_1_13' title="bbox 191 1851 1854 1950; baseline 0.005 -30"><span class='ocrx_word' id='word_1_115' title='bbox 191 1851 299 1925; x_wconf 87' lang='lat' dir='ltr'>bodie</span> <span class='ocrx_word' id='word_1_116' title='bbox 327 1856 553 1948; x_wconf 81' lang='lat' dir='ltr'>perceptione</span> <span class='ocrx_word' id='word_1_117' title='bbox 584 1852 633 1928; x_wconf 90' lang='lat' dir='ltr'>sul</span> <span class='ocrx_word' id='word_1_118' title='bbox 668 1855 875 1928; x_wconf 75' lang='lat' dir='ltr'>sumentibus</span> <span class='ocrx_word' id='word_1_119' title='bbox 906 1856 1004 1930; x_wconf 83' lang='lat' dir='ltr'>erbi-</span> <span class='ocrx_word' id='word_1_120' title='bbox 1053 1857 1145 1929; x_wconf 89' lang='lat' dir='ltr'>enim</span> <span class='ocrx_word' id='word_1_121' title='bbox 1174 1857 1298 1932; x_wconf 89' lang='lat' dir='ltr'>mortis</span> <span class='ocrx_word' id='word_1_122' title='bbox 1322 1859 1369 1929; x_wconf 84' lang='lat' dir='ltr'>esi</span> <span class='ocrx_word' id='word_1_123' title='bbox 1390 1853 1594 1949; x_wconf 86' lang='lat' dir='ltr'>acquisitio·</span> <span class='ocrx_word' id='word_1_124' title='bbox 1624 1855 1722 1950; x_wconf 87' lang='lat' dir='ltr'>impii</span> <span class='ocrx_word' id='word_1_125' title='bbox 1738 1867 1854 1930; x_wconf 79' lang='lat' dir='ltr'>autent</span> 
     </span>
     <span class='ocr_line' id='line_1_14' title="bbox 193 1947 1856 2050; baseline 0.004 -31"><span class='ocrx_word' id='word_1_126' title='bbox 193 1947 296 2021; x_wconf 89' lang='lat' dir='ltr'>beant</span> <span class='ocrx_word' id='word_1_127' title='bbox 318 1949 468 2023; x_wconf 90' lang='lat' dir='ltr'>omnium</span> <span class='ocrx_word' id='word_1_128' title='bbox 493 1950 673 2029; x_wconf 88' lang='lat' dir='ltr'>criminum</span> <span class='ocrx_word' id='word_1_129' title='bbox 687 1953 926 2050; x_wconf 83' lang='lat' dir='ltr'>expiationem</span> <span class='ocrx_word' id='word_1_130' title='bbox 940 1981 950 2024; x_wconf 79' lang='lat' dir='ltr'>a</span> <span class='ocrx_word' id='word_1_131' title='bbox 964 1955 1003 2027; x_wconf 80' lang='lat' dir='ltr'>dc</span> <span class='ocrx_word' id='word_1_132' title='bbox 1050 1953 1169 2027; x_wconf 83' lang='lat' dir='ltr'>verbis</span> <span class='ocrx_word' id='word_1_133' title='bbox 1186 1961 1221 2032; x_wconf 81' lang='grc' dir='ltr'>δι</span> <span class='ocrx_word' id='word_1_134' title='bbox 1236 1952 1389 2028; x_wconf 88' lang='lat' dir='ltr'>manibus</span> <span class='ocrx_word' id='word_1_135' title='bbox 1415 1951 1629 2040; x_wconf 76' lang='lat' dir='ltr'>accerserunt</span> <span class='ocrx_word' id='word_1_136' title='bbox 1643 1951 1734 2029; x_wconf 85' lang='lat' dir='ltr'>illam</span> <span class='ocrx_word' id='word_1_137' title='bbox 1751 1953 1856 2027; x_wconf 77' lang='lat' dir='ltr'>sessi-¹</span> 
     </span>
     <span class='ocr_line' id='line_1_15' title="bbox 195 2045 1856 2148; baseline 0.005 -34"><span class='ocrx_word' id='word_1_138' title='bbox 195 2068 269 2119; x_wconf 88' lang='lat' dir='ltr'>cras</span> <span class='ocrx_word' id='word_1_139' title='bbox 296 2045 464 2119; x_wconf 90' lang='lat' dir='ltr'>mundatis</span> <span class='ocrx_word' id='word_1_140' title='bbox 488 2049 647 2125; x_wconf 78' lang='lat' dir='ltr'>cordibus</span> <span class='ocrx_word' id='word_1_141' title='bbox 677 2070 863 2148; x_wconf 88' lang='lat' dir='ltr'>preparent</span> <span class='ocrx_word' id='word_1_142' title='bbox 889 2057 1000 2128; x_wconf 78' lang='lat' dir='ltr'>&#39;enun-</span> <span class='ocrx_word' id='word_1_143' title='bbox 1049 2070 1181 2127; x_wconf 89' lang='lat' dir='ltr'>mantes</span> <span class='ocrx_word' id='word_1_144' title='bbox 1224 2050 1314 2127; x_wconf 91' lang='lat' dir='ltr'>illam</span> <span class='ocrx_word' id='word_1_145' title='bbox 1354 2047 1498 2124; x_wconf 88' lang='lat' dir='ltr'>amicam</span> <span class='ocrx_word' id='word_1_146' title='bbox 1525 2049 1776 2126; x_wconf 86' lang='lat' dir='ltr'>defluxerunt·</span> <span class='ocrx_word' id='word_1_147' title='bbox 1807 2050 1856 2125; x_wconf 79' lang='lat' dir='ltr'>Bt</span> 
     </span>
     <span class='ocr_line' id='line_1_16' title="bbox 116 2142 1856 2246; baseline 0.001 -25"><span class='ocrx_word' id='word_1_148' title='bbox 116 2163 163 2238; x_wconf 76' lang='lat'>15</span> <span class='ocrx_word' id='word_1_149' title='bbox 196 2144 336 2218; x_wconf 88' lang='lat' dir='ltr'>dantem</span> <span class='ocrx_word' id='word_1_150' title='bbox 353 2163 411 2216; x_wconf 91' lang='lat' dir='ltr'>tue</span> <span class='ocrx_word' id='word_1_151' title='bbox 434 2142 625 2221; x_wconf 85' lang='lat' dir='ltr'>dulcedinis</span> <span class='ocrx_word' id='word_1_152' title='bbox 642 2149 863 2226; x_wconf 86' lang='lat' dir='ltr'>ubertatem.</span> <span class='ocrx_word' id='word_1_153' title='bbox 1048 2149 1267 2244; x_wconf 83' lang='lat' dir='ltr'>sponsionem</span> <span class='ocrx_word' id='word_1_154' title='bbox 1285 2147 1486 2246; x_wconf 89' lang='lat' dir='ltr'>posuerunt</span> <span class='ocrx_word' id='word_1_155' title='bbox 1511 2146 1612 2240; x_wconf 91' lang='lat' dir='ltr'>super</span> <span class='ocrx_word' id='word_1_156' title='bbox 1624 2144 1715 2222; x_wconf 91' lang='lat' dir='ltr'>illam</span> <span class='ocrx_word' id='word_1_157' title='bbox 1731 2175 1741 2218; x_wconf 81' lang='lat' dir='ltr'>s</span> <span class='ocrx_word' id='word_1_158' title='bbox 1762 2151 1856 2241; x_wconf 62' lang='lat' dir='ltr'>quoi</span> 
     </span>
     <span class='ocr_line' id='line_1_17' title="bbox 196 2242 1935 2345; baseline 0.002 -30"><span class='ocrx_word' id='word_1_159' title='bbox 196 2251 248 2334; x_wconf 61' lang='lat' dir='ltr'>Bt·</span> <span class='ocrx_word' id='word_1_160' title='bbox 261 2245 400 2315; x_wconf 79' lang='lat' dir='ltr'>Amtn.</span> <span class='ocrx_word' id='word_1_161' title='bbox 966 2331 973 2340; x_wconf 36' lang='grc'>,</span> <span class='ocrx_word' id='word_1_162' title='bbox 1049 2247 1139 2324; x_wconf 90' lang='lat' dir='ltr'>niam</span> <span class='ocrx_word' id='word_1_163' title='bbox 1154 2249 1250 2345; x_wconf 84' lang='lat' dir='ltr'>digni</span> <span class='ocrx_word' id='word_1_164' title='bbox 1266 2246 1342 2320; x_wconf 91' lang='lat' dir='ltr'>sunt</span> <span class='ocrx_word' id='word_1_165' title='bbox 1366 2242 1443 2340; x_wconf 89' lang='lat' dir='ltr'>quia</span> <span class='ocrx_word' id='word_1_166' title='bbox 1463 2242 1540 2318; x_wconf 92' lang='lat' dir='ltr'>sunt</span> <span class='ocrx_word' id='word_1_167' title='bbox 1568 2265 1613 2316; x_wconf 88' lang='lat' dir='ltr'>ert</span> <span class='ocrx_word' id='word_1_168' title='bbox 1627 2264 1727 2340; x_wconf 89' lang='lat' dir='ltr'>parte</span> <span class='ocrx_word' id='word_1_169' title='bbox 1739 2243 1852 2318; x_wconf 81' lang='lat' dir='ltr'>illius·</span> <span class='ocrx_word' id='word_1_170' title='bbox 1880 2249 1935 2342; x_wconf 76' lang='lat'>70¹</span> 
     </span>
     <span class='ocr_line' id='line_1_18' title="bbox 242 2337 1984 2441; baseline 0.006 -33"><span class='ocrx_word' id='word_1_171' title='bbox 242 2340 304 2408; x_wconf 72' lang='lat' dir='ltr'>Aa</span> <span class='ocrx_word' id='word_1_172' title='bbox 326 2341 579 2430; x_wconf 68' lang='lat' dir='ltr'>confesssionem</span> <span class='ocrx_word' id='word_1_173' title='bbox 589 2345 711 2441; x_wconf 82' lang='lat' dir='ltr'>panis.</span> <span class='ocrx_word' id='word_1_174' title='bbox 734 2349 824 2418; x_wconf 70' lang='lat' dir='ltr'>Aac.</span> <span class='ocrx_word' id='word_1_175' title='bbox 855 2345 907 2416; x_wconf 90' lang='lat' dir='ltr'>Tu</span> <span class='ocrx_word' id='word_1_176' title='bbox 921 2341 1001 2419; x_wconf 90' lang='lat' dir='ltr'>Do·</span> <span class='ocrx_word' id='word_1_177' title='bbox 1047 2343 1226 2421; x_wconf 83' lang='lat' dir='ltr'>Diretunt</span> <span class='ocrx_word' id='word_1_178' title='bbox 1240 2347 1327 2441; x_wconf 88' lang='lat' dir='ltr'>apud</span> <span class='ocrx_word' id='word_1_179' title='bbox 1344 2343 1378 2416; x_wconf 90' lang='lat' dir='ltr'>se</span> <span class='ocrx_word' id='word_1_180' title='bbox 1395 2339 1626 2437; x_wconf 87' lang='lat' dir='ltr'>cogitationes</span> <span class='ocrx_word' id='word_1_181' title='bbox 1644 2365 1714 2418; x_wconf 87' lang='lat' dir='ltr'>uon</span> <span class='ocrx_word' id='word_1_182' title='bbox 1729 2339 1852 2418; x_wconf 71' lang='lat' dir='ltr'>restes</span> <span class='ocrx_word' id='word_1_183' title='bbox 1903 2337 1984 2418; x_wconf 62' lang='lat' dir='ltr'>edis</span> 
     </span>
     <span class='ocr_line' id='line_1_19' title="bbox 191 2433 1853 2544; baseline 0.002 -33"><span class='ocrx_word' id='word_1_184' title='bbox 191 2433 286 2511; x_wconf 91' lang='lat' dir='ltr'>mine</span> <span class='ocrx_word' id='word_1_185' title='bbox 305 2435 365 2508; x_wconf 91' lang='lat' dir='ltr'>das</span> <span class='ocrx_word' id='word_1_186' title='bbox 388 2437 495 2513; x_wconf 89' lang='lat' dir='ltr'>escam</span> <span class='ocrx_word' id='word_1_187' title='bbox 512 2441 612 2514; x_wconf 90' lang='lat' dir='ltr'>nobis</span> <span class='ocrx_word' id='word_1_188' title='bbox 639 2442 672 2512; x_wconf 92' lang='lat' dir='ltr'>in</span> <span class='ocrx_word' id='word_1_189' title='bbox 695 2462 1000 2537; x_wconf 88' lang='lat' dir='ltr'>temporeoppor·</span> <span class='ocrx_word' id='word_1_190' title='bbox 1049 2445 1210 2544; x_wconf 79' lang='lat' dir='ltr'>exiguum</span> <span class='ocrx_word' id='word_1_191' title='bbox 1228 2445 1263 2516; x_wconf 84' lang='lat' dir='ltr'>dt</span> <span class='ocrx_word' id='word_1_192' title='bbox 1295 2457 1381 2518; x_wconf 83' lang='lat' dir='ltr'>cum·</span> <span class='ocrx_word' id='word_1_193' title='bbox 1397 2441 1495 2514; x_wconf 90' lang='lat' dir='ltr'>tedio</span> <span class='ocrx_word' id='word_1_194' title='bbox 1522 2458 1656 2536; x_wconf 90' lang='lat' dir='ltr'>tempus</span> <span class='ocrx_word' id='word_1_195' title='bbox 1682 2441 1756 2516; x_wconf 89' lang='lat' dir='ltr'>vite</span> <span class='ocrx_word' id='word_1_196' title='bbox 1786 2465 1853 2516; x_wconf 89' lang='lat' dir='ltr'>no·</span> 
     </span>
     <span class='ocr_line' id='line_1_20' title="bbox 198 2536 1853 2636; baseline 0.004 -30"><span class='ocrx_word' id='word_1_197' title='bbox 198 2536 414 2629; x_wconf 81' lang='lat' dir='ltr'>tunoraperi</span> <span class='ocrx_word' id='word_1_198' title='bbox 430 2559 561 2612; x_wconf 89' lang='lat' dir='ltr'>manum</span> <span class='ocrx_word' id='word_1_199' title='bbox 575 2556 668 2612; x_wconf 89' lang='lat' dir='ltr'>tuam</span> <span class='ocrx_word' id='word_1_200' title='bbox 679 2536 849 2636; x_wconf 82' lang='lat' dir='ltr'>r&amp;imple</span> <span class='ocrx_word' id='word_1_201' title='bbox 862 2563 998 2618; x_wconf 89' lang='lat' dir='ltr'>omnem</span> <span class='ocrx_word' id='word_1_202' title='bbox 1046 2542 1114 2616; x_wconf 82' lang='lat' dir='ltr'>sire</span> <span class='ocrx_word' id='word_1_203' title='bbox 1133 2548 1191 2617; x_wconf 76' lang='lat' dir='ltr'>a&amp;</span> <span class='ocrx_word' id='word_1_204' title='bbox 1208 2565 1276 2612; x_wconf 89' lang='lat' dir='ltr'>non</span> <span class='ocrx_word' id='word_1_205' title='bbox 1296 2543 1345 2614; x_wconf 88' lang='lat' dir='ltr'>est</span> <span class='ocrx_word' id='word_1_206' title='bbox 1358 2538 1575 2636; x_wconf 83' lang='lat' dir='ltr'>refrigerium</span> <span class='ocrx_word' id='word_1_207' title='bbox 1602 2540 1636 2610; x_wconf 89' lang='lat' dir='ltr'>in</span> <span class='ocrx_word' id='word_1_208' title='bbox 1652 2541 1722 2611; x_wconf 87' lang='lat' dir='ltr'>fine</span> <span class='ocrx_word' id='word_1_209' title='bbox 1738 2539 1853 2616; x_wconf 87' lang='lat' dir='ltr'>homi·</span> 
     </span>
     <span class='ocr_line' id='line_1_21' title="bbox 113 2631 1908 2737; baseline 0.003 -33"><span class='ocrx_word' id='word_1_210' title='bbox 113 2656 165 2708; x_wconf 82' lang='lat' dir='ltr'>ao</span> <span class='ocrx_word' id='word_1_211' title='bbox 192 2631 338 2706; x_wconf 88' lang='lat' dir='ltr'>animam</span> <span class='ocrx_word' id='word_1_212' title='bbox 364 2632 632 2711; x_wconf 80' lang='lat' dir='ltr'>benedictione.</span> <span class='ocrx_word' id='word_1_213' title='bbox 1046 2641 1099 2713; x_wconf 88' lang='lat' dir='ltr'>nis</span> <span class='ocrx_word' id='word_1_214' title='bbox 1118 2667 1127 2711; x_wconf 80' lang='lat' dir='ltr'>r</span> <span class='ocrx_word' id='word_1_215' title='bbox 1141 2644 1176 2713; x_wconf 81' lang='lat' dir='ltr'>dt</span> <span class='ocrx_word' id='word_1_216' title='bbox 1190 2663 1259 2716; x_wconf 91' lang='lat' dir='ltr'>non</span> <span class='ocrx_word' id='word_1_217' title='bbox 1273 2638 1390 2737; x_wconf 86' lang='lat' dir='ltr'>estqui</span> <span class='ocrx_word' id='word_1_218' title='bbox 1405 2636 1542 2736; x_wconf 91' lang='lat' dir='ltr'>agnitus</span> <span class='ocrx_word' id='word_1_219' title='bbox 1566 2635 1610 2709; x_wconf 85' lang='lat' dir='ltr'>fit</span> <span class='ocrx_word' id='word_1_220' title='bbox 1625 2637 1782 2711; x_wconf 88' lang='lat' dir='ltr'>reversus</span> <span class='ocrx_word' id='word_1_221' title='bbox 1807 2637 1854 2710; x_wconf 87' lang='lat' dir='ltr'>ab</span> <span class='ocrx_word' id='word_1_222' title='bbox 1901 2659 1908 2674; x_wconf 92' lang='lat'><strong>·</strong></span> 
     </span>
     <span class='ocr_line' id='line_1_22' title="bbox 1045 2734 1934 2836; baseline -0.003 -25"><span class='ocrx_word' id='word_1_223' title='bbox 1045 2738 1202 2811; x_wconf 85' lang='lat' dir='ltr'>inferis.</span> <span class='ocrx_word' id='word_1_224' title='bbox 1236 2739 1366 2811; x_wconf 88' lang='lat' dir='ltr'>Venite</span> <span class='ocrx_word' id='word_1_225' title='bbox 1392 2759 1482 2836; x_wconf 91' lang='lat' dir='ltr'>ergo</span> <span class='ocrx_word' id='word_1_226' title='bbox 1507 2736 1543 2806; x_wconf 76' lang='grc' dir='ltr'>δι</span> <span class='ocrx_word' id='word_1_227' title='bbox 1574 2737 1726 2810; x_wconf 90' lang='lat' dir='ltr'>fruamur</span> <span class='ocrx_word' id='word_1_228' title='bbox 1751 2734 1849 2808; x_wconf 91' lang='lat' dir='ltr'>bonis</span> <span class='ocrx_word' id='word_1_229' title='bbox 1882 2743 1934 2826; x_wconf 77' lang='lat'>75&#39;</span> 
     </span>
     <span class='ocr_line' id='line_1_23' title="bbox 337 2830 1853 2934; baseline 0.004 -34"><span class='ocrx_word' id='word_1_230' title='bbox 337 2830 401 2901; x_wconf 65' lang='lat' dir='ltr'>Ad</span> <span class='ocrx_word' id='word_1_231' title='bbox 421 2835 603 2910; x_wconf 80' lang='lat' dir='ltr'>arationem</span> <span class='ocrx_word' id='word_1_232' title='bbox 618 2835 846 2911; x_wconf 69' lang='lat' dir='ltr'>Domitianas}</span> <span class='ocrx_word' id='word_1_233' title='bbox 1043 2862 1110 2934; x_wconf 89' lang='lat' dir='ltr'>que</span> <span class='ocrx_word' id='word_1_234' title='bbox 1123 2835 1199 2909; x_wconf 91' lang='lat' dir='ltr'>sunt</span> <span class='ocrx_word' id='word_1_235' title='bbox 1216 2862 1226 2905; x_wconf 83' lang='lat' dir='ltr'>a</span> <span class='ocrx_word' id='word_1_236' title='bbox 1244 2837 1279 2908; x_wconf 87' lang='lat'>&amp;</span> <span class='ocrx_word' id='word_1_237' title='bbox 1292 2859 1426 2911; x_wconf 92' lang='lat' dir='ltr'>utamur</span> <span class='ocrx_word' id='word_1_238' title='bbox 1439 2850 1592 2906; x_wconf 89' lang='lat' dir='ltr'>creatura</span> <span class='ocrx_word' id='word_1_239' title='bbox 1607 2858 1617 2900; x_wconf 84' lang='lat' dir='ltr'>r</span> <span class='ocrx_word' id='word_1_240' title='bbox 1631 2851 1792 2926; x_wconf 90' lang='lat' dir='ltr'>tanquam</span> <span class='ocrx_word' id='word_1_241' title='bbox 1816 2831 1853 2905; x_wconf 91' lang='lat' dir='ltr'>in</span> 
     </span>
     <span class='ocr_line' id='line_1_24' title="bbox 247 2932 1855 3131; baseline 0.002 -35"><span class='ocrx_word' id='word_1_242' title='bbox 247 3023 311 3097; x_wconf 83' lang='lat' dir='ltr'>Esu</span> <span class='ocrx_word' id='word_1_243' title='bbox 340 3023 542 3124; x_wconf 81' lang='lat' dir='ltr'>redemptor</span> <span class='ocrx_word' id='word_1_244' title='bbox 567 3029 710 3126; x_wconf 79' lang='lat' dir='ltr'>piinme</span> <span class='ocrx_word' id='word_1_245' title='bbox 744 3055 824 3107; x_wconf 90' lang='lat' dir='ltr'>cura</span> <span class='ocrx_word' id='word_1_246' title='bbox 839 3000 991 3113; x_wconf 58' lang='lat' dir='ltr'>rvulnera</span> <span class='ocrx_word' id='word_1_247' title='bbox 1039 2932 1434 3131; x_wconf 47' lang='lat' dir='ltr'>Jglisveslrllllrlacserlplrbllrilm</span> <span class='ocrx_word' id='word_1_248' title='bbox 1453 2932 1855 3102; x_wconf 51' lang='lat' dir='ltr'>llllls&#39;lvtllarinelllisellt</span> 
     </span>
     <span class='ocr_line' id='line_1_25' title="bbox 114 3124 1849 3224; baseline 0 -24"><span class='ocrx_word' id='word_1_249' title='bbox 114 3147 162 3222; x_wconf 78' lang='lat'>25</span> <span class='ocrx_word' id='word_1_250' title='bbox 231 3125 369 3197; x_wconf 83' lang='lat' dir='ltr'>&#39;nbllra</span> <span class='ocrx_word' id='word_1_251' title='bbox 411 3124 567 3222; x_wconf 85' lang='lat' dir='ltr'>stigmate</span> <span class='ocrx_word' id='word_1_252' title='bbox 607 3130 716 3202; x_wconf 89' lang='lat' dir='ltr'>crucis</span> <span class='ocrx_word' id='word_1_253' title='bbox 749 3148 836 3201; x_wconf 87' lang='lat' dir='ltr'>tue·</span> <span class='ocrx_word' id='word_1_254' title='bbox 872 3131 990 3203; x_wconf 89' lang='lat' dir='ltr'>Hodie</span> <span class='ocrx_word' id='word_1_255' title='bbox 1039 3126 1231 3203; x_wconf 86' lang='lat' dir='ltr'>contrarius</span> <span class='ocrx_word' id='word_1_256' title='bbox 1259 3127 1422 3224; x_wconf 89' lang='lat' dir='ltr'>operibus</span> <span class='ocrx_word' id='word_1_257' title='bbox 1448 3125 1569 3199; x_wconf 87' lang='lat' dir='ltr'>noslris</span> <span class='ocrx_word' id='word_1_258' title='bbox 1588 3125 1849 3222; x_wconf 69' lang='lat' dir='ltr'>rutupi-ope·</span> 
     </span>
     <span class='ocr_line' id='line_1_26' title="bbox 193 3219 1935 3321; baseline 0.003 -24"><span class='ocrx_word' id='word_1_259' title='bbox 193 3247 258 3298; x_wconf 89' lang='lat' dir='ltr'>nos</span> <span class='ocrx_word' id='word_1_260' title='bbox 273 3219 386 3296; x_wconf 89' lang='lat' dir='ltr'>oratio</span> <span class='ocrx_word' id='word_1_261' title='bbox 402 3243 500 3313; x_wconf 88' lang='lat' dir='ltr'>quam</span> <span class='ocrx_word' id='word_1_262' title='bbox 521 3223 591 3317; x_wconf 89' lang='lat' dir='ltr'>ipse</span> <span class='ocrx_word' id='word_1_263' title='bbox 606 3224 749 3300; x_wconf 83' lang='lat' dir='ltr'>docuisti</span> <span class='ocrx_word' id='word_1_264' title='bbox 778 3226 900 3299; x_wconf 89' lang='lat' dir='ltr'>reddat</span> <span class='ocrx_word' id='word_1_265' title='bbox 915 3225 992 3300; x_wconf 89' lang='lat' dir='ltr'>ido·</span> <span class='ocrx_word' id='word_1_266' title='bbox 1044 3246 1101 3303; x_wconf 90' lang='lat' dir='ltr'>rat</span> <span class='ocrx_word' id='word_1_267' title='bbox 1115 3225 1214 3300; x_wconf 89' lang='lat' dir='ltr'>nobis</span> <span class='ocrx_word' id='word_1_268' title='bbox 1230 3244 1373 3316; x_wconf 87' lang='lat' dir='ltr'>peccata</span> <span class='ocrx_word' id='word_1_269' title='bbox 1386 3221 1497 3321; x_wconf 81' lang='lat' dir='ltr'>legis:</span> <span class='ocrx_word' id='word_1_270' title='bbox 1514 3225 1550 3295; x_wconf 90' lang='lat'>&amp;</span> <span class='ocrx_word' id='word_1_271' title='bbox 1567 3223 1720 3300; x_wconf 87' lang='lat' dir='ltr'>diffamat</span> <span class='ocrx_word' id='word_1_272' title='bbox 1734 3225 1768 3296; x_wconf 94' lang='lat' dir='ltr'>in</span> <span class='ocrx_word' id='word_1_273' title='bbox 1782 3239 1849 3296; x_wconf 89' lang='lat' dir='ltr'>uus</span> <span class='ocrx_word' id='word_1_274' title='bbox 1880 3223 1935 3302; x_wconf 87' lang='grc' dir='ltr'>8ο</span> 
     </span>
     <span class='ocr_line' id='line_1_27' title="bbox 192 3319 1847 3423; baseline 0 -31"><span class='ocrx_word' id='word_1_275' title='bbox 192 3344 277 3395; x_wconf 89' lang='lat' dir='ltr'>neos</span> <span class='ocrx_word' id='word_1_276' title='bbox 291 3346 301 3385; x_wconf 81' lang='lat' dir='ltr'>e</span> <span class='ocrx_word' id='word_1_277' title='bbox 316 3321 350 3390; x_wconf 79' lang='lat' dir='ltr'>dt</span> <span class='ocrx_word' id='word_1_278' title='bbox 364 3338 437 3390; x_wconf 88' lang='lat' dir='ltr'>cras</span> <span class='ocrx_word' id='word_1_279' title='bbox 453 3321 561 3412; x_wconf 83' lang='lat' dir='ltr'>passio</span> <span class='ocrx_word' id='word_1_280' title='bbox 576 3344 634 3395; x_wconf 91' lang='lat' dir='ltr'>tua</span> <span class='ocrx_word' id='word_1_281' title='bbox 646 3323 768 3397; x_wconf 86' lang='lat' dir='ltr'>efficiat</span> <span class='ocrx_word' id='word_1_282' title='bbox 780 3323 814 3393; x_wconf 88' lang='lat' dir='ltr'>io</span> <span class='ocrx_word' id='word_1_283' title='bbox 828 3342 888 3395; x_wconf 91' lang='lat' dir='ltr'>tue</span> <span class='ocrx_word' id='word_1_284' title='bbox 900 3347 994 3399; x_wconf 90' lang='lat' dir='ltr'>mor·</span> <span class='ocrx_word' id='word_1_285' title='bbox 1043 3345 1188 3423; x_wconf 89' lang='lat' dir='ltr'>peccata</span> <span class='ocrx_word' id='word_1_286' title='bbox 1199 3320 1376 3418; x_wconf 88' lang='lat' dir='ltr'>discipline</span> <span class='ocrx_word' id='word_1_287' title='bbox 1391 3321 1524 3396; x_wconf 85' lang='lat' dir='ltr'>nolite·</span> <span class='ocrx_word' id='word_1_288' title='bbox 1541 3322 1723 3397; x_wconf 83' lang='lat' dir='ltr'>Promittis</span> <span class='ocrx_word' id='word_1_289' title='bbox 1738 3319 1847 3394; x_wconf 86' lang='lat' dir='ltr'>scien·</span> 
     </span>
     <span class='ocr_line' id='line_1_28' title="bbox 194 3415 1849 3497; baseline 0 -5"><span class='ocrx_word' id='word_1_290' title='bbox 194 3417 240 3492; x_wconf 89' lang='lat' dir='ltr'>tis</span> <span class='ocrx_word' id='word_1_291' title='bbox 253 3417 382 3490; x_wconf 90' lang='lat' dir='ltr'>unione</span> <span class='ocrx_word' id='word_1_292' title='bbox 395 3437 598 3492; x_wconf 83' lang='lat' dir='ltr'>connexos.</span> <span class='ocrx_word' id='word_1_293' title='bbox 627 3421 740 3493; x_wconf 89' lang='lat' dir='ltr'>Hodie</span> <span class='ocrx_word' id='word_1_294' title='bbox 756 3420 847 3495; x_wconf 88' lang='lat' dir='ltr'>bone</span> <span class='ocrx_word' id='word_1_295' title='bbox 860 3422 995 3494; x_wconf 87' lang='lat' dir='ltr'>Chrisle</span> <span class='ocrx_word' id='word_1_296' title='bbox 1043 3423 1127 3497; x_wconf 89' lang='lat' dir='ltr'>tiam</span> <span class='ocrx_word' id='word_1_297' title='bbox 1139 3421 1207 3494; x_wconf 90' lang='lat' dir='ltr'>Dei</span> <span class='ocrx_word' id='word_1_298' title='bbox 1232 3419 1266 3490; x_wconf 92' lang='lat' dir='ltr'>se</span> <span class='ocrx_word' id='word_1_299' title='bbox 1294 3420 1423 3494; x_wconf 89' lang='lat' dir='ltr'>habere</span> <span class='ocrx_word' id='word_1_300' title='bbox 1439 3446 1449 3486; x_wconf 83' lang='lat' dir='ltr'>s</span> <span class='ocrx_word' id='word_1_301' title='bbox 1463 3420 1500 3491; x_wconf 79' lang='lat' dir='ltr'>dt</span> <span class='ocrx_word' id='word_1_302' title='bbox 1514 3415 1623 3493; x_wconf 86' lang='lat' dir='ltr'>silium</span> <span class='ocrx_word' id='word_1_303' title='bbox 1637 3419 1705 3492; x_wconf 90' lang='lat' dir='ltr'>Dei</span> <span class='ocrx_word' id='word_1_304' title='bbox 1722 3418 1767 3491; x_wconf 85' lang='lat' dir='ltr'>se</span> <span class='ocrx_word' id='word_1_305' title='bbox 1781 3443 1849 3493; x_wconf 90' lang='lat' dir='ltr'>uo·</span> 
     </span>
     <span class='ocr_line' id='line_1_29' title="bbox 193 3512 1848 3612; baseline 0.002 -26"><span class='ocrx_word' id='word_1_306' title='bbox 193 3516 317 3592; x_wconf 86' lang='lat' dir='ltr'>exaudi</span> <span class='ocrx_word' id='word_1_307' title='bbox 332 3535 393 3586; x_wconf 91' lang='lat' dir='ltr'>nos</span> <span class='ocrx_word' id='word_1_308' title='bbox 407 3512 521 3587; x_wconf 89' lang='lat' dir='ltr'>ecelis</span> <span class='ocrx_word' id='word_1_309' title='bbox 538 3543 548 3584; x_wconf 75' lang='lat' dir='ltr'>s</span> <span class='ocrx_word' id='word_1_310' title='bbox 575 3539 650 3592; x_wconf 89' lang='lat' dir='ltr'>cum</span> <span class='ocrx_word' id='word_1_311' title='bbox 665 3544 706 3591; x_wconf 89' lang='lat' dir='ltr'>ea</span> <span class='ocrx_word' id='word_1_312' title='bbox 719 3543 786 3612; x_wconf 90' lang='lat' dir='ltr'>que</span> <span class='ocrx_word' id='word_1_313' title='bbox 800 3541 864 3592; x_wconf 89' lang='lat' dir='ltr'>nos</span> <span class='ocrx_word' id='word_1_314' title='bbox 877 3517 998 3594; x_wconf 90' lang='lat' dir='ltr'>docui·</span> <span class='ocrx_word' id='word_1_315' title='bbox 1045 3522 1176 3595; x_wconf 91' lang='lat' dir='ltr'>minat.</span> <span class='ocrx_word' id='word_1_316' title='bbox 1207 3514 1328 3592; x_wconf 73' lang='lat' dir='ltr'>ussus</span> <span class='ocrx_word' id='word_1_317' title='bbox 1345 3519 1393 3592; x_wconf 92' lang='lat' dir='ltr'>ell</span> <span class='ocrx_word' id='word_1_318' title='bbox 1407 3515 1507 3592; x_wconf 89' lang='lat' dir='ltr'>nobis</span> <span class='ocrx_word' id='word_1_319' title='bbox 1521 3516 1556 3590; x_wconf 88' lang='lat' dir='ltr'>in</span> <span class='ocrx_word' id='word_1_320' title='bbox 1566 3515 1848 3593; x_wconf 74' lang='lat' dir='ltr'>contradictione</span> 
     </span>
    </p>

    <p class='ocr_par' dir='ltr' id='par_1_2' title="bbox 111 3611 1929 4004">
     <span class='ocr_line' id='line_1_30' title="bbox 111 3611 1908 3716; baseline -0.001 -28"><span class='ocrx_word' id='word_1_321' title='bbox 111 3631 164 3712; x_wconf 79' lang='lat'>&#39;30</span> <span class='ocrx_word' id='word_1_322' title='bbox 194 3613 232 3686; x_wconf 91' lang='lat' dir='ltr'>lli</span> <span class='ocrx_word' id='word_1_323' title='bbox 260 3611 582 3711; x_wconf 84' lang='lat' dir='ltr'>proclamaverimus</span> <span class='ocrx_word' id='word_1_324' title='bbox 607 3641 627 3686; x_wconf 87' lang='lat' dir='ltr'>e</span> <span class='ocrx_word' id='word_1_325' title='bbox 653 3620 779 3690; x_wconf 81' lang='lat' dir='ltr'>terris·</span> <span class='ocrx_word' id='word_1_326' title='bbox 798 3619 902 3690; x_wconf 85' lang='lat' dir='ltr'>Pater</span> <span class='ocrx_word' id='word_1_327' title='bbox 929 3641 995 3691; x_wconf 93' lang='lat' dir='ltr'>no·</span> <span class='ocrx_word' id='word_1_328' title='bbox 1045 3617 1300 3716; x_wconf 86' lang='lat' dir='ltr'>cogitationum</span> <span class='ocrx_word' id='word_1_329' title='bbox 1314 3615 1644 3712; x_wconf 77' lang='lat' dir='ltr'>uoslrarumegravis</span> <span class='ocrx_word' id='word_1_330' title='bbox 1658 3617 1705 3689; x_wconf 86' lang='lat' dir='ltr'>esi</span> <span class='ocrx_word' id='word_1_331' title='bbox 1722 3614 1846 3688; x_wconf 79' lang='lat' dir='ltr'>nobiae</span> <span class='ocrx_word' id='word_1_332' title='bbox 1904 3638 1908 3647; x_wconf 93' lang='lat'>·</span> 
     </span>
     <span class='ocr_line' id='line_1_31' title="bbox 192 3706 1929 3807; baseline 0.001 -23"><span class='ocrx_word' id='word_1_333' title='bbox 192 3713 259 3784; x_wconf 79' lang='lat' dir='ltr'>sset</span> <span class='ocrx_word' id='word_1_334' title='bbox 272 3716 328 3805; x_wconf 92' lang='lat' dir='ltr'>qui</span> <span class='ocrx_word' id='word_1_335' title='bbox 343 3733 379 3782; x_wconf 90' lang='lat' dir='ltr'>es</span> <span class='ocrx_word' id='word_1_336' title='bbox 394 3707 428 3778; x_wconf 93' lang='lat' dir='ltr'>in</span> <span class='ocrx_word' id='word_1_337' title='bbox 445 3706 553 3782; x_wconf 87' lang='lat' dir='ltr'>celis.</span> <span class='ocrx_word' id='word_1_338' title='bbox 573 3714 675 3784; x_wconf 82' lang='lat' dir='ltr'>Dicat</span> <span class='ocrx_word' id='word_1_339' title='bbox 691 3710 811 3788; x_wconf 78' lang='lat' dir='ltr'>nresb.</span> <span class='ocrx_word' id='word_1_340' title='bbox 828 3710 995 3790; x_wconf 89' lang='lat' dir='ltr'>Humilia·</span> <span class='ocrx_word' id='word_1_341' title='bbox 1045 3717 1147 3790; x_wconf 88' lang='lat' dir='ltr'>etiam</span> <span class='ocrx_word' id='word_1_342' title='bbox 1164 3717 1219 3789; x_wconf 81' lang='lat' dir='ltr'>&#39;ad</span> <span class='ocrx_word' id='word_1_343' title='bbox 1242 3713 1454 3792; x_wconf 86' lang='lat' dir='ltr'>videndum·</span> <span class='ocrx_word' id='word_1_344' title='bbox 1479 3713 1652 3804; x_wconf 68' lang='lat' dir='ltr'>Quoniam</span> <span class='ocrx_word' id='word_1_345' title='bbox 1678 3711 1844 3790; x_wconf 84' lang='lat' dir='ltr'>diffimilis</span> <span class='ocrx_word' id='word_1_346' title='bbox 1879 3717 1929 3807; x_wconf 66' lang='lat'>85</span> 
     </span>
     <span class='ocr_line' id='line_1_32' title="bbox 193 3804 1887 3907; baseline 0.002 -26"><span class='ocrx_word' id='word_1_347' title='bbox 193 3825 232 3881; x_wconf 90' lang='lat' dir='ltr'>te</span> <span class='ocrx_word' id='word_1_348' title='bbox 243 3833 312 3885; x_wconf 77' lang='lat' dir='ltr'>vos</span> <span class='ocrx_word' id='word_1_349' title='bbox 330 3804 590 3882; x_wconf 72' lang='lat' dir='ltr'>benedictioni.</span> <span class='ocrx_word' id='word_1_350' title='bbox 617 3811 790 3889; x_wconf 81' lang='lat' dir='ltr'>Dominus</span> <span class='ocrx_word' id='word_1_351' title='bbox 801 3810 844 3884; x_wconf 85' lang='lat' dir='ltr'>sit</span> <span class='ocrx_word' id='word_1_352' title='bbox 860 3811 995 3907; x_wconf 86' lang='lat' dir='ltr'>semper</span> <span class='ocrx_word' id='word_1_353' title='bbox 1045 3814 1093 3886; x_wconf 86' lang='lat' dir='ltr'>est</span> <span class='ocrx_word' id='word_1_354' title='bbox 1105 3811 1178 3887; x_wconf 91' lang='lat' dir='ltr'>aliis</span> <span class='ocrx_word' id='word_1_355' title='bbox 1192 3815 1229 3884; x_wconf 73' lang='grc' dir='ltr'>δι</span> <span class='ocrx_word' id='word_1_356' title='bbox 1246 3811 1321 3886; x_wconf 88' lang='lat' dir='ltr'>vita</span> <span class='ocrx_word' id='word_1_357' title='bbox 1334 3813 1478 3898; x_wconf 79' lang='lat' dir='ltr'>eiust&amp;</span> <span class='ocrx_word' id='word_1_358' title='bbox 1491 3829 1667 3886; x_wconf 81' lang='lat' dir='ltr'>immutate</span> <span class='ocrx_word' id='word_1_359' title='bbox 1694 3812 1769 3885; x_wconf 88' lang='lat' dir='ltr'>sunt</span> <span class='ocrx_word' id='word_1_360' title='bbox 1786 3812 1843 3887; x_wconf 85' lang='lat' dir='ltr'>vie</span> <span class='ocrx_word' id='word_1_361' title='bbox 1884 3815 1887 3820; x_wconf 83' lang='grc'><strong>’</strong></span> 
     </span>
     <span class='ocr_line' id='line_1_33' title="bbox 190 3904 1846 4004; baseline -0.001 -24"><span class='ocrx_word' id='word_1_362' title='bbox 190 3904 371 3985; x_wconf 84' lang='lat' dir='ltr'>vobiscum</span> <span class='ocrx_word' id='word_1_363' title='bbox 386 3946 397 3972; x_wconf 71' lang='grc' dir='ltr'><strong>ο</strong></span> <span class='ocrx_word' id='word_1_364' title='bbox 420 3913 471 3996; x_wconf 70' lang='lat' dir='ltr'>Bt·</span> <span class='ocrx_word' id='word_1_365' title='bbox 483 3905 527 3979; x_wconf 85' lang='lat' dir='ltr'>Et</span> <span class='ocrx_word' id='word_1_366' title='bbox 542 3929 644 3984; x_wconf 83' lang='lat' dir='ltr'>cum.</span> <span class='ocrx_word' id='word_1_367' title='bbox 1045 3914 1120 3996; x_wconf 85' lang='lat' dir='ltr'>eius</span> <span class='ocrx_word' id='word_1_368' title='bbox 1135 3938 1145 3980; x_wconf 82' lang='lat' dir='ltr'>s</span> <span class='ocrx_word' id='word_1_369' title='bbox 1175 3931 1331 4002; x_wconf 89' lang='lat' dir='ltr'>tanquam</span> <span class='ocrx_word' id='word_1_370' title='bbox 1345 3930 1493 4004; x_wconf 83' lang='lat' dir='ltr'>nugaces</span> <span class='ocrx_word' id='word_1_371' title='bbox 1506 3905 1653 3982; x_wconf 89' lang='lat' dir='ltr'>eslimati</span> <span class='ocrx_word' id='word_1_372' title='bbox 1677 3908 1786 3982; x_wconf 89' lang='lat' dir='ltr'>sumus</span> <span class='ocrx_word' id='word_1_373' title='bbox 1802 3909 1846 3980; x_wconf 93' lang='lat' dir='ltr'>ab</span> 
     </span>
    </p>

    <p class='ocr_par' dir='ltr' id='par_1_3' title="bbox 718 4003 1846 4113">
     <span class='ocr_line' id='line_1_34' title="bbox 718 4003 1846 4113; baseline -0.004 -33"><span class='ocrx_word' id='word_1_374' title='bbox 718 4072 762 4088; x_wconf 18' lang='lat' dir='ltr'>A.</span> <span class='ocrx_word' id='word_1_375' title='bbox 857 4086 871 4113; x_wconf 41' lang='grc' dir='ltr'>ι</span> <span class='ocrx_word' id='word_1_376' title='bbox 1045 4003 1665 4081; x_wconf 82' lang='lat' dir='ltr'>illo=&amp;abslinetseaviisnoslrisr</span> <span class='ocrx_word' id='word_1_377' title='bbox 1687 4023 1846 4099; x_wconf 87' lang='lat' dir='ltr'>tanquam</span> 
     </span>
    </p>

    <p class='ocr_par' dir='ltr' id='par_1_4' title="bbox 112 4099 1930 4298">
     <span class='ocr_line' id='line_1_35' title="bbox 112 4099 1845 4198; baseline 0.002 -27"><span class='ocrx_word' id='word_1_378' title='bbox 112 4113 160 4196; x_wconf 83' lang='lat'>35</span> <span class='ocrx_word' id='word_1_379' title='bbox 494 4099 705 4176; x_wconf 68' lang='lat' dir='ltr'>Benedisiin.¹</span> <span class='ocrx_word' id='word_1_380' title='bbox 1045 4106 1088 4179; x_wconf 93' lang='lat' dir='ltr'>ab</span> <span class='ocrx_word' id='word_1_381' title='bbox 1102 4102 1352 4180; x_wconf 87' lang='lat' dir='ltr'>immunditiis.</span> <span class='ocrx_word' id='word_1_382' title='bbox 1376 4104 1419 4177; x_wconf 84' lang='lat' dir='ltr'>Et</span> <span class='ocrx_word' id='word_1_383' title='bbox 1434 4103 1573 4198; x_wconf 81' lang='lat' dir='ltr'>profert</span> <span class='ocrx_word' id='word_1_384' title='bbox 1587 4102 1768 4179; x_wconf 83' lang='lat' dir='ltr'>noviffima</span> <span class='ocrx_word' id='word_1_385' title='bbox 1792 4106 1845 4187; x_wconf 78' lang='lat' dir='ltr'>iu·</span> 
     </span>
     <span class='ocr_line' id='line_1_36' title="bbox 1044 4200 1930 4298; baseline -0.008 -21"><span class='ocrx_word' id='word_1_386' title='bbox 1044 4203 1172 4278; x_wconf 83' lang='lat' dir='ltr'>storum</span> <span class='ocrx_word' id='word_1_387' title='bbox 1186 4229 1195 4271; x_wconf 77' lang='lat' dir='ltr'>a</span> <span class='ocrx_word' id='word_1_388' title='bbox 1209 4203 1244 4274; x_wconf 77' lang='lat' dir='ltr'>dc</span> <span class='ocrx_word' id='word_1_389' title='bbox 1261 4201 1432 4298; x_wconf 87' lang='lat' dir='ltr'>gloriatur</span> <span class='ocrx_word' id='word_1_390' title='bbox 1447 4222 1580 4296; x_wconf 90' lang='lat' dir='ltr'>patrem</span> <span class='ocrx_word' id='word_1_391' title='bbox 1593 4203 1707 4277; x_wconf 91' lang='lat' dir='ltr'>Deum</span> <span class='ocrx_word' id='word_1_392' title='bbox 1732 4200 1769 4273; x_wconf 88' lang='lat' dir='ltr'>sc</span> <span class='ocrx_word' id='word_1_393' title='bbox 1782 4200 1844 4274; x_wconf 87' lang='lat' dir='ltr'>ha-</span> <span class='ocrx_word' id='word_1_394' title='bbox 1874 4208 1930 4290; x_wconf 84' lang='lat' dir='ltr'>9o&#39;</span> 
     </span>
    </p>

    <p class='ocr_par' dir='ltr' id='par_1_5' title="bbox 296 4293 1845 4396">
     <span class='ocr_line' id='line_1_37' title="bbox 296 4293 1845 4396; baseline 0.01 -26"><span class='ocrx_word' id='word_1_395' title='bbox 296 4296 479 4396; x_wconf 86' lang='lat' dir='ltr'>Nigenitus</span> <span class='ocrx_word' id='word_1_396' title='bbox 496 4293 585 4374; x_wconf 90' lang='lat' dir='ltr'>silius</span> <span class='ocrx_word' id='word_1_397' title='bbox 600 4296 668 4370; x_wconf 88' lang='lat' dir='ltr'>Dei</span> <span class='ocrx_word' id='word_1_398' title='bbox 684 4297 797 4374; x_wconf 84' lang='lat' dir='ltr'>Patris</span> <span class='ocrx_word' id='word_1_399' title='bbox 809 4301 915 4378; x_wconf 84' lang='lat' dir='ltr'>bodie</span> <span class='ocrx_word' id='word_1_400' title='bbox 928 4325 995 4378; x_wconf 85' lang='lat' dir='ltr'>vos</span> <span class='ocrx_word' id='word_1_401' title='bbox 1042 4303 1153 4376; x_wconf 88' lang='lat' dir='ltr'>bere.</span> <span class='ocrx_word' id='word_1_402' title='bbox 1183 4301 1368 4373; x_wconf 87' lang='lat' dir='ltr'>Videamus</span> <span class='ocrx_word' id='word_1_403' title='bbox 1404 4301 1429 4374; x_wconf 84' lang='lat' dir='ltr'>ri</span> <span class='ocrx_word' id='word_1_404' title='bbox 1452 4301 1625 4376; x_wconf 90' lang='lat' dir='ltr'>sermones</span> <span class='ocrx_word' id='word_1_405' title='bbox 1653 4303 1738 4385; x_wconf 57' lang='lat' dir='ltr'>clus</span> <span class='ocrx_word' id='word_1_406' title='bbox 1767 4295 1845 4372; x_wconf 61' lang='lat' dir='ltr'>vesi</span> 
     </span>
    </p>

    <p class='ocr_par' dir='ltr' id='par_1_6' title="bbox 303 4394 1843 4493">
     <span class='ocr_line' id='line_1_38' title="bbox 303 4394 1843 4493; baseline -0.004 -22"><span class='ocrx_word' id='word_1_407' title='bbox 303 4399 364 4471; x_wconf 85' lang='lat' dir='ltr'>fibi</span> <span class='ocrx_word' id='word_1_408' title='bbox 377 4397 410 4469; x_wconf 90' lang='lat' dir='ltr'>in</span> <span class='ocrx_word' id='word_1_409' title='bbox 436 4396 553 4472; x_wconf 91' lang='lat' dir='ltr'>vivam</span> <span class='ocrx_word' id='word_1_410' title='bbox 584 4416 747 4493; x_wconf 78' lang='lat' dir='ltr'>preparet</span> <span class='ocrx_word' id='word_1_411' title='bbox 776 4399 995 4476; x_wconf 78' lang='lat' dir='ltr'>holliama&amp;</span> <span class='ocrx_word' id='word_1_412' title='bbox 1045 4400 1144 4474; x_wconf 75' lang='lat' dir='ltr'>sunta</span> <span class='ocrx_word' id='word_1_413' title='bbox 1160 4401 1196 4473; x_wconf 79' lang='grc' dir='ltr'>δι</span> <span class='ocrx_word' id='word_1_414' title='bbox 1214 4417 1385 4472; x_wconf 88' lang='lat' dir='ltr'>tentemus</span> <span class='ocrx_word' id='word_1_415' title='bbox 1410 4421 1478 4493; x_wconf 90' lang='lat' dir='ltr'>que</span> <span class='ocrx_word' id='word_1_416' title='bbox 1502 4398 1742 4474; x_wconf 85' lang='lat' dir='ltr'>venturasunt</span> <span class='ocrx_word' id='word_1_417' title='bbox 1769 4394 1843 4468; x_wconf 83' lang='lat' dir='ltr'>illis</span> 
     </span>
    </p>

    <p class='ocr_par' dir='ltr' id='par_1_7' title="bbox 191 4489 1844 4593">
     <span class='ocr_line' id='line_1_39' title="bbox 191 4489 1844 4593; baseline -0.003 -24"><span class='ocrx_word' id='word_1_418' title='bbox 191 4521 265 4571; x_wconf 90' lang='lat' dir='ltr'>cras</span> <span class='ocrx_word' id='word_1_419' title='bbox 278 4493 312 4566; x_wconf 92' lang='lat' dir='ltr'>ln</span> <span class='ocrx_word' id='word_1_420' title='bbox 327 4493 376 4567; x_wconf 88' lang='lat' dir='ltr'>sui</span> <span class='ocrx_word' id='word_1_421' title='bbox 389 4490 577 4568; x_wconf 75' lang='lat' dir='ltr'>dileslione</span> <span class='ocrx_word' id='word_1_422' title='bbox 602 4493 795 4571; x_wconf 91' lang='lat' dir='ltr'>consolidet</span> <span class='ocrx_word' id='word_1_423' title='bbox 804 4503 916 4593; x_wconf 88' lang='lat' dir='ltr'>corda</span> <span class='ocrx_word' id='word_1_424' title='bbox 933 4523 996 4574; x_wconf 88' lang='lat' dir='ltr'>ve·</span> <span class='ocrx_word' id='word_1_425' title='bbox 1044 4497 1231 4570; x_wconf 86' lang='lat' dir='ltr'>&amp;sciemus</span> <span class='ocrx_word' id='word_1_426' title='bbox 1246 4518 1311 4593; x_wconf 91' lang='lat' dir='ltr'>que</span> <span class='ocrx_word' id='word_1_427' title='bbox 1326 4514 1428 4570; x_wconf 90' lang='lat' dir='ltr'>erunt</span> <span class='ocrx_word' id='word_1_428' title='bbox 1456 4489 1640 4574; x_wconf 81' lang='lat' dir='ltr'>tioviffima</span> <span class='ocrx_word' id='word_1_429' title='bbox 1663 4492 1778 4565; x_wconf 78' lang='lat' dir='ltr'>illius.</span> <span class='ocrx_word' id='word_1_430' title='bbox 1805 4491 1844 4566; x_wconf 86' lang='lat' dir='ltr'>Si</span> 
     </span>
    </p>

    <p class='ocr_par' dir='ltr' id='par_1_8' title="bbox 111 4584 1843 4688">
     <span class='ocr_line' id='line_1_40' title="bbox 111 4584 1843 4688; baseline -0.005 -23"><span class='ocrx_word' id='word_1_431' title='bbox 111 4613 164 4688; x_wconf 76' lang='grc' dir='ltr'>4ο</span> <span class='ocrx_word' id='word_1_432' title='bbox 196 4594 283 4676; x_wconf 79' lang='lat' dir='ltr'>lbra·</span> <span class='ocrx_word' id='word_1_433' title='bbox 313 4605 364 4684; x_wconf 75' lang='lat'>132·</span> <span class='ocrx_word' id='word_1_434' title='bbox 376 4593 488 4666; x_wconf 86' lang='lat' dir='ltr'>Amen</span> <span class='ocrx_word' id='word_1_435' title='bbox 505 4637 516 4660; x_wconf 89' lang='grc'><strong>.</strong></span> <span class='ocrx_word' id='word_1_436' title='bbox 538 4591 655 4666; x_wconf 87' lang='lat' dir='ltr'>llodie</span> <span class='ocrx_word' id='word_1_437' title='bbox 667 4615 734 4668; x_wconf 85' lang='lat' dir='ltr'>vos</span> <span class='ocrx_word' id='word_1_438' title='bbox 747 4591 934 4670; x_wconf 75' lang='lat' dir='ltr'>sanctificet</span> <span class='ocrx_word' id='word_1_439' title='bbox 950 4597 993 4670; x_wconf 91' lang='lat' dir='ltr'>ad</span> <span class='ocrx_word' id='word_1_440' title='bbox 1040 4592 1134 4666; x_wconf 79' lang='lat' dir='ltr'>&#39;enim</span> <span class='ocrx_word' id='word_1_441' title='bbox 1151 4618 1251 4671; x_wconf 87' lang='lat' dir='ltr'>verus</span> <span class='ocrx_word' id='word_1_442' title='bbox 1267 4594 1314 4666; x_wconf 80' lang='lat' dir='ltr'>ess</span> <span class='ocrx_word' id='word_1_443' title='bbox 1342 4590 1433 4666; x_wconf 85' lang='lat' dir='ltr'>filius</span> <span class='ocrx_word' id='word_1_444' title='bbox 1444 4592 1514 4663; x_wconf 90' lang='lat' dir='ltr'>Dei</span> <span class='ocrx_word' id='word_1_445' title='bbox 1530 4591 1712 4683; x_wconf 75' lang='lat' dir='ltr'>:suscipiet</span> <span class='ocrx_word' id='word_1_446' title='bbox 1726 4584 1843 4661; x_wconf 85' lang='lat' dir='ltr'>illums</span> 
     </span>
    </p>

    <p class='ocr_par' dir='ltr' id='par_1_9' title="bbox 45 4687 1928 5081">
     <span class='ocr_line' id='line_1_41' title="bbox 45 4687 1928 4786; baseline -0.004 -21"><span class='ocrx_word' id='word_1_447' title='bbox 45 4695 50 4705; x_wconf 84' lang='lat'>&#39;</span> <span class='ocrx_word' id='word_1_448' title='bbox 118 4706 124 4710; x_wconf 84' lang='grc'><em>“</em></span> <span class='ocrx_word' id='word_1_449' title='bbox 191 4687 675 4786; x_wconf 79' lang='lat' dir='ltr'>perfeslums&amp;crasmerito</span> <span class='ocrx_word' id='word_1_450' title='bbox 698 4689 861 4764; x_wconf 88' lang='lat' dir='ltr'>accedere</span> <span class='ocrx_word' id='word_1_451' title='bbox 890 4691 994 4769; x_wconf 86' lang='lat' dir='ltr'>faciat</span> <span class='ocrx_word' id='word_1_452' title='bbox 1041 4687 1253 4765; x_wconf 90' lang='lat' dir='ltr'>&amp;liberabit</span> <span class='ocrx_word' id='word_1_453' title='bbox 1270 4711 1350 4764; x_wconf 87' lang='lat' dir='ltr'>eunt</span> <span class='ocrx_word' id='word_1_454' title='bbox 1377 4690 1420 4760; x_wconf 90' lang='lat' dir='ltr'>de</span> <span class='ocrx_word' id='word_1_455' title='bbox 1434 4711 1534 4762; x_wconf 88' lang='lat' dir='ltr'>manu</span> <span class='ocrx_word' id='word_1_456' title='bbox 1557 4687 1840 4761; x_wconf 86' lang='lat' dir='ltr'>contrariorum.</span> <span class='ocrx_word' id='word_1_457' title='bbox 1873 4695 1928 4773; x_wconf 79' lang='lat'>95</span> 
     </span>
     <span class='ocr_line' id='line_1_42' title="bbox 194 4785 1840 4881; baseline -0.004 -19"><span class='ocrx_word' id='word_1_458' title='bbox 194 4789 238 4862; x_wconf 88' lang='lat' dir='ltr'>ad</span> <span class='ocrx_word' id='word_1_459' title='bbox 269 4787 468 4861; x_wconf 85' lang='lat' dir='ltr'>convivium</span> <span class='ocrx_word' id='word_1_460' title='bbox 496 4785 618 4856; x_wconf 87' lang='lat' dir='ltr'>suum.</span> <span class='ocrx_word' id='word_1_461' title='bbox 652 4788 849 4878; x_wconf 54' lang='lat' dir='ltr'>mesmes.</span> <span class='ocrx_word' id='word_1_462' title='bbox 876 4792 992 4864; x_wconf 89' lang='lat' dir='ltr'>Hodie</span> <span class='ocrx_word' id='word_1_463' title='bbox 1040 4787 1266 4863; x_wconf 80' lang='lat' dir='ltr'>Contumelia</span> <span class='ocrx_word' id='word_1_464' title='bbox 1304 4787 1547 4859; x_wconf 81' lang='lat' dir='ltr'>&amp;tormento</span> <span class='ocrx_word' id='word_1_465' title='bbox 1591 4787 1840 4881; x_wconf 86' lang='lat' dir='ltr'>interrogemus</span> 
     </span>
     <span class='ocr_line' id='line_1_43' title="bbox 196 4879 1841 4978; baseline -0.004 -20"><span class='ocrx_word' id='word_1_466' title='bbox 196 4882 338 4958; x_wconf 85' lang='lat' dir='ltr'>omittat</span> <span class='ocrx_word' id='word_1_467' title='bbox 352 4883 581 4978; x_wconf 88' lang='lat' dir='ltr'>piuspeccata</span> <span class='ocrx_word' id='word_1_468' title='bbox 606 4883 863 4958; x_wconf 65' lang='lat' dir='ltr'>vertumnus</span> <span class='ocrx_word' id='word_1_469' title='bbox 878 4888 992 4961; x_wconf 91' lang='lat' dir='ltr'>oslen-</span> <span class='ocrx_word' id='word_1_470' title='bbox 1041 4911 1118 4961; x_wconf 90' lang='lat' dir='ltr'>eum</span> <span class='ocrx_word' id='word_1_471' title='bbox 1134 4915 1143 4952; x_wconf 76' lang='grc' dir='ltr'><strong>ι</strong></span> <span class='ocrx_word' id='word_1_472' title='bbox 1162 4889 1196 4958; x_wconf 89' lang='lat'><strong>&amp;</strong></span> <span class='ocrx_word' id='word_1_473' title='bbox 1226 4885 1364 4957; x_wconf 87' lang='lat' dir='ltr'>sciemus</span> <span class='ocrx_word' id='word_1_474' title='bbox 1390 4883 1622 4959; x_wconf 82' lang='lat' dir='ltr'>reverentiam</span> <span class='ocrx_word' id='word_1_475' title='bbox 1648 4879 1737 4954; x_wconf 88' lang='lat' dir='ltr'>illius</span> <span class='ocrx_word' id='word_1_476' title='bbox 1764 4909 1776 4950; x_wconf 82' lang='lat' dir='ltr'>s</span> <span class='ocrx_word' id='word_1_477' title='bbox 1804 4881 1841 4952; x_wconf 75' lang='lat' dir='ltr'>dl</span> 
     </span>
     <span class='ocr_line' id='line_1_44' title="bbox 195 4979 1843 5081; baseline -0.004 -24"><span class='ocrx_word' id='word_1_478' title='bbox 195 4982 369 5057; x_wconf 86' lang='lat' dir='ltr'>datvobis</span> <span class='ocrx_word' id='word_1_479' title='bbox 399 4979 558 5074; x_wconf 81' lang='lat' dir='ltr'>passionis</span> <span class='ocrx_word' id='word_1_480' title='bbox 583 4979 642 5050; x_wconf 90' lang='lat' dir='ltr'>sue</span> <span class='ocrx_word' id='word_1_481' title='bbox 664 4979 858 5055; x_wconf 88' lang='lat' dir='ltr'>abscondita</span> <span class='ocrx_word' id='word_1_482' title='bbox 881 4983 993 5060; x_wconf 86' lang='lat' dir='ltr'>sacra·</span> <span class='ocrx_word' id='word_1_483' title='bbox 1043 4985 1231 5081; x_wconf 88' lang='lat' dir='ltr'>probemus</span> <span class='ocrx_word' id='word_1_484' title='bbox 1247 4981 1445 5075; x_wconf 87' lang='lat' dir='ltr'>parientiam</span> <span class='ocrx_word' id='word_1_485' title='bbox 1463 4981 1592 5078; x_wconf 79' lang='lat' dir='ltr'>ipsius·</span> <span class='ocrx_word' id='word_1_486' title='bbox 1620 4980 1742 5055; x_wconf 85' lang='lat' dir='ltr'>Morte</span> <span class='ocrx_word' id='word_1_487' title='bbox 1767 4996 1843 5051; x_wconf 89' lang='lat' dir='ltr'>tur·</span> 
     </span>
    </p>

    <p class='ocr_par' dir='ltr' id='par_1_10' title="bbox 106 5077 1952 5366">
     <span class='ocr_line' id='line_1_45' title="bbox 106 5077 1890 5177; baseline -0.006 -22"><span class='ocrx_word' id='word_1_488' title='bbox 106 5089 159 5172; x_wconf 61' lang='lat'>§5</span> <span class='ocrx_word' id='word_1_489' title='bbox 194 5099 310 5157; x_wconf 87' lang='lat' dir='ltr'>menta</span> <span class='ocrx_word' id='word_1_490' title='bbox 335 5127 347 5151; x_wconf 85' lang='grc'><strong>.</strong></span> <span class='ocrx_word' id='word_1_491' title='bbox 379 5091 430 5172; x_wconf 75' lang='lat'>132·</span> <span class='ocrx_word' id='word_1_492' title='bbox 459 5083 567 5151; x_wconf 79' lang='lat' dir='ltr'>Amen</span> <span class='ocrx_word' id='word_1_493' title='bbox 592 5123 604 5146; x_wconf 86' lang='lat'><strong>.</strong></span> <span class='ocrx_word' id='word_1_494' title='bbox 634 5077 700 5150; x_wconf 87' lang='lat' dir='ltr'>Per</span> <span class='ocrx_word' id='word_1_495' title='bbox 729 5077 992 5162; x_wconf 83' lang='lat' dir='ltr'>misericordiam</span> <span class='ocrx_word' id='word_1_496' title='bbox 1042 5082 1172 5177; x_wconf 85' lang='lat' dir='ltr'>piffima</span> <span class='ocrx_word' id='word_1_497' title='bbox 1186 5078 1448 5154; x_wconf 89' lang='lat' dir='ltr'>condemnemus</span> <span class='ocrx_word' id='word_1_498' title='bbox 1478 5077 1759 5156; x_wconf 68' lang='lat' dir='ltr'>eumserieenim</span> <span class='ocrx_word' id='word_1_499' title='bbox 1785 5098 1842 5146; x_wconf 87' lang='lat' dir='ltr'>re·</span> <span class='ocrx_word' id='word_1_500' title='bbox 1887 5155 1890 5164; x_wconf 23' lang='lat'><strong>¹</strong></span> 
     </span>
     <span class='ocr_line' id='line_1_46' title="bbox 191 5173 1952 5277; baseline -0.005 -27"><span class='ocrx_word' id='word_1_501' title='bbox 191 5177 293 5272; x_wconf 88' lang='lat' dir='ltr'>ipsius</span> <span class='ocrx_word' id='word_1_502' title='bbox 307 5173 376 5250; x_wconf 90' lang='lat' dir='ltr'>Dei</span> <span class='ocrx_word' id='word_1_503' title='bbox 393 5175 497 5250; x_wconf 85' lang='lat' dir='ltr'>nostri</span> <span class='ocrx_word' id='word_1_504' title='bbox 511 5175 578 5246; x_wconf 84' lang='lat' dir='ltr'>dte.</span> <span class='ocrx_word' id='word_1_505' title='bbox 601 5173 770 5250; x_wconf 86' lang='lat' dir='ltr'>Dominus</span> <span class='ocrx_word' id='word_1_506' title='bbox 795 5177 838 5251; x_wconf 84' lang='lat' dir='ltr'>sit</span> <span class='ocrx_word' id='word_1_507' title='bbox 859 5178 993 5277; x_wconf 85' lang='lat' dir='ltr'>semper</span> <span class='ocrx_word' id='word_1_508' title='bbox 1046 5178 1236 5275; x_wconf 72' lang='lat' dir='ltr'>spectauere</span> <span class='ocrx_word' id='word_1_509' title='bbox 1259 5177 1467 5254; x_wconf 89' lang='lat' dir='ltr'>sermonibus</span> <span class='ocrx_word' id='word_1_510' title='bbox 1480 5176 1592 5250; x_wconf 80' lang='lat' dir='ltr'>illius.</span> <span class='ocrx_word' id='word_1_511' title='bbox 1616 5174 1843 5270; x_wconf 88' lang='lat' dir='ltr'>Heccogita·</span> <span class='ocrx_word' id='word_1_512' title='bbox 1878 5183 1952 5242; x_wconf 82' lang='lat' dir='ltr'>too</span> 
     </span>
     <span class='ocr_line' id='line_1_47' title="bbox 191 5267 1843 5366; baseline -0.004 -17"><span class='ocrx_word' id='word_1_513' title='bbox 191 5275 394 5351; x_wconf 82' lang='lat' dir='ltr'>vobiscum.</span> <span class='ocrx_word' id='word_1_514' title='bbox 417 5287 465 5366; x_wconf 71' lang='lat'>132.</span> <span class='ocrx_word' id='word_1_515' title='bbox 478 5274 520 5346; x_wconf 89' lang='lat' dir='ltr'>Et</span> <span class='ocrx_word' id='word_1_516' title='bbox 536 5295 612 5345; x_wconf 91' lang='lat' dir='ltr'>cum</span> <span class='ocrx_word' id='word_1_517' title='bbox 629 5321 641 5345; x_wconf 85' lang='lat'><strong>.</strong></span> <span class='ocrx_word' id='word_1_518' title='bbox 1043 5295 1169 5352; x_wconf 79' lang='lat' dir='ltr'>verunt</span> <span class='ocrx_word' id='word_1_519' title='bbox 1185 5277 1434 5351; x_wconf 84' lang='lat' dir='ltr'>&amp;erraverunt</span> <span class='ocrx_word' id='word_1_520' title='bbox 1449 5303 1460 5346; x_wconf 83' lang='lat' dir='ltr'>s</span> <span class='ocrx_word' id='word_1_521' title='bbox 1476 5273 1654 5350; x_wconf 80' lang='lat' dir='ltr'>excecavit</span> <span class='ocrx_word' id='word_1_522' title='bbox 1684 5274 1776 5346; x_wconf 92' lang='lat' dir='ltr'>enim</span> <span class='ocrx_word' id='word_1_523' title='bbox 1800 5267 1843 5342; x_wconf 90' lang='lat' dir='ltr'>il-</span> 
     </span>
    </p>

    <p class='ocr_par' dir='ltr' id='par_1_11' title="bbox 110 5370 2060 6136">
     <span class='ocr_line' id='line_1_48' title="bbox 200 5370 1842 5470; baseline -0.004 -24"><span class='ocrx_word' id='word_1_524' title='bbox 200 5376 204 5382; x_wconf 83' lang='grc'>’</span> <span class='ocrx_word' id='word_1_525' title='bbox 238 5375 520 5446; x_wconf 77' lang='lat' dir='ltr'>Adaccedettes.</span> <span class='ocrx_word' id='word_1_526' title='bbox 547 5373 616 5460; x_wconf 77' lang='lat' dir='ltr'>Qui</span> <span class='ocrx_word' id='word_1_527' title='bbox 640 5370 736 5446; x_wconf 85' lang='lat' dir='ltr'>venit</span> <span class='ocrx_word' id='word_1_528' title='bbox 766 5375 809 5448; x_wconf 91' lang='lat' dir='ltr'>ad</span> <span class='ocrx_word' id='word_1_529' title='bbox 837 5401 892 5450; x_wconf 92' lang='lat' dir='ltr'>me</span> <span class='ocrx_word' id='word_1_530' title='bbox 920 5403 989 5456; x_wconf 92' lang='lat' dir='ltr'>non</span> <span class='ocrx_word' id='word_1_531' title='bbox 1043 5372 1098 5450; x_wconf 89' lang='lat' dir='ltr'>los</span> <span class='ocrx_word' id='word_1_532' title='bbox 1112 5371 1241 5449; x_wconf 85' lang='lat' dir='ltr'>malicia</span> <span class='ocrx_word' id='word_1_533' title='bbox 1268 5373 1703 5470; x_wconf 84' lang='lat' dir='ltr'>ipsorum=&amp;nescierunt</span> <span class='ocrx_word' id='word_1_534' title='bbox 1734 5370 1842 5441; x_wconf 84' lang='lat' dir='ltr'>sacra-</span> 
     </span>
     <span class='ocr_line' id='line_1_49' title="bbox 189 5467 2060 5570; baseline -0.004 -29"><span class='ocrx_word' id='word_1_535' title='bbox 189 5469 347 5543; x_wconf 86' lang='lat' dir='ltr'>esuriet.</span> <span class='ocrx_word' id='word_1_536' title='bbox 373 5468 718 5564; x_wconf 84' lang='lat' dir='ltr'>com.Repletumest</span> <span class='ocrx_word' id='word_1_537' title='bbox 737 5476 897 5569; x_wconf 85' lang='lat' dir='ltr'>gaudium</span> <span class='ocrx_word' id='word_1_538' title='bbox 924 5501 991 5552; x_wconf 87' lang='lat' dir='ltr'>no-</span> <span class='ocrx_word' id='word_1_539' title='bbox 1041 5472 1263 5546; x_wconf 83' lang='lat' dir='ltr'>meutaDei·</span> <span class='ocrx_word' id='word_1_540' title='bbox 1292 5473 1368 5546; x_wconf 88' lang='lat' dir='ltr'>Nec</span> <span class='ocrx_word' id='word_1_541' title='bbox 1394 5472 1589 5548; x_wconf 85' lang='lat' dir='ltr'>mercedem</span> <span class='ocrx_word' id='word_1_542' title='bbox 1617 5468 1848 5563; x_wconf 77' lang='lat' dir='ltr'>speraverunt:</span> <span class='ocrx_word' id='word_1_543' title='bbox 1939 5467 2060 5570; x_wconf 50' lang='lat' dir='ltr'>{stu</span> 
     </span>
     <span class='ocr_line' id='line_1_50' title="bbox 110 5553 2026 5668; baseline -0.001 -23"><span class='ocrx_word' id='word_1_544' title='bbox 110 5592 157 5668; x_wconf 76' lang='lat'>50</span> <span class='ocrx_word' id='word_1_545' title='bbox 191 5567 292 5644; x_wconf 81' lang='lat' dir='ltr'>sirum</span> <span class='ocrx_word' id='word_1_546' title='bbox 309 5569 343 5639; x_wconf 83' lang='lat' dir='ltr'>dt</span> <span class='ocrx_word' id='word_1_547' title='bbox 360 5561 628 5662; x_wconf 81' lang='lat' dir='ltr'>linguauoslra·</span> <span class='ocrx_word' id='word_1_548' title='bbox 1039 5572 1167 5657; x_wconf 81' lang='lat' dir='ltr'>iuliicie</span> <span class='ocrx_word' id='word_1_549' title='bbox 1183 5597 1193 5640; x_wconf 80' lang='lat' dir='ltr'>r</span> <span class='ocrx_word' id='word_1_550' title='bbox 1212 5592 1274 5641; x_wconf 89' lang='lat' dir='ltr'>nec</span> <span class='ocrx_word' id='word_1_551' title='bbox 1303 5571 1544 5657; x_wconf 84' lang='lat' dir='ltr'>iudicaverunt</span> <span class='ocrx_word' id='word_1_552' title='bbox 1569 5569 1738 5641; x_wconf 89' lang='lat' dir='ltr'>honorem</span> <span class='ocrx_word' id='word_1_553' title='bbox 1770 5553 1842 5638; x_wconf 83' lang='lat' dir='ltr'>anl-</span> <span class='ocrx_word' id='word_1_554' title='bbox 1963 5573 2026 5660; x_wconf 63' lang='grc' dir='ltr'>ἐὲζῑ·</span> 
     </span>
     <span class='ocr_line' id='line_1_51' title="bbox 244 5659 1983 5780; baseline 0.001 -44"><span class='ocrx_word' id='word_1_555' title='bbox 244 5666 388 5762; x_wconf 67' lang='lat' dir='ltr'>Require</span> <span class='ocrx_word' id='word_1_556' title='bbox 404 5677 495 5734; x_wconf 86' lang='lat' dir='ltr'>retro</span> <span class='ocrx_word' id='word_1_557' title='bbox 510 5665 757 5746; x_wconf 68' lang='lat' dir='ltr'>iantmr&#39;nim</span> <span class='ocrx_word' id='word_1_558' title='bbox 769 5669 991 5780; x_wconf 67' lang='lat' dir='ltr'>Qadragess.</span> <span class='ocrx_word' id='word_1_559' title='bbox 1040 5693 1170 5746; x_wconf 84' lang='lat' dir='ltr'>marum</span> <span class='ocrx_word' id='word_1_560' title='bbox 1197 5663 1407 5741; x_wconf 75' lang='lat' dir='ltr'>sardarum.</span> <span class='ocrx_word' id='word_1_561' title='bbox 1432 5665 1604 5753; x_wconf 81' lang='lat' dir='ltr'>Qoniam</span> <span class='ocrx_word' id='word_1_562' title='bbox 1621 5667 1712 5736; x_wconf 89' lang='lat' dir='ltr'>Deus</span> <span class='ocrx_word' id='word_1_563' title='bbox 1742 5684 1838 5735; x_wconf 87' lang='lat' dir='ltr'>crea-</span> <span class='ocrx_word' id='word_1_564' title='bbox 1875 5659 1983 5753; x_wconf 55' lang='grc' dir='ltr'>ΜΓ</span> 
     </span>
     <span class='ocr_line' id='line_1_52' title="bbox 188 5758 1839 5858; baseline -0.004 -22"><span class='ocrx_word' id='word_1_565' title='bbox 188 5763 359 5855; x_wconf 73' lang='lat' dir='ltr'>nrt-fulin</span> <span class='ocrx_word' id='word_1_566' title='bbox 373 5765 523 5836; x_wconf 70' lang='lat' dir='ltr'>tertii.</span> <span class='ocrx_word' id='word_1_567' title='bbox 1039 5765 1093 5841; x_wconf 81' lang='lat' dir='ltr'>vit</span> <span class='ocrx_word' id='word_1_568' title='bbox 1121 5765 1288 5842; x_wconf 84' lang='lat' dir='ltr'>hominem</span> <span class='ocrx_word' id='word_1_569' title='bbox 1315 5760 1635 5836; x_wconf 78' lang='lat' dir='ltr'>inellimabileme&amp;</span> <span class='ocrx_word' id='word_1_570' title='bbox 1661 5763 1704 5834; x_wconf 91' lang='lat' dir='ltr'>ad</span> <span class='ocrx_word' id='word_1_571' title='bbox 1719 5758 1839 5858; x_wconf 87' lang='lat' dir='ltr'>imagi·</span> 
     </span>
     <span class='ocr_line' id='line_1_53' title="bbox 1037 5857 1972 5950; baseline -0.012 -12"><span class='ocrx_word' id='word_1_572' title='bbox 1037 5887 1117 5938; x_wconf 87' lang='lat' dir='ltr'>nem</span> <span class='ocrx_word' id='word_1_573' title='bbox 1135 5869 1190 5934; x_wconf 92' lang='lat' dir='ltr'>lue</span> <span class='ocrx_word' id='word_1_574' title='bbox 1203 5857 1434 5935; x_wconf 90' lang='lat' dir='ltr'>similitudinis</span> <span class='ocrx_word' id='word_1_575' title='bbox 1449 5860 1531 5934; x_wconf 88' lang='lat' dir='ltr'>fecit</span> <span class='ocrx_word' id='word_1_576' title='bbox 1547 5857 1640 5933; x_wconf 82' lang='lat' dir='ltr'>illuns</span> <span class='ocrx_word' id='word_1_577' title='bbox 1651 5906 1662 5927; x_wconf 86' lang='lat'><strong>.</strong></span> <span class='ocrx_word' id='word_1_578' title='bbox 1674 5858 1744 5950; x_wconf 80' lang='lat' dir='ltr'>Qui</span> <span class='ocrx_word' id='word_1_579' title='bbox 1756 5881 1841 5928; x_wconf 87' lang='lat' dir='ltr'>coo·</span> <span class='ocrx_word' id='word_1_580' title='bbox 1870 5861 1972 5940; x_wconf 55' lang='lat' dir='ltr'>casm</span> 
     </span>
     <span class='ocr_line' id='line_1_54' title="bbox 1037 5952 1840 6132; baseline -0.011 -98"><span class='ocrx_word' id='word_1_581' title='bbox 1037 5962 1152 6059; x_wconf 66' lang='lat' dir='ltr'>ddmt</span> <span class='ocrx_word' id='word_1_582' title='bbox 1181 5953 1336 6038; x_wconf 89' lang='lat' dir='ltr'>iuillum</span> <span class='ocrx_word' id='word_1_583' title='bbox 1360 5986 1371 6032; x_wconf 81' lang='lat' dir='ltr'>a</span> <span class='ocrx_word' id='word_1_584' title='bbox 1397 5952 1600 6060; x_wconf 80' lang='lat' dir='ltr'>intelligunt</span> <span class='ocrx_word' id='word_1_585' title='bbox 1626 5962 1840 6132; x_wconf 58' lang='lat' dir='ltr'>veriffiae</span> 
     </span>
     <span class='ocr_line' id='line_1_55' title="bbox 1804 6077 1845 6136; baseline 0 -6"><span class='ocrx_word' id='word_1_586' title='bbox 1804 6077 1845 6136; x_wconf 63' lang='lat' dir='ltr'>ea</span> 
     </span>
    </p>
   </div>
   <div class='ocr_carea' id='block_1_2' title="bbox 0 0 2230 7205">
    <p class='ocr_par' dir='ltr' id='par_1_12' title="bbox 0 0 2230 7205">
     <span class='ocr_line' id='line_1_56' title="bbox 0 0 2230 7205; baseline 0 0"><span class='ocrx_word' id='word_1_587' title='bbox 0 0 2230 7205; x_wconf 95' lang='lat' dir='ltr'> </span> 
     </span>
    </p>
   </div>
  </div>
 </body>
</html>
