4450 7209
2200 453 2201 507 l

432 699 460 782 r
846 684 1677 777 nournrcnsrcnsnn·
1789 783 1795 795 A

430 798 549 874 chium
562 793 704 874 Domini
722 822 732 866 ι
758 797 924 895 consurge
948 797 1035 871 sicut
1063 795 1098 867 in
1113 795 1235 870 diebus
1285 814 1450 870 venturus
1464 820 1525 868 ess
1547 821 1591 869 an
1606 793 1708 869 alium
1723 791 1942 890 expensum
1957 797 1974 868 ἓ
1990 795 2034 871 lit
2045 798 2100 872 re²

436 897 587 990 antiquis
612 923 622 964 ι
654 895 690 966 in
717 893 993 992 generationibus
1021 890 1236 972 seculorum.
1287 890 1738 992 spondenslesusaitillis.
1770 895 1899 966 Euntes
1915 898 2098 970 renuncia·
2124 919 2163 994 55

436 994 613 1087 Numquid
628 1015 698 1064 non
711 1013 748 1062 ιιι
764 992 945 1084 percuffisti
958 990 1148 1090 superbum:
1163 991 1239 1068 vul·
1288 1012 1324 1066 te
1346 991 1494 1069 iohanni
1518 1015 1583 1085 que
1599 988 1736 1067 audistis
1764 995 1801 1064 δι
1819 990 1974 1068 vidistis.
2007 995 2094 1072 Ceci

438 1091 562 1166 nerasli
578 1091 787 1166 draconem?
811 1087 985 1183 Numquid
999 1112 1069 1160 nou
1084 1107 1123 1161 tu
1136 1090 1238 1165 sicca-
1288 1090 1435 1166 vidente
1467 1085 1809 1165 claudi'ambulant:
1847 1085 1972 1187 leprosi
2000 1117 2097 1169 mun·
2200 1165 2201 1180 ,

396 1207 417 1288 5
438 1191 476 1262 lli
492 1211 613 1259 mares
638 1205 755 1277 aquam
779 1184 886 1276 abyffi
904 1185 1144 1263 vehementis?
1170 1188 1242 1278 Qi
1292 1189 1416 1262 dantur
1430 1215 1441 1257 ι
1455 1189 1545 1261 surdi
1560 1186 1699 1262 audiunt
1716 1215 1726 1257 ι
1754 1189 1883 1264 mortui
1899 1189 2094 1290 resurgunts

436 1283 578 1382 posuisti
596 1280 805 1377 profundum
818 1282 919 1357 maris
930 1283 1046 1360 uiams
1070 1303 1109 1357 ut
1123 1285 1242 1360 transi·
1292 1309 1462 1382 pauperes
1491 1281 1798 1382 evangelizantur.
1826 1285 1870 1360 Et
1898 1286 2019 1362 beatus
2046 1290 2096 1360 est
2126 1287 2171 1364 60
2200 1353 2201 1364 ,

436 1399 518 1458 rent
533 1379 692 1452 liberati=
719 1379 762 1450 lit
775 1403 865 1456 nunc
880 1381 961 1474 quid
976 1382 1150 1480 redempti
1164 1382 1242 1456 sunt
1289 1385 1348 1480 qui
1373 1407 1444 1458 non
1462 1384 1570 1457 suerit
1591 1380 1837 1458 ¹scandalizatus
1860 1384 1987 1458 inme.
2023 1383 2098 1458 lllis
2200 1473 2201 1484 χ

433 1478 640 1553 aDominor
656 1482 923 1551 revertentur&
937 1480 1079 1554 venient
1091 1481 1127 1552 in
1141 1482 1241 1575 Syou
1291 1499 1407 1556 autem
1431 1481 1655 1556 abeuntibusr
1682 1483 1777 1577 cepit
1797 1479 1891 1558 lesus
1905 1482 2023 1559 dicere
2049 1483 2097 1556 ad
2200 1561 2201 1582 p

437 1573 614 1651 laudantes
630 1600 641 1643 ι
665 1577 701 1645 dt
715 1571 832 1648 leticia
844 1575 1055 1670 sempiterna
1066 1576 1167 1672 super
1183 1600 1241 1653 ca·
1291 1579 1407 1654 turbas
1424 1581 1467 1652 de
1478 1578 1656 1663 iohanne.
1685 1578 1779 1672 Qid
1794 1577 1906 1652 existis
1927 1579 1964 1652 in
1978 1580 2101 1654 del'era

372 1693 419 1752 ιο
438 1674 668 1772 pitseorum·
691 1671 864 1748 Gaudium
888 1676 924 1746 &
939 1673 1088 1748 leticiam
1102 1674 1241 1749 obtine·
1290 1695 1363 1752 tum
1376 1677 1522 1753 videre?
1551 1678 1763 1751 Arundinem
1776 1695 1887 1752 vento
1901 1679 2099 1776 agitatam?
2200 1727 2201 1782 p

437 1777 538 1846 bunu
553 1773 589 1844 dt
606 1771 642 1844 su
671 1769 719 1841 iet
729 1767 881 1846 dolor&
896 1771 1067 1867 gemitus.
1081 1773 1160 1870 Ego
1169 1795 1242 1871 ego
1292 1775 1360 1852 Sed
1373 1777 1456 1869 quid
1468 1776 1581 1849 existis
1595 1779 1733 1857 videre?
1746 1775 1931 1853 Hominem
1941 1773 2099 1852 mollibus
2128 1779 2176 1872 ὗς,

436 1871 511 1968 ipse
539 1795 746 1943 consolabor
764 1891 831 1943 ros
857 1915 869 1938 .
907 1872 1081 1959 13r.Amen
1103 1917 1113 1942 .
1140 1873 1243 1942 Dicar
1293 1873 1464 1948 vestitumt
1480 1875 1567 1953 Ecce
1578 1875 1636 1970 qui
1649 1871 1806 1954 mollibus
1828 1875 2042 1951 vestiuntur=
2059 1875 2098 1947 in

437 1965 563 2043 orest.
589 1962 763 2039 Dominus
804 1965 846 2037 sit
876 1964 1011 2061 semper
1039 1966 1241 2043 vobiscum·
1292 1970 1448 2048 domibus
1465 1996 1585 2070 regum
1597 1972 1687 2046 sunt.
1698 1972 1764 2045 Sed
1777 1969 1858 2064 quid
1874 1971 1988 2044 exiliis
2001 1971 2106 2046 vide·
2200 2021 2201 2024 ι

440 2082 491 2161 132.
503 2066 633 2139 Etcum
647 2061 766 2156 spiritu
781 2109 795 2132 .
820 2067 920 2135 Dicat
935 2065 1079 2137 chorus.
1105 2079 1155 2162 ¹3⁸·
1171 2067 1240 2137 Er·
1292 2073 1351 2140 re?
1368 2069 1714 2166 Prophetamlfitiam
1726 2070 1809 2144 dico
1820 2068 1924 2146 vobis
1938 2071 1995 2142 a&
2007 2067 2103 2166 plus-
2200 2089 2201 2092 ’

375 2180 421 2258 15
442 2167 510 2239 cita
526 2159 723 2258 potentiam
737 2176 831 2233 tuam
846 2161 1018 2236 Domine.
1040 2163 1082 2235 Et
1103 2163 1241 2238 veniad
1291 2186 1392 2258 quam
1403 2168 1800 2261 Prophetam.Hieenim
1813 2168 2001 2262 esldequo
2018 2165 2105 2242 scri-

441 2260 762 2338 liberandumnos.
801 2254 936 2350 pani
960 2257 1170 2356 regislsrael
1191 2262 1243 2333 in·
1290 2265 1569 2357 ptumest.Ecce
1582 2289 1654 2364 ego
1677 2265 1781 2339 mitto
1797 2262 1960 2363 angelum
1988 2287 2100 2340 meum
2130 2287 2176 2362 70

427 2361 548 2434 'tende
569 2355 628 2451 qui
656 2353 797 2429 deducis
813 2353 910 2429 velut
925 2379 1030 2431 ovem
1046 2355 1170 2452 loseph
1184 2383 1245 2454 np-
1292 2379 1371 2433 ante
1381 2362 1501 2438 faciem
1511 2362 1679 2458 tuamzqui
1690 2364 1888 2458 preparabit
1904 2361 1997 2437 viam
2010 2383 2107 2437 tuam

444 2483 548 2556 pare.
572 2465 618 2526 P.
632 2453 675 2526 Et
689 2451 797 2529 veni.
814 2455 916 2539 Dicat
931 2449 1055 2534 bresit.
1064 2452 1246 2545 Silentium
1293 2478 1373 2531 ante
1388 2478 1445 2531 te.
1463 2465 1571 2534 Amen
1593 2461 1675 2537 diuo
1688 2459 1796 2533 vobim
1809 2483 1878 2532 non
1890 2458 2037 2538 surrexit
2051 2463 2105 2532 in-

445 2555 581 2634 sacitt·
1299 2574 1462 2632 ternatos
1472 2555 1649 2636 mulierum
1659 2558 1928 2642 maiotlohanne
1941 2557 2108 2653 Baptista.

373 2670 426 2732 20
545 2653 648 2745 nicar
667 2648 817 2727 thorus.
882 2703 889 2718 .
936 2683 939 2687 ·
1300 2655 1489 2750 Qiautem
1505 2656 1681 2736 minorest
1700 2650 2024 2752 iuregnoeelnrum
2039 2681 2113 2728 ma-

1302 2750 2112 2848 iorestillo.AdiebusautemlohannisBaptisle
2136 2777 2179 2857 75
2200 2783 2201 2796 ι

500 2846 681 2948 Sequentia
707 2845 837 2946 epistole
851 2848 958 2922 Pauli
980 2845 1114 2949 apostoli
1132 2851 1176 2928 ad
1191 2857 1256 2942 lm·
1304 2849 1407 2942 usque
1421 2875 1510 2927 nune
1527 2873 1669 2950 regnum
1687 2848 1839 2926 celorum
1853 2851 1924 2927 vim
1939 2853 2080 2946 patitur
2097 2881 2110 2922 ι
2200 2905 2201 2910 ,

450 2969 590 3024 manos.
616 2961 665 3044 nr·
680 2946 761 3023 Deo
776 2948 932 3046 gratias.
1163 2955 1259 3019 xiil.
1306 2952 1343 3023 dt
1357 2946 1504 3022 violenti
1521 2950 1655 3045 rapiunt
1671 2947 1765 3023 illud.
1780 2952 1909 3024 Omnes
1924 2951 2015 3024 enim
2025 2975 2116 3046 pro·

1307 3047 1416 3146 phete
1429 3053 1465 3122 &
1479 3043 1562 3121 lexa
1583 3049 1687 3146 usque
1702 3050 1743 3122 ad
1753 3049 1943 3126 lohannem
1955 3073 2021 3146 pro
2049 3049 2116 3122 he-

381 3161 403 3218 2
410 3162 427 3237 5
451 3147 686 3331 FRatres.
701 3143 827 3220 Omnis
840 3143 951 3219 anima
969 3145 1192 3246 potestatibus
1206 3145 1258 3230 su·
1306 3166 1501 3221 taverunt.
1528 3149 1571 3220 Et
1591 3149 1616 3221 si
1643 3143 1748 3221 vultis
1764 3148 1943 3242 recipere:
1971 3147 2009 3244 ip
2024 3171 2044 3217 e
2057 3147 2112 3220 est

552 3239 765 3324 blimioribus
779 3242 914 3318 subdita
927 3244 970 3319 fit
984 3296 996 3317 .
1010 3247 1092 3319 Non
1106 3247 1154 3320 est
1168 3243 1257 3316 enim
1310 3243 1427 3318 Helias
1447 3245 1505 3338 qui
1521 3265 1687 3319 venturus
1701 3246 1773 3317 esl-
1800 3248 1868 3336 Qi
1883 3245 1987 3318 habet
2003 3267 2110 3316 aures
2141 3249 2186 3327 80

449 3342 604 3440 poteslas
618 3343 907 3430 suavesque
921 3362 1033 3419 autern
1045 3342 1256 3418 suntaDeoa
1308 3344 1466 3418 audiendi
1480 3343 1615 3417 audiat.
1642 3346 1845 3436 muner.
1872 3343 1973 3413 Dicat
1989 3339 2117 3414 amb.
2200 3369 2201 3376 ι

453 3436 616 3513 ordinata
629 3438 729 3514 sunt.
753 3438 876 3532 Itaque
904 3442 961 3535 qui
992 3441 1152 3536 potestati
1176 3439 1257 3512 reli·
1308 3439 1479 3514 Dominus
1495 3441 1538 3513 sit
1553 3441 1685 3538 semper
1698 3437 1892 3514 vobiscum.
1921 3453 1970 3535 lja.
1980 3441 2117 3515 Etcum
2200 3531 2201 3538 ἵ

449 3534 536 3608 slits
562 3535 630 3606 Dei
656 3535 870 3612 ordinationi
887 3537 1029 3610 resistit.
1054 3539 1125 3622 Qui
1142 3537 1256 3612 autern
1306 3537 1427 3632 spiritu
1445 3556 1534 3613 tuo.
1559 3544 1661 3612 Dicat
1679 3539 1823 3612 chorus.
1851 3540 1985 3612 Lauda.
2008 3534 2113 3610 Alle-
2200 3557 2201 3602 l

383 3647 434 3732 '30
457 3632 637 3706 ressllunts
653 3633 713 3728 ipsi
727 3632 787 3704 sibi
799 3633 1050 3708 damnationem
1066 3635 1257 3728 acquirunt.
1309 3633 1377 3720 luia
1392 3683 1402 3706 .
1436 3634 1484 3728 pb.
1494 3636 1590 3710 Deus
1603 3655 1811 3730 eonvertens
1827 3635 2020 3724 vivificabis
2036 3659 2112 3707 nos:

456 3730 545 3804 Nam
586 3727 734 3824 rincipes
760 3752 830 3803 non
844 3728 921 3808 sunt
937 3731 1055 3806 timori
1071 3731 1154 3805 boni
1169 3755 1257 3827 ope·
1308 3737 1346 3806 dt
1367 3732 1462 3829 plebs
1478 3752 1536 3808 tua
1549 3733 1718 3808 letabitur
1733 3741 1768 3808 ln
1783 3751 1842 3806 te.
1873 3744 1917 3804 P·
1934 3731 2117 3820 Alleluia.
2144 3733 2188 3830 85

456 3827 525 3903 risr
550 3755 609 3899 sed
635 3826 735 3901 mali.
759 3825 820 3898 Vis
835 3845 949 3901 autum
970 3853 1039 3902 non
1055 3829 1174 3906 timete
1192 3853 1258 3922 po·
1309 3829 1543 3904 uscarurrsb.
1567 3836 1745 3918 Adjuvatt
1770 3854 1824 3905 me
1840 3833 1964 3906 fratres
1980 3834 2015 3904 in
2036 3857 2119 3905 ora·
2200 3819 2201 3852 ¹

457 3925 614 4000 testatem
629 3952 641 3995 ι
665 3925 793 4001 bonum
807 3924 858 4002 fac
874 3952 884 3994 ι
909 3926 945 3998 dc
973 3926 1111 4001 habebis
1126 3924 1260 4001 laudem
1310 3925 1460 4002 tionibus
1475 3929 1604 4001 vestris:
1619 3931 1765 4003 &orate
1782 3952 1848 4025 pro
1863 3951 1916 4000 me
1932 3930 1974 4002 ad
1988 3931 2121 4003 Deum.

457 4046 504 4097 ex
516 4018 594 4097 illa.
619 4023 688 4097 Dei
705 4023 795 4098 enim
809 4022 958 4096 minister
972 4027 1020 4098 ell
1036 4025 1099 4098 tibi
1124 4025 1161 4098 in
1191 4027 1260 4098 boo
1308 4027 1510 4122 Respondeat
1523 4027 1653 4100 t'lrnrus.
1670 4029 1828 4113 Adiuvet
1844 4044 1880 4098 te
1898 4027 2123 4101 Pater&Fi-
2200 4081 2201 4114 3

387 4137 432 4218 35
459 4143 570 4195 uum.
593 4124 629 4195 Si
642 4139 754 4198 autem
768 4119 891 4193 malum
906 4119 1040 4196 secerisr
1053 4122 1257 4197 time.Non
1307 4119 1583 4219 liutdrSpiritus
1599 4127 1764 4202 sandius.
1789 4124 1891 4196 nicar
1907 4126 2040 4198 chorus.
2059 4132 2123 4196 Sa·
2200 4151 2201 4236 p

364 4223 374 4263 ³
458 4217 555 4294 enim
568 4217 638 4291 sine
650 4217 748 4293 causa
761 4212 912 4312 gladium
928 4236 1067 4312 portat·
1090 4218 1257 4292 Delenim
1307 4218 1469 4306 crificium
1508 4223 1596 4314 quod
1622 4224 1746 4295 dicitur
1774 4221 2000 4315 offlrtorlum.
2045 4225 2121 4294 Ve-
2148 4241 2201 4314 90}

474 4313 624 4392 minister
637 4317 684 4388 esl
698 4342 707 4383 ι
734 4313 862 4386 vindex
876 4316 910 4388 in
925 4314 1057 4388 isamei
1069 4315 1130 4408 qui
1144 4314 1267 4390 malurn
1315 4317 1412 4391 nient
1425 4319 1467 4390 ad
1482 4337 1517 4392 te
1533 4317 1654 4414 populi
1669 4317 1767 4398 multi
1782 4316 1811 4390 al
1817 4315 1937 4402 leluias
1959 4323 1996 4392 δι
2013 4344 2121 4425 reges

459 4411 565 4508 agit.
590 4411 676 4488 ldeo
689 4411 780 4486 enim
790 4413 977 4491 necessitati
996 4413 1119 4487 subditi
1135 4416 1265 4488 eslotea
1316 4414 1469 4511 gentium
1493 4438 1554 4511 per
1567 4435 1684 4513 portas
1698 4436 1772 4496 tuas
1789 4415 2027 4510 ingredientur
2042 4447 2053 4487 ι
2084 4420 2124 4491 dr

460 4533 533 4583 non
554 4505 663 4582 solum
680 4510 946 4604 propteriram=
973 4507 1030 4582 sed
1058 4515 1161 4586 etiarn
1177 4537 1259 4608 pro·
1306 4511 1489 4588 vocaberis
1500 4512 1622 4588 civitas
1637 4511 2009 4610 DominiFidelisSyon
2023 4513 2126 4588 ultra
2200 4601 2201 4618 χ

385 4628 437 4707 40
461 4624 541 4703 pter
562 4607 804 4683 constantiamr
830 4608 866 4680 dt
892 4605 1022 4683 tributa
1046 4609 1254 4705 prestantes.
1306 4631 1378 4684 non
1392 4609 1458 4682 eris
1473 4609 1637 4685 derelicta
1651 4610 1797 4700 alleluiae
1815 4609 1973 4698 alleluia.
1989 4612 2127 4704 pidet:
2181 4633 2201 4659 s

460 4705 605 4779 Ministri
617 4707 707 4779 enim
723 4705 800 4777 sunt
816 4704 884 4779 Dei
898 4734 908 4776 ι
934 4705 967 4777 in
981 4707 1049 4779 hot
1063 4707 1174 4802 ipsum
1191 4707 1262 4780 ser-
1307 4708 1396 4780 'dicit
1405 4705 1578 4782 Dominus
1591 4709 1682 4783 dabo
1695 4712 1729 4783 in
1747 4731 1830 4806 pace
1850 4709 2021 4808 principes
2036 4731 2121 4786 tuos
2151 4725 2196 4800 95

461 4803 623 4876 vientes.
647 4802 798 4878 Reddite
822 4827 912 4900 ergo
937 4803 1092 4878 omnibus
1120 4805 1262 4878 debita.
1313 4805 1436 4898 Syonr
1464 4808 1723 4881 &Sacerdotes
1739 4827 1820 4882 tuos
1839 4806 1873 4878 in
1890 4808 2127 4884 exultatione:

460 4900 532 4972 Cui
559 4903 750 4977 tributums
778 4900 968 4980 tributuma
994 4900 1064 4974 Cui
1089 4901 1264 4999 redigalt
1316 4899 1564 4979 &letabuntur
1584 4903 1618 4976 in
1634 4901 1781 4978 salutare
1795 4901 1884 4978 muri
1903 4905 1953 4978 tui
1972 4906 2007 4980 in
2025 4928 2133 4980 eter·
2200 4957 2201 4998 ι

463 4991 618 5091 vedigal
634 5042 645 5067 .
670 4995 738 5069 Cui
766 4995 925 5074 timorem
941 5022 952 5065 s
981 4998 1169 5076 timorem.
1196 5000 1266 5073 Cui
1314 5023 1396 5076 num
1408 5003 1445 5074 dt
1460 5001 1494 5072 in
1509 4999 1657 5074 seculum
1673 5001 1795 5084 seculi.
1812 5015 1856 5074 P.
1870 5001 1993 5078 Fidelis
2007 5007 2131 5096 Syon.
2200 5009 2201 5104 l

388 5113 437 5192 45
465 5091 665 5165 honoremr
696 5095 888 5166 honorem.
924 5095 1061 5170 Nemini
1088 5097 1269 5192 quicquam
1318 5110 1407 5170 Dum
1421 5100 1545 5170 dicitur
1552 5095 1755 5188 sirriscium
1778 5099 1895 5194 urserat
1905 5097 2045 5184 hostiam
2063 5113 2132 5174 Sa·
2178 5144 2185 5150 -

465 5187 640 5262 debeatis=
667 5189 730 5260 nifi
747 5205 785 5262 ut
799 5186 948 5262 invicem
962 5190 1113 5291 diligatis
1128 5243 1138 5262 .
1168 5201 1269 5293 §uA-
1317 5197 1431 5270 cerdus
1445 5195 1595 5267 incolite
1617 5194 1937 5270 susurrationibus.
1964 5206 2029 5272 Hic
2044 5203 2133 5272 inci·
2163 5181 2201 5278 Ill

464 5309 569 5364 men.
587 5290 689 5359 Dicat
703 5283 885 5380 Presbyter
897 5287 957 5360 uel
972 5292 1157 5364 Diacnnru.
1309 5297 1367 5391 pit
1382 5289 1683 5383 Mrffimdicendu.
1710 5293 1880 5368 Dominus
1909 5295 1950 5366 fit
1978 5295 2124 5396 semper

1317 5389 1519 5476 vobiscum.
1549 5401 1599 5482 ut.
1610 5390 1655 5464 Et
1671 5413 1747 5468 cum
1763 5391 1885 5488 spiritu
1894 5409 1961 5478 tun
1977 5441 1990 5468 .

452 5525 460 5534 ·
514 5483 628 5559 tenso
647 5481 759 5575 fulli
770 5481 949 5580 Evangelii
968 5483 1149 5578 ferundum
1176 5493 1270 5558 Mat·
1744 5501 1747 5510 ’

393 5604 441 5683 ςο
467 5581 609 5656 rheam.
1094 5587 1155 5658 XI.
1168 5586 1246 5688 capr·
1258 5630 1270 5657 .
1661 5583 1785 5682 Missa.

452 5868 455 5872 A
530 5771 640 5852 Nillo
657 5793 837 5876 tempore.
870 5777 961 5854 Cum
984 5779 1122 5854 audiiset
1139 5779 1269 5859 lohan-
1428 5781 1629 5856 Credentes
1658 5781 1856 5866 admensam
1871 5783 2034 5862 terribilis
2053 5815 2139 5868 onr-
2170 5661 2201 5760 'A

542 5899 601 5974 nes
626 5875 661 5948 in
678 5877 823 5954 vinculis
840 5902 947 5976 opera
963 5879 1089 5952 Christi
1105 5877 1270 5953 :mittens
1438 5879 1628 5976 nipotentis
1658 5883 1753 5956 Deis
1778 5905 1853 5959 cum
1880 5886 2013 5964 summo
2048 5915 2143 5988 gau-
2200 5883 2201 5962 ἶ

466 5976 554 6049 duos
569 5975 613 6050 de
626 5971 799 6074 discipulis
811 5976 881 6053 suis
896 6005 909 6051 t
927 5974 977 6056 ait
991 5973 1068 6053 illi.
1094 5973 1270 6084 Tumqui
1318 5980 1382 6065 dio
1412 5979 1568 6062 Domino
1594 5979 1675 6056 Deo
1701 5981 1816 6062 norro
1832 5982 1979 6060 illibatas
1997 5987 2141 6162 brzsgps
2200 6005 2201 6048 r
