4450 7209
275 783 322 851 μ
724 754 825 826 rtt
871 753 1163 834 urrais
1211 752 1534 835 tauers.

275 847 485 935 rainelesui
511 846 642 948 suscipe
664 848 820 947 spiritum
847 876 983 928 meum·
1015 858 1084 931 Po·
1134 877 1274 930 rarumt
1299 859 1480 931 &ornatis
1507 851 1729 933 mo'n‘umer’tta
1752 845 1948 940 iussorum}
1977 871 1994 942 5

275 950 347 1024 sitis
366 969 478 1024 autem
495 949 637 1046 genibus
650 976 661 1018 a
675 947 837 1029 clamavit
851 973 940 1024 voce
953 974 1085 1050 magna.
1135 956 1170 1025 dr
1185 953 1297 1029 dicitis
1312 1003 1324 1026 .
1351 954 1389 1026 Si
1420 953 1589 1028 fuissemus
1614 954 1647 1024 in
1664 951 1785 1026 diebus
1812 967 1949 1045 patrum

277 1044 452 1119 Dominet
483 1069 526 1118 ne
553 1047 673 1120 slatuas
702 1044 768 1118 illis
792 1048 857 1116 hoc
884 1070 1086 1141 peccatum.
1136 1054 1327 1127 nostrorum
1356 1076 1367 1119 t
1395 1074 1466 1124 non
1481 1048 1620 1134 essemus
1649 1048 1730 1122 socii
1761 1069 1883 1122 corum
1910 1047 1948 1118 iu

277 1145 408 1218 Etcum
422 1143 656 1219 hoedixissett
682 1143 944 1217 obdormivitin
961 1147 1088 1221 Domi·
1137 1147 1299 1244 sanguine
1328 1148 1607 1243 prophetarum.
1640 1148 1761 1237 ltaque
1794 1141 1949 1215 tessimo-

227 1263 245 1332 5
281 1265 354 1314 no·
377 1239 496 1314 Saulus
523 1257 638 1314 autem
668 1258 744 1313 erat
772 1239 987 1313 consentiens
1006 1242 1082 1314 neci
1138 1245 1232 1316 nium
1245 1244 1322 1316 estis
1338 1243 1585 1335 vobismetipsis
1601 1241 1774 1337 squiasilii
1789 1240 1866 1309 eliis
1883 1257 1947 1306 eo·

281 1342 356 1422 elus
371 1385 381 1406 .
411 1337 509 1412 rasta
524 1338 571 1408 est
599 1355 710 1411 autem
725 1338 759 1408 in
777 1335 834 1409 illa
848 1338 905 1408 dic
931 1338 1088 1434 persecu·
1138 1364 1212 1412 rum
1226 1341 1282 1435 qui
1300 1341 1489 1436 prophetas
1503 1339 1724 1413 occiderunt:
1749 1340 1783 1408 δι
1798 1358 1865 1407 vos
1880 1332 1948 1406 im·
1976 1337 1995 1402 6

283 1434 340 1507 tio
353 1458 473 1531 magna
494 1435 529 1506 in
554 1432 695 1507 Ecclesia
710 1456 777 1525 que
805 1435 1088 1509 eratilierosoli-
1139 1434 1234 1530 plere
1252 1438 1440 1510 mensuram
1468 1454 1602 1530 patrum
1629 1437 1820 1510 vestrorum
1836 1478 1847 1500 .
1865 1431 1949 1502 Ser-

284 1531 370 1603 mis:
399 1537 432 1605 ds
459 1553 575 1603 omnes
588 1531 728 1626 dispersi
744 1530 820 1604 sunt
850 1554 912 1625 per
928 1534 1089 1626 regiones
1140 1550 1288 1625 pentest
1318 1531 1489 1630 genimina
1503 1531 1723 1626 viperarum
1742 1527 1946 1624 quofsugic·

282 1626 388 1710 Judee
415 1633 450 1702 δι
478 1632 657 1701 Samarica
689 1646 807 1723 preter
832 1626 1006 1720 aposlolus
1031 1627 1090 1720 qui
1142 1629 1186 1698 tis
1213 1656 1231 1702 a
1240 1631 1370 1713 judicio
1386 1628 1572 1726 gehenne?
1597 1629 1683 1703 ldeo
1709 1628 1788 1699 dico
1812 1624 1947 1696 vobis.

203 1743 253 1796 Ιιο
288 1727 521 1797 remanserunt
549 1723 582 1794 in
608 1720 845 1796 Hierusalem.
868 1725 1090 1796 Curaverunt
1139 1724 1226 1800 Ecce
1240 1749 1312 1823 ego
1329 1726 1432 1798 mitto
1445 1727 1487 1797 ad
1506 1749 1572 1798 vos
1597 1723 1834 1819 Prophetas&
1849 1719 1945 1821 Scri·

213 1856 220 1867 ·
287 1839 399 1894 autem
416 1825 475 1894 Ste
502 1822 624 1894 hanum
639 1821 706 1894 viri
725 1820 884 1894 timorati
907 1846 917 1886 c
943 1825 978 1894 ds
998 1821 1090 1893 fece·
1140 1820 1224 1892 batt
1251 1828 1287 1898 bs
1308 1844 1352 1895 cx
1380 1817 1445 1892 illis
1478 1822 1645 1895 occidetis
1661 1825 1696 1892 δι
1712 1814 1948 1911 crucifigetiss
1974 1816 1995 1882 6

178 1960 191 1969 ·
288 1937 371 1993 runt
388 1846 556 2012 plangunt
581 1941 736 2014 magnum
755 1912 983 2010 superillum.
1009 1920 1090 1990 Stu-
1141 1918 1297 1990 &exeis
1314 1912 1530 2012 flagellabitis
1555 1921 1588 1990 in
1604 1913 1946 2025 sinagogit'ycstrist

289 2014 341 2087 lus
358 2037 472 2087 autem
489 2016 681 2088 devastabat
699 2013 864 2092 liccesiam
895 2037 956 2107 per
969 2015 1090 2086 domos
1142 2013 1176 2084 &
1194 2013 1441 2109 persequemini
1466 2017 1509 2086 de
1530 2014 1676 2086 civitate
1695 2015 1727 2083 in
1741 2013 1947 2088 civitatemt

291 2111 444 2183 intrante
467 2111 562 2186 viros
587 2135 625 2185 ac
639 2107 797 2184 mulieres
812 2109 967 2185 tradebat
987 2111 1019 2181 in
1033 2134 1094 2196 cu·
1145 2115 1311 2185 utveniat
1325 2113 1504 2205 supervos
1523 2110 1633 2186 omnis
1650 2110 1782 2206 sanguis
1796 2105 1948 2196 susli'qui

210 2225 253 2295 15
291 2208 429 2280 stodiam
442 2253 455 2278 0
468 2206 521 2278 llli
538 2207 643 2304 igitur
657 2207 713 2301 qui
735 2205 1000 2301 dispersicrantt
1016 2228 1093 2303 per·
1144 2205 1325 2282 effususesi
1340 2206 1581 2300 superterram
1597 2235 1605 2272 ε
1634 2205 1829 2304 asanguine
1856 2201 1947 2277 Abel

210 2350 216 2371 t
292 2303 476 2376 transibant
491 2303 769 2402 evangelizantes
783 2300 927 2378 verbum
941 2304 1036 2378 Dei.
1144 2307 1239 2389 iussi:
1267 2307 1369 2399 usque
1397 2304 1440 2378 ad
1478 2303 1670 2402 sanguinem
1695 2296 1855 2374 zacharie
1884 2294 1995 2392 siliiy

340 2412 390 2496 βε.
406 2409 512 2473 Amen
530 2448 540 2469 .
1144 2404 1332 2480 Barachict
1363 2423 1463 2490 quem
1485 2402 1650 2473 occidistis
1675 2400 1764 2471 inter
1778 2393 1949 2488 templum

321 2499 451 2568 *renio
469 2497 579 2568 sanus
595 2495 774 2597 Evangelii
794 2497 973 2586 strandum
1002 2505 1094 2567 Mar·
1144 2502 1179 2570 dr
1193 2498 1321 2572 altare.
1345 2503 1455 2571 Amen
1472 2498 1550 2570 dico
1571 2495 1690 2570 vobis:
1716 2495 1857 2566 venient
1883 2495 1949 2568 hec

293 2595 433 2668 tirsum.
836 2636 839 2641 ·
892 2602 1094 2690 captislssss.
1142 2597 1253 2669 omnia
1277 2594 1374 2760 supter
1392 2594 1650 2690 generationem
1672 2593 1788 2664 issam.
1814 2586 1948 2671 ierusa-

210 2710 255 2761 ao
353 2687 417 2764 Llo
432 2692 465 2762 in
482 2710 663 2791 tempores
690 2691 859 2766 Dominus
874 2694 987 2765 noller
1001 2691 1092 2763 lesus
1142 2689 1208 2764 lem
1219 2698 1298 2768 seru
1315 2688 1423 2765 alente
1447 2712 1512 2781 que
1538 2689 1666 2765 occidis
1681 2691 1896 2781 Prophetas=
1912 2688 1948 2761 dc

291 2696 516 2874 IChrislus
529 2789 732 2886 loquebatur
747 2788 919 2885 discipulis
945 2787 1011 2859 suis
1038 2787 1092 2858 di·
1141 2787 1267 2885 lapidat
1286 2788 1420 2878 eosqui
1438 2788 1529 2861 adte
1551 2785 1749 2857 missisunt:
1771 2782 1944 2871 Quotiens
1979 2807 1995 2879 7

292 2907 402 2956 cens·
434 2889 543 2978 Super
572 2888 767 2961 cathedram
788 2887 902 2980 Moysi
930 2883 1090 2959 sederunt
1147 2885 1246 2961 volui
1273 2907 1489 2979 congregare
1514 2883 1603 2958 filios
1631 2886 1949 2974 tuosquemadmo·

291 2981 459 3057 Scribe&
478 2982 654 3058 Pharisei·
679 2982 807 3056 Omnia
827 3006 918 3079 crgo
945 3001 1097 3076 quecun·
1147 2985 1225 3055 dum
1252 2981 1378 3081 gallina
1406 3002 1598 3077 congregat
1637 2977 1750 3074 pullos
1779 2978 1858 3049 suos
1889 2979 1949 3050 sub

290 3101 355 3191 (pue
370 3078 522 3152 dixerint
538 3079 665 3153 vobis-a
688 3079 824 3154 serrare
848 3082 882 3152 ἃ
899 3080 1003 3152 facite
1020 3103 1030 3145 c
1049 3076 1099 3151 se·
1149 3079 1238 3155 alata
1265 3084 1300 3153 δι
1320 3077 1481 3154 noluisti?
1508 3078 1589 3149 Ecce
1606 3074 1813 3170 relinquetur
1826 3077 1949 3172 domus

212 3196 257 3266 ²⁵
291 3174 946 3348 {stiliss‘s‘sssssslis
967 3176 1097 3346 issi·
1146 3172 1695 3351 sistzsrlsii‘zsi’350ssss
1718 3170 1846 3340 silis
1878 3196 1995 3345 'ist

294 3389 366 3444 tem
380 3393 485 3442 onera
509 3371 676 3468 gravia&
702 3297 1095 3463 importunissimo·
1147 3369 1300 3445 necinus
1327 3371 1384 3466 qui
1413 3368 1572 3442 venitin
1601 3365 1741 3440 nominc
1777 3365 1949 3439 Dominis

291 3487 423 3561 ponuru
439 3467 475 3539 in
499 3470 662 3543 humeros
675 3465 883 3540 hominumc
908 3467 1022 3563 digito
1035 3491 1096 3540 au·
1146 3472 1225 3544 Rex
1243 3467 1371 3543 lsrael·
1852 3482 1854 3487 '

292 3582 362 3637 tem
376 3562 437 3635 suo
450 3563 573 3638 nolunt
596 3590 635 3638 ca
650 3584 793 3640 movere
809 3612 819 3635 .
848 3566 974 3640 Omnia
1000 3587 1091 3640 vero
1194 3580 1243 3653 132.
1259 3570 1396 3641 Amen.

216 3681 262 3752 yo
296 3683 402 3752 opera
414 3657 470 3731 sua
486 3661 635 3734 faciunt:
662 3677 701 3734 ut
716 3658 899 3736 videantur
924 3661 965 3734 ab
980 3660 1096 3735 homi·
1192 3655 1429 3735 Dicat‘s’resb.
1455 3657 1620 3738 Dominus
1649 3658 1689 3731 sit
1719 3657 1856 3756 semper
1879 3659 1945 3733 voi

292 3757 418 3826 nibus.
440 3755 599 3831 Dilatant
626 3757 718 3828 enim
747 3750 926 3849 philateria
949 3758 1032 3835 suar
1056 3759 1093 3829 dt
1144 3758 1292 3832 hiscum.
1431 3770 1442 3783 ⁸
1579 3768 1582 3772 ’
1977 3747 1995 3821 ⁸

292 3851 509 3949 magnificant
527 3852 702 3929 fimbrias.
729 3855 855 3928 Amant
883 3873 996 3930 autem
1023 3853 1096 3954 pri·
1196 3855 1551 3952 152.Etcumspsrstu.·

291 3972 369 4022 mos
399 3952 569 4026 recubitus
583 3953 618 4024 in
630 3950 722 4025 cenis
740 3977 750 4016 ε
779 3955 814 4024 ἃ
836 3950 958 4048 primas
981 3956 1097 4026 cathe·
1193 3955 1333 4025 Lauda.
1351 3950 1523 4039 Alleluia.
1546 3949 1595 4041 y·
1612 3946 1784 4023 Exultahit
1796 3947 1951 4032 Justusin

293 4047 370 4118 dtas
386 4045 420 4117 in
434 4048 632 4216 finapogiss
662 4052 697 4121 &
715 4047 935 4123 salutationes
953 4051 984 4122 in
1003 4052 1093 4124 soror
1144 4045 1258 4143 gloria
1275 4080 1284 4119 ε
1309 4047 1522 4147 &gaudebit
1538 4047 1571 4121 in
1586 4046 1699 4122 leticia
1716 4045 1949 4144 sempiterna.

206 4154 258 4242 33
300 4144 508 4218 &vocatia
545 4146 736 4220 hominibus
752 4145 870 4218 rabbi.
895 4148 964 4220 Vos
978 4167 1091 4220 autem
1142 4143 1374 4233 mallesuja.
1744 4190 1746 4193 ·

293 4238 407 4311 nolite
430 4243 548 4316 vocari
571 4245 612 4315 ab
639 4240 830 4313 hominihus
847 4241 962 4315 rabbi.
995 4247 1091 4318 Unus
1145 4307 1147 4310 .
1977 4254 1995 4324 s

292 4337 342 4407 esi
366 4334 456 4409 enim
484 4336 643 4433 magisler
669 4338 804 4410 vellera
828 4360 948 4412 omnes
974 4357 1091 4418 autern
1431 4339 1657 4426 Sacrificium.

292 4433 419 4505 fratres
445 4435 553 4507 eslis.
586 4434 628 4506 Et
654 4449 787 4528 patrem
821 4432 929 4508 nolite
960 4460 1089 4512 vocare

292 4529 394 4607 vobit
425 4530 526 4627 snper
551 4527 709 4619 terramfr
734 4553 818 4602 unus
850 4530 897 4604 esi
922 4529 1012 4609 enirn
1038 4558 1098 4630 pa·
1237 4534 1295 4611 Go
1310 4533 1432 4608 Daniel
1458 4530 1613 4623 intellexi
1639 4554 1812 4607 numerum
1839 4554 1949 4608 anno·

214 4636 263 4729 40
295 4645 349 4699 ter
377 4631 489 4703 vesicr
514 4627 570 4721 qui
599 4628 632 4700 in
654 4623 1097 4705 cessemvevobisscrs-
1251 4657 1323 4706 rutn
1345 4635 1467 4726 inquo
1492 4629 1600 4702 sacius
1625 4633 1672 4702 esi
1698 4628 1810 4704 sermo
1824 4631 1950 4703 Domi·

295 4724 338 4796 be
361 4724 564 4800 &Pharisei
591 4725 803 4820 hypocrite:
823 4724 900 4819 quia
929 4728 1098 4800 mundatis
1148 4733 1181 4800 ni
1205 4757 1215 4797 ε
1235 4731 1419 4804 tibiautem
1432 4727 1591 4803 Domino
1603 4727 1683 4802 Deo
1700 4727 1949 4825 nostropropi-
1976 4741 1995 4807 9

297 4820 392 4912 quod
409 4824 452 4894 de
472 4821 558 4897 foris
573 4818 797 4896 esicalicis&
811 4820 1016 4916 parapsidis:
1046 4825 1097 4896 in·
1148 4826 1251 4899 tiatio
1277 4829 1312 4898 δι
1334 4825 1569 4898 misericordia
1601 4822 1756 4910 alleluja.
1778 4820 1827 4913 ti·
1855 4827 1950 4902 Dum

294 4935 475 4991 turturem
493 4917 584 5012 plens
599 4918 673 4991 eslis
690 4917 807 5012 rapina
824 4920 1096 4994 &immundicia
1145 4923 1328 5016 aspicerem
1342 4923 1374 4993 in
1390 4921 1532 4993 nubibus
1545 4921 1608 4995 celi
1622 4949 1633 4991 ε
1649 4943 1729 4991 ecce
1747 4920 1837 5012 quasi
1856 4920 1947 4993 silius

295 5011 456 5086 Pharisee
476 5038 556 5088 cece
571 5017 693 5089 munda
711 5015 802 5108 prius
829 5020 919 5108 quod
941 5018 1031 5090 intus
1046 5018 1094 5091 esl
1142 5019 1288 5090 hominis
1302 5021 1440 5093 amissus
1455 5042 1540 5091 auro
1555 5019 1731 5113 purissimo
1755 5021 1948 5089 veniebat:

84 5152 88 5167 ι
215 5117 263 5213 '45
296 5105 408 5181 calicis
426 5110 462 5181 &
476 5111 679 5204 parapsidis:
701 5131 738 5182 ut
753 5113 811 5182 siat
825 5112 859 5184 id
872 5116 963 5206 quod
979 5116 1022 5187 dc
1036 5116 1098 5187 fo«
1144 5115 1356 5210 principatus
1372 5117 1407 5186 δι
1420 5112 1536 5188 honor
1560 5117 1597 5186 ἃ
1610 5136 1783 5209 regnum·
1806 5122 1852 5185 1².
1867 5113 1949 5190 Tibi

195 5254 201 5263 -
293 5205 398 5280 risesi
410 5209 593 5279 mundum.
613 5207 666 5278 Vc
680 5205 777 5279 vobis
793 5208 1094 5285 Scribe&Pbari·
1142 5230 1255 5284 autem
1268 5209 1419 5285 Domino
1431 5212 1512 5282 Deo
1528 5210 1669 5284 nostro.
1981 5224 1995 5274 1

294 5300 342 5374 sei
355 5302 539 5398 hypocrite
554 5330 564 5370 t
590 5302 665 5393 quia
679 5299 805 5376 similes
819 5305 893 5374 eslis
908 5303 1092 5399 sepulchris

294 5398 1091 5568 dealbatistquesorispareuthonrinibusspe-
1495 5403 1613 5498 Miffiei

296 5494 404 5573 ciosar
432 5497 523 5572 intus
548 5519 635 5571 vero
652 5520 673 5591 p
688 5521 749 5568 ens
767 5494 842 5566 sunt
856 5497 982 5571 ossibus
1003 5520 1096 5571 mor·

220 5616 265 5689 ,ο
296 5606 456 5669 tuorumr
481 5598 517 5668 dc
542 5593 633 5667 omni
656 5591 847 5690 spurcicia·
884 5593 939 5666 Sic
962 5595 1095 5666 &vose
1235 5598 1375 5671 Rimum
1405 5596 1485 5671 licet
1514 5599 1706 5672 hominibus
1749 5595 1953 5670 dilessisfimi

295 5689 382 5765 fotis
403 5686 542 5783 quidem
561 5693 689 5786 paretis
716 5688 906 5765 hominibus
936 5689 1031 5773 sulii:
1049 5689 1099 5764 in·
1249 5697 1369 5768 fratres
1387 5695 1446 5768 suh
1466 5699 1608 5769 eandem
1625 5697 1781 5790 passionis
1800 5697 1950 5776 sormam
1984 5708 1995 5758 ¹

295 5800 350 5859 tur
377 5803 491 5862 tutent
523 5782 615 5885 pleni
650 5788 724 5862 eliis
757 5786 993 5880 hypocrisi&
1033 5787 1099 5859 ini·
1149 5812 1233 5862 crux
1246 5790 1375 5863 Christi
1394 5791 1426 5862 in
1448 5816 1512 5884 qua
1529 5791 1730 5866 cursionum
1756 5812 1950 5881 martyrum

297 5879 456 5975 quitasc·
478 5883 646 5959 V'evobis
664 5884 827 5957 Scribe&
845 5881 993 5955 Pharisei
1010 5885 1101 5979 hyp·
1150 5886 1299 5980 primitie
1323 5890 1544 5961 continentur
1569 5889 1792 5983 impresserita
1816 5888 1874 5959 sed
1900 5906 1952 5958 ta·

297 5976 455 6075 potrlttr
487 5979 545 6077 qul
574 5981 740 6061 edificatis
757 5976 931 6077 sepulchra
944 5983 1099 6077 prophe·
1149 6005 1227 6055 men
1241 5981 1499 6059 insimilitudine
1513 5986 1621 6061 carnis
1638 5985 1771 6083 peccati
1783 6011 1794 6055 r
1805 5986 1955 6092 conson-

1094 6087 1098 6101 '
1891 6102 1956 6153 mss
