4450 7209
659 717 910 793 DOMlNlCA
940 718 1130 817 QUINTA
1157 713 1561 806 QUADRAGESIME.
1872 730 1939 803 141

263 843 329 914 per
346 816 559 912 unigenitum
575 813 683 890 filium
698 836 795 890 tunm
811 820 996 894 Dominum
1013 843 1073 892 no·
1125 805 1934 893 crificiumsecundumordinemMelchisedecha
1968 830 2013 905 55

265 918 368 990 lirum
384 964 393 984 .
407 916 477 1008 Qi
493 915 561 991 boc
577 914 703 989 sacrum
720 917 841 1005 jeJunii
871 938 1005 1011 tempus
1023 919 1072 993 fa·
1124 919 1182 990 fiat
1197 918 1264 992 hoc
1280 915 1477 991 sacrificium
1494 911 1678 985 secundum
1693 910 1852 985 ordinem
1873 908 1940 980 Pa·

267 1012 366 1086 mulis
385 1015 452 1085 tuis
470 1013 587 1106 Moysi
615 1012 767 1087 &Helie
785 1017 960 1111 propicius
988 1016 1075 1092 olim
1126 1015 1352 1091 triarcharum
1377 1016 1413 1086 &
1437 1011 1693 1106 Prophetarum
1710 1005 1955 1114 tuorumgUt.

266 1112 434 1186 concessit
448 1158 459 1181 .
473 1113 540 1185 Per
555 1112 649 1204 quod
665 1137 752 1186 unus
779 1112 892 1211 legem
917 1116 1074 1209 accepit:
1125 1117 1218 1205 quod
1236 1114 1276 1188 ab
1291 1112 1357 1186 illis
1371 1110 1477 1205 tipice
1491 1108 1692 1182 facientibus
1705 1105 1878 1202 unigeniti
1891 1102 1937 1175 fi·

218 1222 241 1297 5
270 1205 353 1283 alius
379 1209 487 1321 igneo
499 1231 600 1281 curru
626 1215 839 1288 transresius
866 1214 1009 1308 paradifi
1027 1214 1078 1285 se·
1128 1208 1166 1282 lii
1182 1200 1940 1313 tuisignificantibusadventumatuamaiestts

271 1327 367 1380 creta
384 1307 525 1380 rimavit
539 1354 549 1375 ·
565 1304 641 1399 lpse
668 1333 806 1403 quoque
828 1313 997 1388 mediator
1012 1310 1078 1384 Dei
1129 1329 1308 1405 acceptare
1338 1309 1484 1406 dignata
1499 1309 1546 1379 eli
1561 1304 1626 1376 :fic
1643 1304 1712 1376 hoc
1741 1299 1942 1372 laert—fictum
1971 1327 2019 1400 5,

272 1407 309 1478 ἃ
324 1405 501 1481 hominum
515 1404 684 1481 Dominus
698 1409 912 1487 nosterlesus
925 1410 1082 1483 Christus
1134 1407 1355 1503 respicere&
1370 1404 1577 1481 sandificare
1593 1398 1749 1496 digneris
1764 1424 1774 1467 a
1789 1398 1879 1508 quod
1896 1396 1946 1468 est

274 1500 364 1577 lilius
392 1523 493 1575 tuus:
510 1506 603 1596 quod
632 1506 757 1579 dudum
784 1506 895 1582 servis
922 1509 1086 1584 concessit
1136 1529 1256 1580 verum
1269 1530 1395 1602 corpus
1413 1510 1449 1578 δι
1467 1503 1599 1598 sanguis
1614 1496 1759 1572 Domini
1774 1491 1946 1575 nostrtle·

276 1600 391 1673 hocin
408 1600 464 1673 sue
478 1602 660 1683 majellatis
674 1602 855 1679 clementia
871 1608 989 1700 polica
1001 1629 1087 1683 con·
1138 1603 1175 1673 su
1191 1606 1316 1678 Christi
1334 1603 1394 1681 filii
1413 1602 1463 1676 tui
1479 1628 1489 1668 a
1504 1599 1561 1695 qui
1581 1623 1643 1693 pro
1655 1628 1658 1634 ·
1672 1596 1770 1670 nobis
1787 1593 1946 1705 omnibus

211 1714 251 1771 ιο
275 1696 443 1785 sectavitl.
452 1698 595 1774 Perhoc
603 1701 693 1776 enim
708 1702 877 1787 jejunium
892 1703 1089 1784 Ninnivitis
1139 1702 1247 1776 famus
1260 1708 1307 1780 eil
1320 1702 1489 1776 Sacerdos
1503 1706 1538 1772 &
1565 1695 1672 1769 hostia
1687 1743 1699 1766 .
1715 1695 1813 1766 Hanc
1830 1709 1946 1803 itaque

279 1794 492 1872 veniadatur
507 1827 516 1868 a
531 1821 596 1892 per
608 1802 676 1875 hoc
688 1801 854 1888 ieiunium
867 1799 1008 1879 leonum
1023 1827 1086 1877 ora
1137 1799 1279 1876 hostiam
1297 1821 1334 1876 tu
1352 1802 1497 1896 piimne
1514 1812 1615 1894 pater
1630 1795 1674 1864 de
1703 1809 1763 1866 tue
1780 1786 1947 1862 claritatis
1975 1815 2022 1907 ⁶5

279 1892 887 1987 concluduntur-Perhocieiunium
902 1908 1086 1978 Amorreus
1138 1900 1295 1995 respectu
1312 1898 1559 1974 sanciificasut
1574 1889 1782 1964 sumentibus
1800 1888 1948 2000 eamadt
2022 1886 2028 1910 ‘

277 1992 477 2067 devincitur
491 2042 502 2066 .
519 1996 587 2069 Per
601 1995 670 2072 lroc
681 1998 847 2084 jejunium
862 1998 976 2078 clades
991 2029 1009 2077 a
1023 2020 1095 2074 ter·
1143 1997 1199 2072 hic
1213 1996 1418 2074 delidorurn
1432 1995 1567 2070 veniam
1581 1993 1637 2064 a&
1651 2006 1803 2064 eternam
1819 2007 1854 2057 11¹
1866 1981 1950 2057 ⁶⁸¹ss

281 2112 318 2163 ta
332 2087 519 2186 depellitur
533 2141 543 2162 .
560 2095 627 2168 Per
641 2094 707 2167 hoc
719 2098 887 2182 ieiunium
903 2099 1013 2176 'Aman
1039 2098 1094 2171 su·
1144 2097 1301 2173 conferas
1315 2098 1450 2172 vitam·

211 2200 251 2276 ¹5
282 2192 409 2285 petbus
423 2189 457 2262 in
473 2188 569 2289 ligno
582 2190 802 2289 suspenditur
814 2245 825 2267 ·
839 2200 907 2274 Per
919 2199 988 2275 hoc
1001 2203 1091 2286 ieiu·
1192 2210 1244 2291 Bt·
1256 2201 1367 2272 Amen
1381 2242 1393 2266 .

281 2287 379 2360 nium
394 2289 542 2385 populus
553 2289 623 2363 Dei
636 2317 656 2366 a
671 2292 763 2367 necis
793 2296 949 2389 periculo
963 2298 1091 2372 libera·
1191 2298 1254 2370 Aa
1281 2293 1535 2381 confrasiionenr
1552 2292 1652 2390 panis
1665 2336 1676 2360 .
1689 2283 1857 2374 Antisara
1872 2324 1883 2350 ·
1897 2277 1953 2354 Tu
1978 2323 2030 2401 7·

284 2404 342 2460 tur
356 2436 366 2457 .
380 2388 447 2461 Per
459 2389 526 2464 hoc
537 2388 705 2474 ieiunium
713 2390 825 2465 Sancti
839 2396 880 2471 ad
893 2394 1026 2471 celestia
1040 2416 1093 2467 re·
1142 2393 1295 2469 Domine
1311 2394 1371 2466 das
1388 2390 1497 2467 escam
1513 2388 1613 2464 nobis
1630 2389 1664 2460 in
1694 2403 1856 2477 tempore
1884 2400 1953 2473 op·

283 2508 352 2580 gna
369 2487 606 2579 perveniunt.
622 2491 691 2562 Per
705 2490 771 2562 hoc
785 2494 951 2580 jejunium
970 2515 1095 2592 pecca·
1144 2512 1302 2591 portuno
1317 2539 1328 2560 ·
1346 2490 1454 2584 Aperi
1483 2512 1616 2563 manum
1645 2504 1738 2561 ruam
1755 2481 1817 2554 t&
1846 2472 1955 2572 imple

283 2598 378 2654 tores
392 2586 434 2657 ad
449 2583 582 2660 veniam
598 2608 834 2667 revocantur·
849 2594 918 2669 Per
930 2596 996 2668 hoc
1006 2597 1096 2681 ieiu·
1145 2613 1283 2667 omnem
1300 2587 1445 2662 animam
1461 2583 1734 2661 benedictione.

211 2696 254 2749 sc
282 2680 376 2751 nium
405 2685 569 2781 sugantur
599 2688 761 2764 demonia
781 2716 792 2760 a
817 2693 1096 2790 comprimuntur
1292 2687 1355 2758 Ad
1374 2688 1558 2758 orationem
1572 2681 1808 2790 Dominicanr.
1888 2769 1895 2786 ι

221 2812 226 2819 ·
282 2777 373 2852 vitia
390 2783 635 2857 tconcrescunt
648 2786 799 2862 virtutes
813 2838 825 2860 .
840 2792 911 2865 Per
923 2791 991 2868 hoc
1005 2791 1097 2875 jeiu-
1258 2785 1358 2859 Mnes
1370 2784 1495 2858 fratres
1508 2780 1690 2859 charissimi
1703 2805 1713 2846 τ
1726 2799 1783 2868 (lm
1794 2769 1953 2847 ⁶⁰¹¹d¹i⁰⁸
1983 2810 2033 2891 75

283 2875 379 2949 nium
392 2881 536 2977 Angelis
552 2881 735 2980 copulatur
748 2885 861 2961 sanda
877 2886 1065 2987 virginitas
1082 2932 1094 2955 .
1273 2908 1337 2960 nos
1362 2909 1401 2958 ac
1427 2884 1629 2976 redemptos
1645 2872 1791 2952 Domini
1819 2872 1953 2967 pietate

282 2975 352 3049 Ρθῐ
365 2975 435 3050 l¹0c
451 2980 618 3065 ieiunium
633 2982 826 3078 impartitur
842 2989 957 3061 viduis
979 2982 1095 3060 conti·
1145 2984 1332 3080 gaudemus
1350 3007 1360 3047 s
1376 2980 1546 3054 orationis
1560 2976 1742 3052 Dominice
1757 2992 1951 3082 membresa

283 3078 428 3148 neith·
449 3079 517 3153 Pes
531 3078 599 3152 ¹¹0c
626 3081 791 3167 ieiunium
808 3087 1012 3177 potentibus
1041 3083 1095 3155 in·
1146 3081 1306 3175 precibus
1322 3077 1493 3151 indefeffrs
1508 3076 1660 3161 eiusdem
1670 3070 1814 3143 Domini
1827 3066 1957 3143 miserr-

211 3182 255 3259 υ
284 3169 434 3267 spiratur
460 3176 595 3262 iusticia
618 3205 628 3247 a
653 3179 690 3247 δι
717 3181 871 3256 omnibus
895 3178 1095 3278 conjugatis
1145 3176 1298 3252 cordiam
1326 3170 1550 3271 imploremus
1572 3171 1758 3248 clamantes
1775 3189 1794 3238 e
1810 3167 1959 3239 tertiis·

284 3269 622 3367 prudentia.l’1·era
637 3297 724 3371 ergo
750 3277 852 3353 nobis
866 3280 1092 3375 omnipotens
1148 3276 1407 3352 Paternosier.
1861 3272 1872 3380 ¹.
1913 3362 1920 3379 ⁶
1986 3286 2037 3377 89

286 3370 386 3443 Deus
400 3397 410 3438 s
424 3390 462 3444 ut
476 3373 688 3447 mortificato
701 3378 808 3449 corde
824 3380 859 3449 &
883 3402 1035 3473 corpore
1059 3381 1096 3453 bt
1197 3370 1458 3448 Dicatvresbit.
1468 3370 1658 3446 Humiliate
1672 3391 1735 3473 vos
1749 3361 1963 3457 benedisirog

282 3466 339 3541 hic
354 3465 468 3564 legem
486 3491 579 3544 tuam
596 3469 771 3567 splendide
785 3475 1007 3553 observemus
1024 3504 1034 3544 a
1059 3477 1095 3549 dr
1150 3475 1184 3548 ni
1195 3474 1386 3548 .Dominus
1398 3471 1441 3547 fit
1455 3472 1588 3571 semper
1601 3465 1806 3544 vobiscum·

283 3561 357 3636 illic
371 3588 447 3640 cum
461 3567 590 3641 sanetis
622 3572 688 3643 tuis
717 3571 804 3646 intra
819 3575 961 3661 paradisi
989 3572 1099 3650 aulam
1200 3590 1249 3672 gr.
1264 3575 1306 3648 Et
1320 3600 1419 3651 cum.

211 3672 257 3749 30
284 3659 473 3738 solenniter
498 3668 887 3762 gaudeamusaconsona
914 3695 1102 3765 vocepro·
1458 3673 1668 3749 Benedictio.

286 3758 469 3837 clamantes
495 3786 534 3837 ac
561 3766 743 3840 dicentes.
762 3784 811 3866 βε.
837 3769 1103 3849 83ηὲἰιιε.8αη·
1236 3771 1464 3847 Eneditttonts
1492 3769 1604 3868 gratia
1621 3789 1685 3844 vos
1715 3762 1848 3858 semper
1870 3786 1957 3860 pro·
1987 3778 2036 3871 85

284 3858 360 3935 slus
374 3904 386 3930 .
400 3861 567 3939 Sanctus.
1247 3890 1373 3970 tegata
1389 3874 1425 3942 δι
1451 3873 1493 3942 ab
1522 3867 1615 3944 omni
1646 3860 1739 3935 malo
1762 3863 1955 3936 defendat.

563 3962 642 4048 ‘Posi
658 3969 820 4040 sanlius.
1151 3986 1200 4067 32.
1216 3976 1325 4043 Amen
1344 4018 1352 4040 .
1369 3970 1518 4043 Mundet
1533 3987 1601 4037 vos
1618 3961 1789 4035 Dominus
1803 3958 1844 4031 ab
1861 3960 1960 4034 Omni

397 4060 460 4132 Ere
473 4063 615 4137 Samius
631 4088 739 4137 svere
767 4068 831 4141 hec
858 4063 915 4143 iiia
945 4067 1100 4165 preclara
1149 4069 1292 4150 crimine
1307 4087 1526 4164 peccatorum
1543 4064 1604 4135 t&
1621 4060 1680 4133 fibi
1698 4056 1835 4154 placete
1853 4057 1958 4132 faciat

211 4158 255 4242 3'5
407 4163 443 4230 &
465 4157 681 4234 ammirabilis
708 4163 925 4259 supernarum
959 4189 1098 4245 creatu·
1149 4170 1184 4243 in
1199 4188 1360 4243 eternum
1374 4212 1385 4234 .
1399 4179 1449 4251 132.
1463 4170 1576 4241 Amen
1590 4206 1600 4229 ·
1612 4156 1745 4252 Ubique
1758 4154 1959 4235 vosoomi·

237 4316 245 4329 .
286 4277 401 4327 rarum
418 4276 538 4333 eterna
555 4256 731 4336 laudatio·
747 4265 826 4354 Qe
858 4266 891 4337 in
922 4263 1099 4342 celestibus
1149 4292 1211 4343 nus
1223 4264 1374 4364 placatus
1389 4281 1570 4339 occurrat:
1586 4259 1621 4330 ὅτ
1635 4256 1692 4327 sue
1706 4253 1956 4330 benedlffi0¹¹i⁸
1983 4291 2035 4364 90

285 4352 1100 4459 sinedeftsiupsarlliturabAngelisa&lricso·
1149 4357 1954 4465 opemdignanterattribuat&crimen-Per
2028 4358 2036 4366 ’

287 4446 437 4523 lennitcr
449 4457 682 4532 decantatura
697 4460 860 4555 populis.
875 4458 949 4534 lllic
961 4461 1100 4539 conlatr-
1151 4463 1417 4544 misericordiam
1433 4462 1534 4558 ipfius
1547 4453 1618 4526 Dei·
1631 4453 1733 4564 nostri
1746 4453 1815 4527 &o

287 4549 372 4624 dant
384 4645 391 4659 .
401 4550 535 4626 celestia
549 4587 559 4626 a
573 4553 629 4631 hic
654 4558 801 4631 adorant
816 4560 1010 4632 terrestria.
1025 4560 1100 4640 llirc
1198 4560 1369 4637 Dominus
1381 4562 1422 4635 fit
1437 4561 1573 4652 semper
1588 4549 1793 4629 vobiscum·

211 4660 261 4732 40
288 4645 410 4719 sandits
440 4650 509 4723 tuis
533 4669 653 4728 eterna
679 4655 838 4730 retribuis
868 4656 1022 4753 premia:
1041 4660 1098 4734 iric
1200 4661 1304 4755 &.Et
1319 4684 1418 4734 cum.

288 4742 448 4819 fidelibus
481 4745 613 4846 largam
645 4757 771 4843 pressas
801 4753 1097 4830 misericordiam.
1196 4757 1614 4834 adaererenresmnen
1642 4747 1724 4822 dico
1750 4742 1853 4821 vobis
1883 4772 1954 4849 ego
1976 4780 2026 4856 95

289 4840 354 4918 Illa
367 4868 436 4918 non
450 4843 577 4920 deseris
593 4875 603 4916 a
618 4848 678 4925 isla
693 4878 761 4928 non
772 4851 914 4945 despicis
928 4855 1029 4946 :quia
1046 4882 1100 4931 re·
1149 4860 1219 4934 sum
1232 4855 1328 4954 panis
1341 4854 1412 4927 vite
1427 4882 1437 4924 a
1451 4852 1560 4947 quide
1568 4847 1647 4924 celo
1659 4845 1816 4917 descendi
1829 4873 1839 4914 a
1851 4846 1955 4943 liquis

289 4942 512 5039 demptorem
529 4947 677 5021 noslrum
695 4950 840 5044 piimme
856 4970 954 5042 pater
967 4977 1033 5044 pro
1045 4975 1100 5030 ro·
1150 4956 1284 5051 exipso
1299 4952 1556 5026 manducaverit
1583 4978 1593 5020 ε
1623 4968 1694 5019 non
1720 4944 1893 5022 morietur
1915 4948 1954 5023 in

292 5038 363 5113 tius
375 5043 490 5114 mundi
512 5041 617 5118 salute
633 5047 676 5121 ad
701 5071 763 5118 nos
778 5048 890 5120 misisti
903 5073 913 5115 a
927 5050 1099 5131 Christum
1149 5075 1305 5128 eternum
1321 5079 1333 5118 a
1346 5053 1381 5123 dr
1396 5051 1451 5145 qui
1466 5046 1593 5125 biberit
1609 5066 1654 5117 ex
1667 5067 1751 5143 aqua
1764 5066 1866 5138 quam
1881 5070 1955 5146 ego

213 5152 260 5227 45
288 5139 480 5216 Domimm
494 5164 534 5217 ac
548 5142 803 5243 redemptorem
815 5164 999 5223 eternum.
1148 5152 1240 5227 dabo
1253 5151 1285 5225 ei
1300 5177 1310 5221 ε
1326 5173 1395 5224 non
1412 5150 1507 5224 sitiet
1522 5167 1669 5242 unquam
1686 5141 1766 5216 :sed
1783 5146 1844 5247 fiet
1859 5144 1893 5217 in
1907 5172 1952 5220 eo

580 5239 661 5328 Post
670 5248 805 5343 pridie.
1150 5253 1225 5326 sons
1239 5273 1324 5344 aque
1338 5248 1490 5323 salientis
1503 5249 1540 5320 in
1555 5245 1659 5325 vitam
1671 5246 1952 5320 eternam'.P.Si·
1983 5276 2059 5332 100

394 5336 534 5413 Etitatis
549 5342 701 5416 Domine
727 5342 902 5443 unigeniti
926 5345 977 5420 tui
992 5346 1099 5427 sacra·
1147 5370 1205 5429 cut
1220 5350 1307 5424 mifit
1337 5372 1392 5426 me
1417 5348 1541 5423 vivens
1569 5347 1738 5441 patera&
1766 5366 1838 5436 ego
1865 5343 1955 5418 vivo

407 5454 601 5510 mentorum
621 5441 794 5540 preceptis
811 5470 821 5514 e
837 5443 1001 5539 nnulqne
1017 5474 1097 5545 pre.
1148 5457 1292 5547 propter
1306 5467 1439 5544 patrem
1453 5476 1462 5517 a
1475 5450 1509 5520 ἃ
1525 5443 1581 5540 qui
1598 5449 1775 5518 manducat
1790 5462 1841 5511 me
1856 5467 1865 5507 a
1881 5442 1955 5536 ipse

289 5533 383 5606 clare
415 5534 575 5647 passionis
597 5539 632 5609 δι
646 5538 887 5618 refutetiionis
901 5549 936 5621 ἃ
953 5543 987 5617 in
1002 5545 1097 5622 celos
1147 5550 1245 5622 vivet
1259 5566 1402 5644 propter
1416 5571 1470 5620 me
1486 5554 1556 5617 .Ῥ.
1569 5541 1680 5636 Siquis
1698 5563 1740 5617 es
1758 5536 1953 5629 ·l'·G10ii²

216 5654 261 5722 50
289 5632 492 5704 ascenfionis
502 5635 699 5710 memoriam
714 5639 1094 5728 facientesmaiestatem
1144 5648 1310 5723 &honor
1326 5644 1419 5717 Patri
1433 5693 1442 5714 .
1455 5655 1500 5716 P.
1516 5641 1624 5737 Siquis
1639 5686 1650 5709 ·

290 5748 383 5838 tuam
402 5725 566 5824 supplices
585 5755 743 5830 rogamus
760 5760 804 5809 ac·
815 5738 960 5834 petimus
974 5791 984 5812 .
1000 5745 1047 5816 Ut
1060 5743 1095 5817 in
1196 5754 1281 5818 com·
1294 5739 1480 5834 Repletum
1496 5744 1544 5814 eli
1559 5737 1713 5837 gaudium
1730 5741 1878 5817 solitum
1893 5765 1905 5810 τ
1918 5742 1954 5816 ἃ
1982 5766 2050 5844 105

288 5828 344 5899 lns
357 5825 527 5899 sacrificiis
541 5830 819 5908 benedimionum
836 5856 970 5914 tuarum
985 5838 1097 5935 pleni·
1147 5838 1266 5940 lingua
1282 5841 1394 5914 noslra·
1406 5841 1438 5912 in
1454 5837 1695 5911 exultatione.

291 5925 598 6034 interementes
615 5933 651 6002 &
668 5929 826 6005 infundas
838 5934 872 6007 ln
888 5936 937 6009 eis
950 5936 1099 6016 imbrem
1195 5941 1313 6015 orario
1328 5986 1339 6006 .
1355 5935 1467 6033 Reple
1483 5935 1636 6013 Domine
1651 5939 1879 6011 cornollrum
1893 5988 1909 6010 .

296 6024 451 6118 Spiritus
461 6026 514 6098 tui
526 6025 807 6110 saretrudis.
819 6036 867 6135 lit
883 6037 950 6114 fiat
961 6035 1099 6115 hoc-fa·
1193 6047 1308 6146 ere
1322 6037 1361 6112 in
1373 6045 1402 6109 l.
1418 6038 1594 6115 Doniaicr
1604 6046 1671 6116 Kc·
1679 6036 1940 6213 feltrensi-'E
