4450 7209
362 737 412 826 -36
705 796 709 815 ,
846 729 969 804 ἸΝ
1067 728 1546 821 NA'TALs.

369 827 537 929 suffragio
565 825 745 902 beatissimi
772 826 931 922 Apostoli
957 827 1004 901 sui
1019 827 1174 903 Didimia
1561 824 1708 900 saletio}
2069 847 2112 918 55

368 929 403 1000 ἃ
419 927 474 998 bic
500 951 563 1022 per
591 932 664 1013 ejus
689 923 843 1019 exempla
860 925 964 997 vitam
996 928 1175 999 ducentese

370 1028 446 1111 slus
458 1047 645 1097 mereamur
657 1023 721 1093 eise
739 1021 963 1114 sequipedes:
994 1025 1028 1094 δι
1043 1022 1111 1097 illic
1127 1027 1177 1099 fe·
1227 1026 1321 1202 D
1336 1022 1459 1122 lgnum
1476 1022 1511 1092 δι
1539 1021 1660 1107 iustum
1679 1022 1750 1093 est:
1774 1043 1861 1095 vere
1874 1019 1978 1094 suane
1998 1043 2038 1093 ac

374 1119 606 1204 licitatis'ejus
622 1117 1048 1194 inveniamurconsortts.
1347 1117 1500 1213 pulcrum
1528 1120 1596 1190 est:
1623 1141 1659 1190 te
1688 1138 1786 1212 pater
1812 1117 2036 1212 omnipotens

318 1238 337 1311 5
423 1221 622 1313 &Auren-
1185 1252 1187 1257 ·
1229 1216 1587 1314 perlel'umeristum
1603 1214 2040 1289 Dominumnosltumain-
2086 1292 2088 1296 ,

314 1344 336 1393 ·.
481 1368 484 1376 ·
718 1350 722 1357 ·
1228 1310 2035 1389 effabiliterconlaudarebanccreatutamtuam
2065 1315 2112 1384 60

698 1411 787 1483 Alia
802 1415 941 1485 Oratio.
1233 1411 1391 1487 interris
1409 1440 1418 1478 a
1439 1411 1495 1501 qui
1519 1412 1620 1483 etiam
1650 1408 1856 1483 scelestibus
1891 1410 2038 1482 virtuti·

1233 1509 1293 1583 bus
1308 1509 1536 1582 indefinenrer
1550 1505 1912 1601 preconiissublrmaris
1928 1552 1939 1573 .
1955 1507 2036 1575 Me·

466 1605 539 1677 Ete
557 1602 667 1700 igitur
682 1604 849 1678 summe&
865 1603 1067 1679 admirabilis
1077 1607 1184 1679 Deus:
1236 1607 1312 1682 rito
1332 1607 1421 1677 enim
1438 1602 1549 1674 nullus
1579 1610 1686 1673 sermo
1719 1604 1780 1675 tibi
1797 1602 1939 1698 attingit
1962 1599 2038 1674 lau·

299 1725 344 1776 ιο
488 1701 571 1776 totis
588 1704 777 1792 precordiis
792 1705 1040 1795 deprecamur.
1065 1707 1110 1774 Ut
1127 1708 1183 1797 qui
1234 1706 1293 1774 des
1307 1706 1467 1775 deferre.
1494 1700 1571 1793 quia
1594 1725 1659 1795 pax
1674 1722 1731 1773 tua
1748 1698 1873 1771 sensum
1904 1721 2039 1791 exupe·
2107 1764 2111 1768 ,

382 1799 1181 1895 beatiffimo'shome&sagacitateminquiren-
1231 1821 1284 1873 rat
1318 1822 1472 1872 omnem·
1502 1797 1588 1881 Quis
1614 1821 1754 1889 namque
1780 1813 1914 1869 creatus
1937 1818 2037 1866 crea·
2065 1801 2109 1884 65

380 1895 605 1990 doitspiras:
632 1894 727 1965 nobis
751 1899 784 1967 &
803 1897 1043 1993 indulgentiam
1062 1920 1181 1990 pecta·
1231 1896 1300 1971 tori
1328 1895 1488 1968 exhibeat
1514 1895 1651 1986 dignam
1678 1894 1858 1968 carminum
1870 1889 2006 1966 laudem
2021 1897 2044 1974 ?¹

384 1991 510 2065 minem
542 1992 690 2065 tribuas:
722 1995 866 2064 &donis
896 1995 960 2066 tuis
988 1995 1183 2086 inspirando
1233 1997 1320 2066 Cum
1336 1994 1369 2062 st
1395 1990 1486 2065 horis
1507 1992 1637 2065 eunetis
1657 1991 1812 2087 indigere
1841 2010 1935 2061 tuam
1951 2013 2036 2081 pro·

383 2089 563 2183 prevenias
581 2135 592 2156 .
617 2090 751 2179 Qique
771 2089 957 2164 sanctinum
973 2093 1106 2163 Thome
1121 2093 1182 2162 du·
1231 2091 1328 2184 spicit
1341 2114 1441 2186 opem
1461 2117 1470 2157 a
1488 2093 1521 2160 δι
1548 2082 1749 2184 figmentum
1777 2087 1869 2157 suum
1898 2081 2036 2157 recolat

304 2208 345 2275 15
384 2185 552 2257 bitatione
570 2208 633 2256 nos
651 2186 792 2258 roboras
808 2214 817 2254 a
832 2190 901 2258 eius
916 2187 1093 2279 quesumus
1109 2213 1183 2260 me·
1236 2186 1391 2282 fragilem
1419 2209 1456 2258 ac
1484 2184 1650 2281 sumptum
1678 2211 1721 2257 ex
1744 2181 1887 2277 pulvere
1912 2209 1923 2249 a
1956 2205 2034 2256 cum

383 2282 450 2354 rito
465 2282 527 2351 nos
548 2305 579 2350 rn
595 2283 660 2350 side
680 2283 727 2351 ita
745 2283 871 2357 stabiles
888 2284 1048 2376 operibus
1064 2283 1182 2358 solidat
1235 2307 1296 2354 nec
1309 2283 1366 2367 illa
1381 2281 1543 2378 pulverea
1558 2284 1667 2356 virtus
1681 2281 1883 2352 sufficienter
1901 2278 1965 2351 tibi
1984 2279 2039 2348 in·
2066 2307 2111 2379 70

383 2397 421 2448 ut
437 2379 612 2462 iudicante
642 2397 677 2447 te
693 2377 794 2473 digne
812 2379 962 2452 invenias
984 2381 1069 2472 q'uos
1084 2405 1188 2457 coro·
1237 2381 1336 2454 sonet
1365 2378 1497 2452 laudem
1521 2426 1532 2446 .
1575 2380 1611 2449 ln
1645 2385 1757 2464 cujus,
1771 2375 1869 2448 laude
1884 2379 2033 2447 Thomas

384 2477 525 2546 nando:
550 2475 688 2544 etherea
714 2473 860 2550 sustollas
879 2479 910 2547 in
928 2478 1065 2570 patria.
1096 2485 1190 2566 Qua·
1239 2476 1421 2572 apostolus
1449 2498 1525 2549 tuus
1555 2476 1703 2571 populos
1720 2475 1898 2548 convertit
1924 2473 2039 2559 judai·

383 2574 530 2641 tenus&
549 2566 699 2641 fidelium
727 2570 902 2644 servorum
928 2593 1063 2647 tuorum
1091 2602 1188 2651 acce·
1238 2597 1294 2646 cos
1320 2575 1494 2670 apristino
1521 2573 1613 2646 cultu
1630 2576 1756 2649 erroris
1782 2600 1791 2638 τ
1816 2576 1851 2643 &
1880 2571 1913 2640 in
1945 2568 2038 2642 filios

302 2689 347 2740 ao
382 2685 460 2835 Btes
476 2664 729 2762 libaminazque
751 2668 989 2742 hodiernodie
1006 2669 1098 2762 plebs
1128 2675 1188 2746 tibi
1240 2674 1422 2767 adoptavit
1438 2670 1532 2743 sacro
1549 2676 1689 2768 gurgite
1704 2666 2038 2744 tirretionismiraeu-
2113 2732 2117 2739 .

419 2787 464 2835 eo
479 2764 593 2837 nostro
610 2785 725 2834 mente
740 2763 894 2837 offerunt
910 2786 1032 2862 grata:
1055 2776 1089 2843 δι
1119 2796 1185 2864 pro
1234 2767 1265 2840 la
1299 2792 1441 2863 operum
1474 2770 1592 2839 elides
1629 2769 1746 2841 extitit
1791 2763 2033 2861 perditorum·
2065 2795 2111 2865 75

381 2857 501 2952 quibus
531 2880 566 2930 te
594 2857 749 2933 submisso
778 2863 954 2936 obsecrant
986 2869 1098 2963 capite
1125 2889 1185 2938 tue
1235 2865 1453 2960 operabatur
1468 2864 1605 2938 visibilis
1623 2867 1656 2936 in
1679 2865 1883 2959 corporibus
1897 2862 2035 2934 virtus:

383 2954 527 3050 pietatis
556 2951 850 3034 clementiamsese
878 2963 1188 3060 adeptoscongau·
1235 2967 1271 3036 &
1294 2959 1468 3034 invisibilis
1482 2964 1618 3034 curabat
1631 2961 1800 3058 magnalia
1829 2956 2035 3032 intrinsecus

382 3053 517 3126 deant.
1236 3057 1573 3133 morbostredditur
1599 3057 1724 3130 sentire
1760 3059 1874 3131 lumen
1907 3078 2038 3150 corpo·

299 3173 346 3244 05
430 3152 627 3243 ΒΑΜ·
1231 3181 1350 3233 reum:
1379 3177 1416 3229 ut
1444 3153 1553 3227 secum
1578 3153 1742 3229 illuminat
1765 3177 1903 3228 cecum·
1923 3157 2037 3247 Trep-

1232 3256 1279 3326 tie
1293 3254 1420 3329 merito
1445 3251 1614 3323 ulcerosus
1629 3271 1786 3327 curatur:
1816 3269 1855 3323 ut
1878 3249 2035 3322 strabedo
2066 3255 2112 3326 80

573 3341 650 3429 Poll
665 3349 819 3417 nomina.
848 3350 989 3423 oratio}
1233 3351 1406 3427 idolorum
1421 3350 1461 3424 ab
1476 3351 1627 3421 omnibus
1642 3348 1828 3444 effugetur.
1844 3344 1934 3419 Solis
1951 3369 2034 3419 cor·

1228 3450 1300 3540 ruit
1314 3448 1442 3525 idolum
1461 3475 1470 3516 t
1497 3466 1534 3517 ut
1550 3445 1669 3520 sudor
1682 3453 1755 3533 ejus
1773 3447 2035 3521 edificetrthro·

381 3534 542 3710 DEus
559 3538 617 3632 qui
630 3557 723 3610 tuum
734 3537 902 3615 Thomam
916 3544 1092 3641 egregium
1103 3568 1183 3641 pre·
1232 3567 1311 3618 num
1328 3596 1338 3617 .
1361 3550 1440 3619 Res
1459 3565 1615 3617 terrenus
1643 3571 1704 3640 per
1718 3543 1832 3642 sugam
1846 3540 2034 3637 dilabitur:

305 3662 349 3733 po
501 3637 585 3706 dicis
616 3634 864 3718 architectum:
890 3643 926 3711 &
950 3644 1084 3717 insoro
1111 3669 1181 3718 non
1231 3662 1270 3714 ut
1285 3663 1423 3719 eternus
1439 3646 1473 3716 in
1490 3666 1610 3717 eorum
1627 3643 1797 3716 mentibus
1819 3643 2035 3716 innovetur.

382 3734 549 3826 dedignas
579 3728 957 3808 ambulareveneliumr
983 3757 1021 3808 tu
1048 3763 1107 3812 nos
1136 3764 1182 3813 ex
1230 3740 1391 3818 'suasunt
1415 3739 1528 3814 redor
1550 3743 1607 3813 isla
1622 3737 1807 3813 miracula:
1829 3761 1892 3833 que
1919 3737 2033 3808 intuo
2064 3740 2113 3831 85·

381 3821 449 3896 illis
462 3825 630 3921 lapidibus
650 3827 746 3900 effice
763 3831 853 3907 vivis
869 3863 878 3902 a
895 3834 1044 3926 aquibus
1058 3834 1115 3910 illa
1131 3838 1183 3909 vi·
1231 3841 1370 3912 nomine
1396 3835 1498 3914 sancti
1529 3857 1645 3910 mente
1670 3838 1854 3930 impetrant
1882 3857 2038 3906 cernua.

377 3922 430 3994 fio
446 3926 536 4018 pacis
553 3926 750 3999 instauratur
763 3925 890 4001 celestis
905 3977 916 3999 .
929 3929 1090 4023 Qualiter
1102 3939 1193 4010 cani
1231 3940 1320 4030 Qpia
1334 3939 1368 4008 &
1379 3957 1477 4010 tuum
1494 3935 1708 4029 unigenitum
1725 3957 1802 4002 eum
1817 3930 1953 4004 fidelem
1970 3931 2036 4000 de·

381 4021 468 4094 dore
491 4023 652 4096 castitatis
669 4021 776 4098 niveo
803 4027 992 4102 renitentes
1009 4059 1018 4098 a
1040 4029 1182 4106 sancso-
1231 4035 1368 4110 nunciat
1382 4035 1515 4108 servnm
1533 4061 1541 4101 t
1556 4034 1590 4102 &
1603 4028 1823 4103 architeslum
1841 4028 1953 4102 asserit
1967 4026 2037 4097 esse

303 4150 345 4222 35
383 4121 526 4209 ‘umqul
543 4145 606 4194 ¹¹0⁸
638 4119 670 4189 5¹¹
688 4122 842 4195 DOmlsso
866 4132 934 4209 iam
952 4129 1182 4221 precesserunt
1231 4135 1409 4226 peritum.
1440 4132 1529 4203 Vere
1560 4129 1593 4198 in
1619 4128 1877 4200 edificationem
1907 4122 2033 4198 doctus

381 4217 542 4324 possimus
557 4217 621 4285 esse
637 4216 669 4283 in
689 4218 950 4313 participatione
963 4222 1100 4315 equales
1119 4243 1182 4295 rut
1230 4229 1375 4300 Ect'esie
1397 4259 1406 4299 a
1432 4229 1467 4296 dt
1489 4230 1520 4298 in
1550 4226 1833 4320 congregandum
1866 4220 2031 4317 populum
2062 4247 2115 4314 90

380 4332 438 4399 <111¹
461 4334 527 4402 Ps0
543 4311 780 4403 peccatoribus
805 4315 848 4386 ab
875 4316 930 4387 illa
959 4317 1088 4411 sublimi
1106 4318 1182 4392 sede
1231 4327 1294 4398 tibi
1325 4325 1494 4400 laudabilis
1512 4323 1635 4394 valde.
1659 4324 1813 4394 Terrena
1836 4344 1961 4415 erogas
1991 4340 2032 4390 ut

380 4405 574 4482 descendisti
590 4410 632 4478 'ad
647 4424 780 4478 terras:
808 4414 961 4503 precibus
975 4415 1095 4487 nostris
1112 4416 1183 4508 pla·
1231 4420 1365 4495 celestia
1390 4420 1542 4517 largiaris
1566 4449 1574 4488 a
1597 4440 1774 4514 argentum
1796 4415 2029 4512 indigentium

386 4523 480 4615 catus
497 4505 642 4576 assistas:
671 4504 827 4580 omnibus
849 4510 999 4605 requiem
1013 4513 1181 4587 desunsiis
1230 4519 1410 4593 visceribus
1428 4507 1666 4613 congerens&
1692 4536 1788 4587 cetus
1810 4512 2031 4606 amplissimos
2142 4553 2149 4562 ·

301 4632 349 4704 40
382 4600 537 4674 fid‘hbffi
552 4603 703 4693 Psestes·
1230 4616 1265 4685 in
1286 4617 1467 4690 celestibus
1499 4619 1683 4688 inslruens·
1702 4614 1852 4684 Carcere
1883 4611 2033 4680 intrudi·
2106 4694 2110 4702 ι

433 4701 632 4785 paemen.
1236 4731 1294 4786 tur
1317 4734 1353 4788 nt
1385 4716 1498 4786 virtus
1524 4718 1596 4796 ejus
1622 4714 1656 4782 in
1686 4711 1840 4781 omnibus
1865 4704 2033 4801 propale·
2061 4729 2108 4797 95

1237 4827 1318 4882 tur.
1343 4819 1405 4889 Bat
1429 4811 1555 4902 migrat
1579 4834 1597 4877 e
1624 4804 1758 4882 seculo:
1783 4829 1822 4878 ut
1847 4801 2031 4898 Apollolus

604 4896 812 4990 ΛΡΜ·
837 4901 979 4977 Oratio}
1236 4902 1448 4982 liberatura
1486 4903 1658 4979 vinculo·
1699 4905 1883 4978 Occiditur
1916 4922 2031 4972 teme·
2112 4952 2115 4956 -

625 5086 632 5102 ,
1235 5006 1342 5075 natrix
1369 4997 1479 5096 puella
1499 5026 1563 5096 que
1581 5021 1757 5094 percutere
1780 4998 1855 5072 ausa
1881 4998 1929 5069 est
1945 5022 2033 5091 apo·

301 5114 348 5186 45
385 5085 832 5262 CLementrmmeDeus
844 5095 899 5188 qui
917 5096 950 5166 in
964 5098 1053 5190 pacis
1066 5095 1186 5169 unita?
1230 5098 1349 5172 stolum
1373 5097 1501 5192 palma:
1535 5100 1781 5193 presentatura
1805 5120 1888 5167 cane
1909 5117 2033 5166 come·

402 5275 408 5290 ·
494 5203 528 5252 te
545 5180 658 5254 letaris
675 5214 683 5252 ε
701 5185 825 5261 scilicet
843 5191 898 5284 qui
926 5198 1044 5266 atrslor
1064 5220 1099 5264 es
1118 5220 1179 5286 pa·
1230 5195 1282 5266 sa:
1300 5217 1337 5268 ut
1348 5198 1455 5266 omnis
1481 5193 1536 5267 illa
1551 5199 1592 5268 fit
1607 5195 1869 5268 salvacaterva.
1898 5193 2045 5289 Hono-¹
2066 5212 2131 5264 roo

379 5299 452 5347 crs:
474 5280 519 5388 .&
541 5303 607 5373 pax
636 5283 676 5350 ab
704 5285 864 5377 angelicis
883 5287 1120 5360 rconclamatus
1146 5314 1181 5359 es
1232 5313 1355 5366 retura
1370 5293 1493 5364 bestias
1523 5316 1622 5385 quem
1645 5311 1765 5371 natura
1796 5288 1952 5384 despexit
1967 5290 2033 5358 hu·

381 5375 521 5449 choris.
539 5379 702 5449 Concede
721 5403 785 5472 per
803 5383 900 5465 huius
915 5385 1181 5456 interceffionem
1231 5411 1353 5461 mana·
1384 5391 1427 5461 Et
1443 5391 1533 5462 miro
1548 5391 1655 5464 modo
1677 5384 1956 5462 ab‘irrationabili
1975 5410 2032 5457 ra·

382 5468 534 5581 allesler
560 5494 600 5545 ut
618 5473 716 5568 ipfius
747 5473 939 5552 dilediionis
958 5479 1184 5572 vinculoque
1232 5482 1403 5558 tionabilis
1430 5491 1665 5578 perdocetur.
1698 5485 1955 5558 consecrantur
1978 5487 2034 5564 ju·

253 5628 260 5640 ,
303 5597 347 5663 50
379 5565 562 5678 discipulos
577 5571 617 5641 ad
643 5570 737 5645 celos
768 5597 917 5648 remeans
943 5577 1180 5674 conglobastia
1232 5606 1336 5655 venes
1361 5582 1595 5654 benedictione
1615 5579 1728 5656 celesti
1742 5607 1805 5677 per
1830 5581 2035 5652 veneratio·

285 5724 291 5733 ,
378 5667 454 5774 rpso
473 5688 534 5774 uos
564 5665 713 5740 almifico
736 5692 826 5744 nexu
847 5674 882 5743 in
912 5691 968 5748 tua
985 5681 1019 5750 δι
1037 5674 1185 5770 proximi
1235 5704 1309 5752 nem
1339 5674 1489 5749 animalis
1503 5679 1619 5751 bruti:
1643 5702 1727 5771 quos
1741 5699 1842 5751 antea
1855 5679 2037 5750 brutorum
2067 5692 2129 5761 105

379 5757 563 5831 ‹illesisone
578 5765 798 5864 constringe.
1234 5800 1333 5850 more
1352 5776 1466 5847 federa
1490 5783 1736 5861 conjunxerant
1770 5772 1956 5870 nuptialia.
1987 5777 2035 5844 Ut

429 5867 479 5949 ¹3²·
493 5863 607 5934 Amen
622 5910 635 5962 f
1232 5873 1328 5945 sicuti
1341 5868 1438 5944 arioli
1453 5875 1675 5947 confunditur
1691 5869 1770 5946 olim
1789 5871 1958 5966 insipietia
1973 5893 2037 5964 per

1233 5967 1353 6046 animal
1369 5969 1555 6048 insensatus
1580 5973 1629 6046 ita
1643 5995 1730 6044 nunc
1756 5971 1912 6048 &istorb
1924 5966 2037 6077 costi·

1939 6085 2033 6163 gitur
