4450 7209
337 872 507 951 Dominus
519 873 559 948 sit
575 866 706 961 semper
717 860 913 938 vobiscum.
941 881 990 964 lje·
1003 871 1045 943 Et
1060 893 1135 948 cum
1184 875 1231 945 eli
1244 873 1280 944 in
1298 897 1398 946 came
1411 897 1484 945 mea
1499 873 1650 971 bonum.
1674 870 1763 946 Nam
1778 865 1873 946 velle
1890 868 1987 954 adia·
2015 889 2025 964 ς

340 974 459 1073 spiritu
479 993 562 1048 tuo·
643 968 648 976 '
803 1055 811 1071 ι
1184 989 1240 1045 cet
1256 969 1365 1042 mihi:
1393 970 1558 1062 perficere
1570 987 1688 1042 autern
1705 968 1833 1043 bonum
1847 989 1918 1039 non
1932 968 1985 1039 in·

392 1057 625 1139 orcatomb.
653 1057 695 1126 ln
721 1077 856 1130 nomme
870 1060 1014 1135 Domini
1032 1065 1136 1145 nostri
1185 1066 1310 1138 venio.
1338 1066 1428 1136 Non·
1446 1061 1741 1156 enimquodvolo
1771 1064 1839 1137 hoc
1868 1061 1983 1136 facins

337 1164 415 1246 Jesu
427 1159 551 1248 Christi
570 1153 779 1247 perficiamus
795 1175 870 1227 cum
886 1181 991 1251 pace.
1187 1160 1245 1232 sed
1263 1161 1356 1252 quod
1373 1156 1458 1232 nolo
1473 1157 1595 1233 malum
1611 1161 1677 1234 boc
1690 1185 1782 1257 ago·
1808 1157 1846 1233 si
1867 1174 1984 1249 autem

286 1276 313 1350 ς
393 1273 440 1350 13⁸·
453 1256 531 1325 Deo
546 1249 696 1347 gratias·
1184 1259 1278 1349 quod
1290 1254 1375 1329 nolo
1389 1254 1472 1328 illud
1489 1255 1602 1328 facio:
1628 1279 1697 1328 non
1712 1277 1782 1349 ego
1796 1274 1930 1346 operor
1942 1248 1984 1321 il·
2020 1346 2023 1351 .

1183 1350 1264 1426 luda
1292 1351 1349 1422 sed
1379 1354 1472 1443 quod
1493 1350 1622 1422 habitat
1651 1351 1685 1421 in
1708 1372 1761 1423 me
1775 1367 1982 1444 peccatum.
2008 1354 2025 1424 6

370 1447 425 1519 IN
440 1445 638 1534 QUARTO
653 1440 903 1515 DOMINICO
920 1445 1038 1519 POST
1058 1451 1113 1522 0-
1186 1447 1449 1520 invenioautem
1460 1447 1573 1543 legem
1587 1443 1767 1520 volentem
1776 1442 1857 1518 mihi
1871 1445 1982 1518 facere

403 1541 593 1619 CTAVAS
607 1537 856 1610 EPlPHANlE
870 1539 1074 1614 DOMINI.
1186 1545 1323 1616 bonnm:
1336 1544 1496 1636 quoniam
1505 1541 1587 1613 mihi
1600 1540 1720 1613 malunt
1730 1542 1874 1625 adjacet.
1888 1541 1983 1609 Con-

574 1724 577 1729 ,
1098 1691 1100 1694 >
1187 1638 1341 1712 delector
1354 1641 1443 1709 enim
1466 1635 1538 1732 legi
1551 1637 1617 1708 Dei
1638 1635 1817 1707 secundum
1839 1634 1983 1706 interio·

268 1754 317 1823 ’,ιο
343 1732 546 1826 {AdMiffirm
562 1730 706 1818 officium
734 1732 900 1806 &oratio
925 1734 1139 1829 coloprino
1187 1759 1259 1808 rem
1271 1733 1452 1807 hominem.
1462 1733 1576 1805 Video
1586 1751 1700 1805 autern
1710 1730 1851 1803 alteram
1867 1729 1981 1824 legem

392 1833 560 1909 uominico
570 1826 635 1918 fol·
653 1830 791 1914 Lllllll·¹
1191 1831 1226 1901 in
1241 1831 1397 1903 membris
1410 1830 1491 1902 meis
1514 1847 1760 1922 repugnantem
1779 1823 1848 1920 legi
1862 1821 1982 1901 mentis
2005 1833 2024 1899 6

391 1922 421 1930 '¹
1191 1950 1291 1998 meet
1316 1924 1592 2019 &captivantem
1605 1947 1666 1994 me·
1684 1924 1718 1995 in
1733 1922 1765 1994 le
1793 1920 1979 2014 epeccatie

391 2024 504 2099 sellio
531 2017 613 2093 libri
637 2018 803 2093 Hieremie
811 2022 971 2118 prophete
985 2067 996 2090 .
1009 2022 1139 2111 &Deo
1187 2045 1254 2117 que
1278 2023 1324 2092 est
1341 2021 1373 2093 in
1388 2020 1543 2094 membris
1562 2020 1668 2091 meis.
1694 1946 1819 2090 loreis
1831 2040 1903 2114 ego
1919 2015 1981 2088 ho·

344 2123 501 2217 gratias·
1019 2127 1137 2187 XXXI·
1187 2142 1245 2192 mo
1262 2146 1271 2185 e
1293 2117 1369 2209 quis
1384 2139 1437 2188 me
1452 2113 1607 2188 liberabit
1632 2116 1675 2184 de
1690 2134 1840 2208 corpore
1863 2113 1998 2184 mortis

265 2236 314 2307 ,15
429 2217 501 2287 Oce
528 2213 602 2286 dies
620 2212 761 2286 veniunt
781 2211 863 2285 dicit
883 2212 1075 2287 Dominure
1102 2213 1139 2283 ὅτ
1186 2216 1284 2296 hujus
1302 2217 1318 2281 ?
1337 2211 1458 2282 Gratia
1472 2212 1539 2281 Dei
1556 2210 1628 2281 uita
1642 2215 1677 2282 bt
1694 2233 1760 2302 pax
1775 2238 1784 2278 ε
1801 2206 1980 2302 perlesum

446 2308 562 2384 feriam
586 2308 704 2380 domui
720 2303 844 2380 lsrael:
872 2312 907 2380 δι
923 2309 1037 2380 domni
1050 2310 1138 2385 luda
1187 2309 1356 2385 Christum
1370 2305 1554 2380 Dominum
1570 2308 1743 2382 nostrum·
1773 2320 1824 2399 lje·
1844 2308 1981 2379 Amen.
1997 2325 2025 2399 p

345 2409 442 2479 sedus
455 2428 594 2480 novum.
607 2405 689 2474 Non
704 2402 883 2476 secundum
898 2406 1030 2499 paetum
1046 2402 1140 2497 quod

345 2501 466 2596 pepigi
481 2524 553 2574 cum
570 2498 718 2594 patribus
734 2501 851 2572 vestris
878 2501 911 2580 in
927 2498 983 2569 die
998 2521 1063 2590 qua
1078 2523 1139 2593 ap·
1235 2503 1345 2571 Lesbio
1354 2499 1461 2586 sensis
1474 2497 1643 2593 evangelii
1650 2500 1828 2591 secunlum
1842 2507 1983 2569 lucam.

345 2598 512 2691 prehendi
524 2616 658 2668 manum
672 2615 789 2668 eorum
803 2620 813 2661 r
846 2614 884 2666 ut
907 2596 1141 2667 ducerem-cos
1191 2606 1240 2688 132.
1253 2594 1373 2679 Gloria
1386 2594 1449 2666 tibi
1463 2596 1611 2669 Domine
1625 2642 1636 2663 ·
1909 2599 1982 2664 xll-

265 2710 315 2763 ιο
340 2695 392 2786 'de
407 2712 499 2765 terra
515 2690 655 2786 Egipti.
676 2691 812 2764 Pastum
827 2689 900 2762 five
911 2690 1140 2763 testamentum
1247 2690 1308 2764 Llo
1330 2694 1364 2763 in
1381 2708 1559 2783 tempore:
1586 2692 1753 2762 Dominus
1769 2686 1984 2766 nosterlesns

299 2818 304 2833 ·
350 2790 443 2882 quod
459 2786 589 2861 irritum
604 2788 783 2858 fecerunt:
808 2788 845 2859 δι
870 2807 936 2881 ego
951 2783 1140 2859 dominatus
1266 2786 1419 2862 Christus
1433 2786 1635 2878 loquebatur
1647 2787 1817 2882 discipulis
1844 2783 1911 2857 suis
1936 2784 2025 2882 tii-3

347 2886 420 2980 sum
436 2906 552 2956 eornm
577 2882 660 2952 dicit
672 2881 865 2955 Dominus.
893 2881 960 2953 Sed
982 2883 1049 2952 hoc
1074 2882 1142 2954 erit
1191 2906 1269 2956 cens
1286 2930 1297 2951 .
1315 2881 1435 2957 Omnis
1452 2882 1509 2973 qui
1528 2881 1614 2954 dixit
1628 2881 1881 2956 verbumsuum
1899 2881 1933 2951 in
1945 2881 1987 2953 fi-

349 2978 486 3075 padium
500 2978 594 3068 quod
607 2977 723 3048 seriam
735 2973 1047 3050 cumdomolsrael.
1062 2978 1142 3055 Post
1190 2977 1270 3050 lium
1291 2977 1463 3050 hominis:
1490 2979 1689 3050 remittetur
1704 2976 1750 3050 illi
1767 3024 1778 3045 .
1808 2978 1847 3048 lii
1871 2994 2003 3053 autem·

351 3076 424 3147 dies
440 3073 517 3146 illos
531 3073 614 3144 dicit
625 3069 1021 3167 Dominuscdabolegem
1034 3086 1141 3144 meum
1189 3075 1245 3167 qui
1258 3072 1421 3167 Spiritum
1438 3069 1586 3144 fandum
1602 3070 1904 3167 blasphemaverita
1920 3093 1988 3142 non

266 3183 314 3263 §25
352 3170 387 3242 in
414 3169 595 3242 visceribus
609 3189 752 3241 eorums
772 3169 807 3240 δε
837 3167 872 3238 in
900 3168 1007 3240 corda
1023 3189 1141 3239 eorum
1190 3166 1385 3241 remittetur
1398 3169 1454 3239 ei.
1481 3168 1572 3242 Cum
1584 3187 1694 3242 antem
1711 3169 1911 3240 induxerint
1924 3190 1987 3241 ros

291 3276 299 3285 ’
352 3265 535 3340 adscribam
553 3286 653 3334 eam.
682 3263 727 3334 En
745 3263 866 3335 erneis
887 3264 921 3333 in
936 3264 1071 3332 Deume
1102 3262 1139 3346 δι
1190 3264 1224 3335 in
1235 3269 1440 3358 synagogas
1461 3262 1501 3335 ad
1515 3265 1730 3359 magistratus
1743 3265 1829 3335 &ad
1839 3263 1988 3357 potesta·
2014 3261 2025 3334 i

350 3363 413 3454 ipsi
430 3377 528 3432 crunt
545 3358 624 3432 mihi
642 3357 875 3451 inpopulum·
899 3358 940 3428 Et
959 3381 1022 3428 non
1037 3358 1141 3431 docc-
1191 3381 1267 3432 test
1299 3358 1404 3431 nolite
1420 3356 1555 3435 solliciti
1569 3362 1632 3431 esse
1646 3358 1792 3452 qualiter
1809 3387 1818 3426 τ
1836 3377 1896 3431 ant
1907 3361 2003 3451 quid·

348 3458 404 3531 bit
419 3455 508 3528 ultra
521 3450 777 3549 virproximum
790 3454 908 3523 sunm:
935 3456 971 3524 dt
997 3450 1054 3525 vir
1070 3453 1138 3525 sra-
1192 3455 1450 3549 respondeatire
1474 3478 1529 3530 aut
1560 3458 1641 3549 quid
1661 3455 1809 3527 dicatis.
1837 3454 1986 3547 Spiritus

346 3573 440 3623 trem
456 3552 545 3624 suum
563 3578 572 3616 ε
601 3547 714 3620 dicens
742 3547 914 3645 cognosce
928 3547 1115 3620 Dominum
1131 3594 1142 3616 .
1190 3554 1279 3623 enim
1295 3549 1432 3624 sandius
1446 3554 1583 3625 docebit
1601 3577 1665 3625 vos
1681 3553 1715 3622 in
1732 3549 1801 3644 ipsa
1814 3550 1902 3623 hora
1920 3574 1986 3645 qne

258 3672 317 3768 ἕο
352 3651 480 3721 Omnes
508 3644 597 3714 enim
623 3642 831 3739 cognoscent
852 3667 928 3716 mec
960 3669 979 3715 a
1002 3643 1142 3717 minimo
1192 3665 1354 3741 oporteat
1372 3646 1505 3719 dicere.
1523 3650 1584 3721 Ait
1598 3667 1710 3720 autem
1723 3647 1833 3718 homo
1847 3649 1892 3719 de
1911 3667 1986 3721 tur·

348 3764 470 3814 eorum
497 3739 594 3831 usque
626 3739 667 3810 ad
683 3738 862 3810 maximnm
889 3739 936 3812 ait
952 3739 1143 3811 Dominus.
1192 3746 1259 3817 ba.
1283 3742 1469 3836 Magisterc
1499 3746 1552 3818 dic
1582 3744 1682 3816 fratri
1698 3764 1777 3814 meo
1799 3761 1837 3813 ut
1854 3742 1985 3816 dividat
2013 3741 2025 3811 l

349 3838 441 3926 Quia
459 3831 674 3932 propitiabor
687 3833 854 3927 iniquitati
871 3857 1000 3910 eorum:
1016 3838 1050 3906 δι
1064 3856 1143 3928 pcc·
1190 3860 1321 3914 mecum
1335 3835 1570 3912 hereditatem.
1590 3846 1635 3910 At
1651 3837 1808 3910 illedixit
1825 3838 1869 3907 eir
1890 3841 1985 3912 oho-

351 3935 416 4008 cati
433 3955 550 4007 eorum
567 3953 636 4004 non
649 3950 709 4003 ero
722 3950 852 4006 memor
869 3927 1031 4028 amplios,
1190 3959 1250 4007 mo
1264 3931 1336 4024 quis
1352 3957 1402 4005 me
1419 3936 1588 4006 constituit
1603 3935 1749 4019 jndicem
1772 3953 1829 4005 aut
1855 3932 1986 4008 diviso-

398 4037 593 4124 132.Amen.
1189 4025 1986 4121 remsupervos?Dixitqueadillos.Videtc
2023 4110 2024 4116 η

265 4144 311 4219 35
396 4131 496 4197 Dicat
508 4122 625 4196 orest.
638 4124 808 4199 Dominus
821 4124 862 4195 lit
876 4124 1009 4219 semper
1022 4121 1139 4195 vobis·
1186 4130 1221 4197 &
1236 4144 1357 4196 cavete
1371 4124 1412 4195 sb
1423 4125 1515 4197 omni
1530 4124 1673 4198 avaritia
1689 4125 1874 4216 :quianon
1896 4125 1930 4197 in
1944 4151 1981 4198 a·

347 4246 423 4296 cnm
446 4270 456 4289 ·
487 4237 534 4312 nr.
546 4222 588 4290 Et
602 4245 676 4292 cum
689 4220 810 4313 spiritu
825 4239 909 4290 tuo.
1186 4218 1566 4314 bundantiacujusquam
1578 4224 1731 4303 vitaejus
1745 4220 1984 4315 estsexbisque
2009 4235 2025 4305 ς

391 4316 567 4407 Psallendo
582 4360 592 4381 .
606 4315 670 4385 Ubi
685 4314 759 4386 sunt
773 4313 999 4386 misericordie
1011 4330 1070 4384 tue
1080 4337 1138 4383 an·
1186 4316 1336 4481 poffidet
1354 4312 1476 4387 0Dixit
1496 4335 1606 4388 autem
1622 4314 1870 4388 fimiiitndinem
1888 4321 1932 4390 ad
1944 4315 1986 4387 il·

343 4414 438 4506 tique
453 4410 599 4484 Domine
613 4436 622 4477 ε
637 4409 731 4482 Sicut
745 4409 855 4493 iurasti
870 4406 983 4480 David
998 4411 1031 4480 in
1047 4407 1138 4479 veri·
1200 4436 1239 4483 os
1251 4409 1389 4478 dicens.
1416 4411 1572 4487 Hominis
1586 4410 1756 4494 cujusdam
1769 4412 1888 4485 divitis
1902 4413 1983 4486 ube·

344 4529 509 4582 caterua·
543 4504 780 4594 burtonam
802 4503 911 4574 dixisti
928 4505 1074 4579 Domine
1099 4503 1133 4574 in
1184 4530 1236 4579 res
1251 4502 1379 4578 fruetus
1395 4529 1478 4598 ager
1493 4503 1832 4600 tulit·&cogitabat
1848 4507 1938 4582 intra
1950 4507 1984 4576 se

263 4629 312 4702 40
343 4628 500 4699 eternum
517 4600 748 4675 misericordia
763 4599 974 4671 edificabitur
990 4602 1023 4671 in
1039 4594 1131 4670 celis:
1183 4604 1319 4680 dicens.
1336 4601 1426 4689 Qin
1446 4603 1562 4673 sociam
1586 4601 1664 4692 quia
1692 4606 1896 4676 nonhabeoc
1913 4624 1983 4696 quo

261 4691 274 4717 “
342 4698 577 4796 preparabitur
591 4696 715 4771 veritas
735 4716 814 4769 tuac
841 4694 1022 4788 disposuisti
1040 4695 1140 4770 testa·
1188 4719 1398 4793 congregem
1413 4696 1538 4770 budius
1551 4700 1726 4770 meoset-:t
1738 4699 2025 4781 dixit-Hocsa·9

341 4817 492 4888 mentum
508 4792 622 4867 electis
638 4794 728 4866 tuis.
754 4802 797 4861 Ῥ.
812 4791 907 4863 Sicut
919 4791 1032 4876 jurasti
1049 4836 1060 4855 ·
1187 4795 1296 4865 eiam.
1329 4794 1501 4865 Destruam
1518 4795 1641 4864 horrea
1657 4817 1731 4864 mea
1747 4798 1780 4864 ἃ
1795 4800 1925 4880 maiora
1935 4797 1983 4869 ir·

390 4888 492 4963 Dicor
508 4889 626 4960 Presb.
639 4886 816 4962 Silentium
832 4885 954 4959 facite.
1187 4890 1289 4962 ciamc
1314 4889 1349 4960 δι
1366 4885 1443 4958 illuc
1459 4892 1684 4985 congregabo
1699 4890 1889 4974 omniaque
1907 4910 1985 4963 note

364 5036 366 5041 -
392 4986 568 5078 Sequentia
585 4982 710 5076 ep1'slole
724 4984 829 5054 Pauli
844 4982 995 5077 Apostoli
1016 4984 1058 5052 od
1074 4991 1138 5074 lto·
1187 4985 1263 5057 sunt
1278 4981 1358 5055 mihi
1384 4987 1418 5058 δι
1437 4985 1522 5056 bona
1536 5008 1610 5056 mea
1626 5011 1635 5050 s
1657 4985 1813 5059 &dicam
1840 4987 1982 5061 anime)
2008 5058 2011 5062 .

257 5098 308 5178 45
341 5102 451 5153 manos
467 5123 477 5144 .
511 5090 558 5158 132.
572 5076 650 5145 Deo
667 5078 820 5168 gratias.
984 5086 1136 5170 sopl‘ll.
1184 5080 1290 5155 mee.
1306 5079 1431 5151 Anima
1447 5081 1548 5151 habes
1564 5075 1669 5151 multa
1682 5079 1771 5154 bona
1785 5084 1936 5175 rep'ofita
1949 5081 1984 5152 in

423 5174 565 5243 Ratres.
592 5172 719 5240 Scimus
748 5174 840 5262 qnod
868 5172 926 5244 lex
954 5172 1134 5266 spiritualis
1184 5198 1292 5247 annos
1332 5171 1696 5268 intimos.Requiesce=
1714 5172 1881 5250 comedes
1896 5177 2025 5248 bibe=1

435 5268 681 5358 eslcegoautem
692 5263 831 5335 carnalis
846 5267 917 5337 sum
927 5268 1140 5339 venundatus
1183 5272 1226 5340 «δι
1241 5200 1375 5362 epuiire
1391 5316 1401 5339 .
1419 5272 1520 5342 Dixit
1536 5290 1651 5342 autem
1668 5268 1716 5346 illi
1731 5276 1845 5346 Dens.
1860 5272 1983 5346 Stultcc

340 5362 400 5438 sub
413 5379 579 5458 peccato:
608 5359 803 5453 quod.enim
817 5383 948 5451 operor
966 5388 974 5429 a
1003 5384 1071 5431 non
1087 5361 1138 5445 in·
1187 5364 1250 5438 bac
1266 5363 1366 5438 none
1383 5366 1525 5438 animam
1544 5386 1635 5440 tuam
1652 5389 1811 5461 repetent
1826 5397 1845 5443 a
1861 5388 1909 5443 te:
1922 5393 1985 5460 que

341 5460 483 5558 telligo.
499 5457 588 5529 Non
598 5457 684 5526 enim
699 5454 790 5546 quod
806 5454 890 5528 volo
906 5457 972 5528 hoc
986 5481 1063 5549 agos
1077 5458 1137 5530 sed
1187 5479 1299 5532 autem
1316 5462 1432 5551 parasii
1448 5469 1541 5544 cnjus
1556 5483 1656 5535 erunt
1673 5467 1687 5530 ?
1717 5466 1770 5540 Sic
1787 5469 1845 5538 ella
1858 5468 1916 5557 qui
1927 5466 1987 5541 fibi

256 5570 307 5650 50
344 5558 411 5630 hoc
437 5553 519 5627 illud
534 5554 627 5646 quod
649 5552 707 5624 odi
726 5551 838 5624 facio·
858 5551 895 5623 Si
912 5572 1026 5625 autem
1044 5555 1138 5645 quod
1187 5555 1400 5627 thesaurizat:
1419 5557 1591 5629 &nonest
1613 5559 1989 5636 inDeodives·Dixit·

259 5666 264 5674 ·
343 5653 428 5725 nolo
444 5648 526 5725 illud
540 5650 650 5722 facio:
671 5645 850 5727 consentio
863 5646 933 5745 legi
947 5649 1135 5740 qnoniam,
1185 5671 1250 5741 qne
1267 5651 1306 5721 ad
1321 5648 1502 5740 discipulos
1516 5651 1601 5725 suos.
1618 5654 1703 5724 Ideo
1718 5658 1797 5731 dico
1811 5657 1912 5730 vobis
1926 5684 1990 5732 no-
2020 5669 2025 5721 1

338 5748 430 5818 bona
447 5748 518 5816 est.
545 5746 774 5818 Nuncautem
790 5747 858 5826 jam
871 5767 943 5821 *non
960 5767 1029 5838 ego
1054 5768 1138 5839 ope-
1184 5741 1250 5818 lite
1261 5742 1391 5817 solliciti
1403 5750 1467 5819 else
1481 5747 1590 5819 anime
1604 5749 1684 5842 quid
1696 5755 1915 5828 manducetis:
1930 5779 1991 5826 ne-

338 5865 400 5916 ror
418 5840 510 5913 illud:
523 5840 577 5910 sed
595 5840 687 5932 quod
703 5838 935 5912 habitatinme
950 5859 1137 5933 peccarunt.
1185 5862 1249 5931 que
1260 5841 1397 5932 corpori
1412 5842 1491 5934 quid
1501 5844 1705 5917 vestiamini.
1728 5848 1992 5942 Animaplusest

329 5937 423 6038 ,Scio
448 5937 535 6032 enim
547 5938 642 6030 ‚quod
671 5957 744 6030 non
760 5934 892 6012 habitat
912 5936 1046 6036 lomes
1069 5934 1138 6031 boo
1186 5937 1993 6042 quomescasdrcorpusquamvestiptentn.Com

370 6085 374 6091 .
450 6084 454 6097 .
1836 6041 1993 6125 siderate
