4450 7209
285 705 361 781 rba
656 688 954 776 SABBATO
993 680 1257 766 ssuc'to
1293 676 1572 762 PASCHE.
1660 776 1664 785 Ι
1738 776 1744 790 ¹
1931 784 1936 793 Ι

284 823 340 880 tra
354 800 449 878 mare
465 825 475 870 s
489 795 665 875 reuersum
691 797 739 869 cll
753 795 863 891 primu
877 785 1032 867 diluculo
1042 790 1085 865 ad
1133 785 1205 864 tice
1217 783 1387 862 montium
1399 814 1410 856 a
1424 787 1460 861 dt
1477 779 1673 862 elevabitur
1685 782 1788 887 super
1805 780 1953 864 colles.
1983 809 2019 884 55

283 902 438 997 priorem
456 897 592 973 locum.
618 891 908 992 Fugientibusque
925 887 1086 989 Egyptiis
1135 890 1178 964 Et
1205 887 1314 960 fluent
1341 884 1481 959 adeum
1497 908 1617 961 omncs
1633 905 1781 984 gentcss
1797 888 1835 959 ἃ
1852 886 1955 964 ibunt

282 1015 509 1076 occurrerunt
524 1018 610 1092 aque
625 1022 635 1064 a
650 994 684 1065 dt
701 986 853 1065 involuit
882 1013 944 1065 eos
958 987 1085 1067 Domi·
1135 983 1257 1088 popuii
1269 983 1369 1063 multi
1384 986 1420 1060 dc
1433 985 1551 1059 dicent
1561 984 1712 1059 .Venitc
1725 983 1951 1061 ascendamus

279 1122 342 1174 nus
359 1098 392 1171 in
422 1094 544 1169 mediis
561 1089 716 1165 fludibus
729 1137 740 1160 .
754 1089 978 1204 Reverseque
1005 1088 1085 1164 sunt
1135 1088 1178 1165 ad
1192 1104 1351 1160 montem
1364 1084 1508 1199 Domini
1524 1088 1585 1197 adt
1603 1086 1645 1158 ad
1658 1084 1797 1162 domum
1811 1082 1953 1165 Drila-

113 1228 117 1235 ’
229 1190 1086 1384 ⁵{ll{ziltlltllitllltlsttlllil:
1132 1184 1441 1360 {sinisii}
1455 1181 1950 1380 Sl’tliill'sisllliz
1977 1285 2020 1355 ω

276 1392 379 1491 gressa
395 1391 531 1463 fuerant
544 1409 634 1461 marc
650 1412 661 1456 a
675 1410 737 1461 nec
753 1408 838 1460 unus
863 1387 1001 1483 quidem
1028 1384 1084 1460 su·
1133 1382 1191 1459 lex
1206 1411 1216 1455 a
1230 1383 1266 1456 ἃ
1297 1383 1441 1459 verbum
1457 1382 1600 1459 Domini
1628 1384 1673 1455 de
1690 1377 1910 1457 Hierusalem
1937 1429 1950 1454 .

276 1486 409 1585 petiuit
421 1508 465 1560 ea
481 1485 558 1560 eis.
583 1481 657 1560 Filii
675 1506 789 1560 autem
802 1482 903 1561 lsrael
917 1506 1084 1586 perrexe·
1134 1483 1177 1558 Et
1192 1481 1357 1569 iudicabit
1384 1499 1509 1580 genter
1534 1507 1545 1552 a
1570 1483 1606 1554 dt
1637 1500 1766 1582 arguet
1792 1477 1949 1579 populos

276 1604 359 1663 runt
374 1608 436 1683 per
460 1583 612 1658 medium
635 1583 734 1657 maris
746 1581 848 1656 siccis
874 1586 909 1658 dc
931 1607 1017 1678 aque
1032 1582 1083 1656 eia
1135 1581 1262 1660 multos
1275 1629 1286 1652 .
1300 1583 1344 1655 Et
1355 1581 1558 1659 conflabunt
1578 1578 1713 1679 gladios
1734 1579 1815 1653 suos
1829 1578 1865 1653 in
1881 1603 1949 1655 vo·

200 1712 253 1775 ιο
277 1702 378 1760 erant
403 1682 493 1776 quali
508 1705 572 1777 pro
597 1704 700 1757 muro
716 1681 879 1757 adestrls
895 1688 931 1757 ἃ
960 1708 980 1756 a
1003 1681 1084 1755 sini-
1134 1704 1269 1756 meresa
1285 1682 1322 1753 dt
1335 1677 1467 1755 lanceas
1486 1680 1558 1753 suas
1572 1682 1606 1752 in
1622 1678 1836 1755 salces.Non
1851 1675 1951 1752 leva·

212 1794 246 1871 ·,“’
277 1782 379 1859 siris·
403 1780 648 1873 Liberavitque
673 1778 846 1853 Dormsmc
878 1781 913 1855 in
938 1779 996 1853 die
1022 1775 1087 1855 iilo
1137 1781 1188 1856 bit
1200 1802 1286 1879 gens
1299 1798 1423 1855 contra
1432 1795 1575 1876 gentem
1587 1776 1955 1889 gladiumanecexerg
1976 1778 2014 1871 65

221 1872 224 1879 ’
278 1876 384 1956 lsrael
399 1879 444 1951 de
460 1878 561 1952 mand
577 1878 837 1977 Egyptiorums
862 1882 898 1953 dt
921 1878 1086 1954 viderunt
1136 1877 1305 1953 cebuntur
1319 1874 1408 1953 uitra
1421 1880 1462 1954 ad
1477 1874 1623 1974 prelium
1637 1925 1649 1949 .
1665 1879 1707 1950 Et
1720 1895 1811 1950 nunc
1826 1874 1950 1975 ingre·

279 1975 455 2078 Egyptios
471 1997 632 2054 mortuos
654 1977 755 2075 super
783 1973 881 2053 littus
894 1980 1022 2052 maris.
1046 1978 1089 2053 Et
1140 1975 1261 2051 dimini
1276 1976 1310 2050 in
1325 1976 1433 2074 petris
1448 2002 1459 2047 r
1474 1978 1509 2048 δι
1522 1974 1721 2050 abscondite
1733 2000 1798 2050 vos
1826 1972 1863 2046 in
1877 1993 1952 2049 ter·

280 2098 417 2157 manum
445 2100 604 2179 magnam
632 2096 732 2169 quam
747 2070 951 2151 exerctiecat
966 2073 1093 2152 Domi·
1141 2102 1179 2152 sa
1196 2104 1206 2147 a
1221 2102 1241 2153 a
1256 2074 1342 2149 sacie
1357 2074 1495 2149 timoris
1509 2072 1651 2149 Domini
1682 2103 1693 2146 a
1718 2074 1755 2148 δι
1787 2097 1806 2146 a
1833 2070 1949 2172 gloria

207 2200 255 2277 ις
283 2201 347 2252 uus
358 2193 484 2252 contra
508 2199 594 2248 eos.
621 2174 819 2269 Timuitquc
849 2172 1089 2271 populusDo·
1138 2173 1527 2276 majesiatiseiumCum
1542 2172 1728 2250 surrexerit
1744 2171 1953 2270 confringe·

208 2320 223 2355 ι
280 2276 433 2351 minuma
460 2277 497 2347 dc
521 2272 742 2349 crediderunt
754 2272 1089 2366 Domino&Moy·
1139 2273 1398 2347 reterrams&
1417 2268 1655 2346 incurvabitur
1681 2269 1834 2346 altitudo
1845 2272 1952 2345 viro·
1976 2295 2018 2371 7a

282 2373 427 2449 siservu
440 2375 541 2457 eius.
570 2374 667 2447 Tunc
681 2371 833 2446 cantavit
848 2370 992 2468 Moyses
1004 2394 1090 2448 can·
1140 2394 1215 2445 rum
1231 2397 1242 2441 a
1256 2371 1293 2443 δι
1308 2367 1521 2444 exaltabitur
1535 2370 1708 2444 Dominus
1733 2369 1766 2441 in
1793 2370 1851 2441 die
1866 2365 1951 2443 illa.

283 2470 395 2547 ticum
411 2468 479 2545 hoc
493 2467 576 2548 Deo
591 2499 601 2543 a
617 2467 756 2542 &dixit
773 2514 785 2541 .
1138 2466 1202 2543 lila
1212 2467 1314 2542 ctiam
1328 2465 1385 2540 die
1397 2468 1539 2542 Domini
1553 2465 1718 2583 projiciet
1731 2468 1840 2582 bomo
1854 2464 1950 2544 idola

206 2689 258 2749 ιο
608 2664 766 2739 nauus.
1004 2602 1015 2627 ·
1142 2561 1951 2743 iiistniibiualutsslafidldsiiiiasitiissetigisi:

1142 2763 1312 2838 Dominus
1341 2781 1455 2838 autem
1481 2767 1523 2837 ad
1546 2764 1847 2849 iudiciumvcniet
1870 2788 1950 2841 cum
1976 2782 2016 2862 75

221 2852 225 2859 ’
388 2861 559 2977 Antemus
573 2857 732 2938 Domino
748 2856 1017 3033 agiorioseenim
1029 2858 1094 2935 lno-
1143 2860 1332 2974 senioribus
1346 2859 1467 2974 populi
1484 2860 1533 2936 sui
1549 2890 1559 2932 a
1573 2864 1609 2936 δι
1624 2863 1837 2979 principibus
1854 2869 1950 2979 ejus.

285 2957 766 3153 nnsi‘sliilii'istliz
779 2959 1093 3135 illusisti:
1141 2957 1952 3157 {iilduillius&illusistis

206 3184 256 3261 ²5
288 3148 505 3245 ‘iddjutot
519 3160 557 3230 δι
571 3153 754 3250 protector
783 3156 864 3230 mihi
883 3155 950 3230 fuit
966 3155 1091 3233 Domi·
1142 3156 1273 3231 miss&
1288 3155 1463 3232 exultatio
1474 3158 1527 3233 his
1541 3160 1598 3254 qui
1616 3156 1736 3240 salvati
1755 3158 1888 3232 suerint
1904 3160 1951 3232 de

286 3276 351 3329 nus
366 3253 402 3326 in
415 3251 583 3331 salutem.
600 3265 646 3326 P.
658 3251 842 3329 Gloriole.
854 3249 904 3424 Β.
917 3254 985 3332 Hic
997 3258 1094 3329 Deus
1143 3253 1245 3329 lsrael
1261 3302 1272 3327 .
1289 3254 1332 3327 Et
1349 3255 1417 3329 erit
1430 3258 1541 3332 omnis
1577 3255 1612 3329 ui
1628 3255 1764 3331 relictus
1779 3255 1889 3330 suerit
1917 3260 1951 3331 in
1979 3255 2021 3328 8ο

289 3373 388 3427 meus
415 3350 449 3423 dt
476 3348 713 3427 honorificabo
726 3374 829 3428 mma
890 3376 950 3426 eus
984 3351 1093 3452 patris
1144 3355 1243 3448 Syon
1259 3380 1269 3424 a
1285 3352 1321 3424 &
1345 3353 1495 3427 residuus
1523 3358 1556 3426 in
1608 3353 1783 3428 ierusalem
1816 3353 1952 3432 sancius

290 3449 362 3525 mei
389 3451 425 3524 δι
447 3448 611 3528 exaltabo
622 3471 729 3523 cum.
754 3459 800 3523 P.
815 3447 980 3527 Gloriose
1003 3452 1095 3529 enim
1143 3451 1339 3525 vocabitura
1354 3453 1466 3526 omnis
1478 3454 1535 3547 qui
1551 3453 1696 3548 scriptus
1711 3455 1756 3525 esl
1773 3453 1807 3524 in
1824 3455 1965 3531 Hieru·.

290 3548 416 3625 hono.
1150 3546 1252 3622 salem
1278 3595 1289 3618 .
1310 3547 1345 3620 Si
1362 3549 1509 3623 abluerit
1525 3550 1695 3626 Dominus
1707 3553 1844 3625 sordem
1860 3550 1955 3627 filio·

209 3672 260 3755 30
341 3641 982 3743 ProsequaturprtpbctiaadAeolicu-
998 3650 1102 3721 Sum·
1151 3647 1618 3745 rumSyona&sanguinem
1631 3646 1842 3723 Hierusalem
1858 3648 1955 3725 lave·
2008 3674 2013 3687 ·

293 3743 360 3844 pfit
370 3740 481 3816 Maria
496 3740 599 3816 soror
611 3748 728 3819 Aaron
744 3741 956 3841 prophetissa
970 3743 1099 3841 timpa·
1149 3743 1193 3818 rit
1209 3745 1251 3817 de
1262 3743 1381 3820 medio
1397 3752 1472 3832 elus
1485 3777 1495 3816 a
1510 3746 1649 3842 spiritus
1661 3752 1675 3833 1⁸
1681 3747 1782 3822 udicii
1798 3750 1833 3820 δι
1849 3747 1953 3843 spiri·
1982 3746 2020 3837 ὃς

294 3865 374 3915 uum
391 3838 425 3912 in
438 3863 537 3915 manu
550 3840 857 3917 suaebrexierunt
879 3863 954 3919 cum
969 3867 1009 3919 ea
1023 3843 1099 3917 uni·
1148 3862 1203 3917 tus
1228 3842 1363 3917 ardoris
1394 3890 1406 3913 .
1433 3843 1476 3917 Et
1508 3846 1640 3921 creabit
1653 3845 1821 3918 Dominus
1850 3846 1955 3944 super

294 3936 396 4016 verse
412 3933 571 4014 mulieres
601 3962 678 4013 cum
702 3941 864 4036 timpanis
891 3941 926 4013 ἃ
955 3943 1099 4016 choris.
1149 3965 1287 4017 omnem
1306 3938 1417 4014 iocum
1434 3946 1560 4017 montis
1574 3947 1746 4040 Syona&
1772 3943 1829 4016 ubi
1844 3944 1953 4021 invo-

298 4035 439 4115 Ptcibat
454 4055 570 4111 autem
584 4061 641 4112 eas
652 4037 760 4111 Maria
774 4040 1102 4117 ulceratorum.
1150 4058 1245 4114 catus
1267 4041 1314 4112 est
1327 4041 1452 4113 nubem
1478 4044 1670 4135 perdiema
1688 4047 1725 4118 dt
1755 4042 1887 4116 sumum
1915 4047 1952 4119 ἃ

213 4160 260 4241 35
296 4137 486 4209 Cantemus
501 4134 659 4212 Domino
676 4135 829 4233 gloriose
843 4136 932 4209 enim
951 4136 1099 4212 honori·
1150 4135 1364 4233 splendorem
1378 4137 1464 4236 ignis
1482 4140 1684 4215 flammantis
1700 4164 1763 4237 per
1776 4139 1953 4218 nudem·
2009 4160 2012 4167 '

298 4231 499 4306 licatusell·
514 4231 1027 4310 oraclomsuicaeddectamua
1039 4255 1101 4331 ge·
1148 4240 1260 4329 Super
1280 4258 1416 4310 omnem
1438 4237 1528 4313 enim
1543 4237 1689 4335 gloriam
1708 4236 1888 4334 protedlio
1916 4243 1953 4316 δι
1981 4255 2025 4323 90

297 4352 365 4403 uua
381 4329 561 4404 ·Leuate.
1151 4329 1407 4409 tabernaculum
1424 4333 1491 4407 erit
1523 4337 1555 4407 in
1569 4335 1798 4412 umbraculum
1823 4338 1893 4411 diei
1909 4345 1953 4414 ab

1149 4431 1221 4504 estu
1250 4459 1261 4503 a
1286 4430 1370 4504 &in
1389 4428 1603 4509 securitatem
1631 4437 1665 4507 δι
1693 4435 1956 4514 abscontionem

632 4530 769 4601 Oratio·
1152 4554 1172 4603 a
1189 4529 1376 4602 turbine&
1391 4525 1507 4623 pluvia
1520 4579 1531 4602 .
1542 4533 1638 4607 Tunc
1659 4535 1814 4606 cantavit
1830 4532 1956 4630 Esayas

213 4650 266 4731 4⁰
1152 4627 1596 4723 prophetacanticumboc
1611 4630 1904 4706 Deo.Etdixit.

387 4719 844 4820 Rouirginibusfleclenteu
862 4721 1108 4818 genuatei’a·
1155 4734 1361 4823 Μυκη.
1980 4746 2021 4823 95

300 4727 377 4916 P
405 4841 459 4895 ter
485 4823 704 4917 omnipotens
731 4821 827 4895 Deus
858 4820 1064 4916 postulamus
1091 4846 1103 4892 a

301 4937 341 4995 ut
354 4923 439 4995 itanc
452 4915 609 4993 illustrem
622 4919 821 5013 portionem
832 4919 957 4992 Christi
973 4919 1023 4993 tui
1040 4945 1049 4988 s
1066 4920 1102 4995 in
1457 4926 1648 5000 canticum

301 5044 369 5115 qua
379 5020 526 5092 maxime
537 5018 664 5114 gaudet
679 5014 851 5092 catholica
860 5017 1024 5092 Ecclesiae
1033 5045 1103 5094 am·

214 5139 263 5218 45
301 5115 407 5216 pliori
421 5114 635 5190 fecunditate
648 5116 872 5189 enutriasaut
887 5116 1101 5211 quantoplus
1252 5119 1392 5195 Antabo
1412 5118 1642 5199 nunediiedo
1670 5146 1753 5198 meo
1778 5118 1955 5199 canticum

300 5213 514 5289 numerosos
525 5216 561 5286 dc
574 5214 857 5307 incorruptorum
867 5236 1025 5294 numerus
1038 5242 1102 5290 ex·
1260 5214 1385 5290 diiecle
1400 5219 1501 5294 vinee
1517 5247 1570 5296 me
1585 5270 1596 5293 .
1609 5225 1718 5296 -Vinea
1740 5222 1827 5297 facta
1842 5224 1890 5296 eil
1906 5224 1955 5296 di·
1988 5232 2038 5290 sus

300 5334 372 5390 tata
385 5330 483 5386 tanto
499 5310 660 5408 gaudium
676 5309 797 5384 matris
813 5308 959 5386 Ecclefie
975 5338 1104 5412 augea·
1155 5312 1249 5390 lecto
1265 5315 1296 5386 in
1314 5342 1423 5391 cornu
1437 5319 1518 5395 &in
1535 5321 1615 5397 ioco
1631 5321 1727 5397 uberi
1742 5369 1753 5391 .
1768 5319 1871 5412 d-Et
1885 5347 1955 5397 ma·

298 5433 357 5488 tur
373 5459 383 5482 ι
400 5424 449 5506 βε.
462 5416 572 5484 Amen
588 5448 602 5481 a
1153 5414 1243 5487 ceria
1257 5415 1464 5490 circumdedi
1482 5424 1540 5495 r&
1553 5420 1802 5495 circumfodi&
1822 5419 1958 5517 planta·

423 5509 535 5582 celsio
550 5505 648 5580 Libri
661 5507 763 5604 Esaye
777 5506 946 5606 neophere
967 5554 980 5579 .
1152 5511 1190 5584 vi
1205 5511 1338 5589 vineam
1352 5516 1480 5590 Soreth
1496 5547 1506 5589 a
1521 5522 1555 5592 ὅτ
1578 5518 1738 5594 edificavi
1768 5523 1893 5593 turrim
1920 5516 1971 5592 in·

221 5638 268 5710 50
304 5623 354 5701 132.
370 5608 453 5679 Deo
468 5607 622 5702 gratias.
866 5615 911 5677 11.
928 5603 1104 5702 capitulo.
1152 5610 1493 5710 medioeius·132.iit
1513 5609 1661 5691 torcular
1689 5615 1761 5690 fodi
1788 5617 1822 5690 in
1849 5643 1891 5693 ea
1921 5616 1955 5689 ἃ

148 5726 152 5733 ·
413 5703 535 5780 Etbum
549 5702 688 5780 Domini
710 5705 803 5799 quod
818 5704 907 5779 vidit
920 5705 1042 5800 Esayas
1071 5707 1112 5779 fi·
1159 5708 1298 5782 sustinui
1314 5731 1350 5784 ut
1365 5712 1494 5787 liceret
1508 5739 1591 5786 uvas
1607 5744 1617 5785 a
1636 5714 1717 5788 fecit
1747 5736 1863 5792 autem
1893 5712 1956 5810 spi·
1987 5729 2038 5806 105

304 5713 400 5890 V
426 5802 488 5877 iius
503 5807 611 5878 Amos
625 5803 801 5899 Propheta
825 5803 1054 5900 superludam
1071 5806 1107 5879 δι
1158 5830 1217 5879 nas
1234 5807 1305 5899 ni.
1322 5811 1362 5883 Et
1382 5834 1470 5883 nunc
1484 5814 1685 5897 homoluda
1703 5839 1713 5882 a
1745 5818 1780 5888 dt
1812 5815 1873 5909 qui
1896 5813 1956 5883 ha·

304 5899 516 5979 Hierusalem
531 5947 542 5972 .
556 5902 598 5974 Et
626 5902 694 5977 crit
721 5901 755 5975 in
772 5902 955 5976 novissimis
985 5903 1104 5977 diebua
1154 5902 1270 5978 binatis
1305 5909 1515 5985 Hierusalem
1529 5913 1678 5998 judicate
1693 5910 1843 5986 interme
1857 5918 1893 5987 dc
1909 5909 1960 5983 vi·

303 6019 505 6099 preparatus
532 6024 656 6091 moute
671 6003 796 6082 domus
812 6000 959 6082 Domini
973 6002 1010 6082 in
1024 6027 1106 6086 uer·
1152 6026 1253 6083 usam
1265 6029 1374 6089 uttam
1390 6057 1401 6084 .
1418 6009 1464 6112 ᾖς
1477 6012 1586 6089 Vinea
1606 6011 1699 6089 enim
1712 6010 1859 6088 Domini
1877 6010 1966 6180 sal:-1¹

1857 6112 1926 6185 bao
