4450 7209
383 830 440 899 η
821 793 1660 912 Ρ’ΚΕἙ,ΑΤῙΟ.·

380 928 503 1042 dique
532 924 732 1033 formam,
763 947 889 1032 quam
919 918 991 1033 ips1
1024 919 1065 1004 in
1096 918 1180 1004 linu
1198 917 1380 1006 Ecclesia
1398 924 1592 1005 Romana
1623 913 1843 1003 didicerant
1863 956 1889 1004 .v
1909 918 2007 1007 Hoc

380 1068 668 1161 argumentum
708 1042 840 1154 prima
867 1038 994 1153 specie
1035 1037 1208 1144 efficax,
1239 1033 1479 1122 ausloritate
1510 1043 1548 1126 8.
1569 1035 1740 1147 Isidori,
1773 1041 1813 1124 8<
1840 1042 1879 1126 8.
1906 1045 2009 1124 Gre-

383 1164 485 1281 gorii
503 1169 591 1250 VII
622 1159 894 1268 confirmant,
922 1154 1154 1268 adduntque
1184 1155 1457 1270 fragmentum
1490 1155 1764 1264 Scorialense,
1796 1160 1835 1243 8<
1866 1155 2012 1241 Conci·

271 1310 349 1396 153
383 1280 624 1394 lia'Hispana
645 1279 966 1386 Illiberitanum,
993 1278 1298 1363 &Toletanum
1315 1275 1516 1390 primum.
1543 1281 1762 1384 Praeterea,
1790 1273 2010 1385 inquiunt,

380 1408 419 1492 8.
437 1397 647 1504 Leander,
679 1399 719 1482 8<
745 1394 963 1484 &Isidorus
993 1393 1301 1510 composuerunt
1326 1393 1592 1511 Liturgiam,
1623 1421 1748 1508 quarn
1776 1392 2011 1480 Concilium

381 1541 576 1632 quartum
602 1518 847 1604 Toletanum
878 1514 1151 1631 approbavit,
1181 1518 1255 1623 R,
1296 1536 1341 1598 ut
1372 1513 1451 1601 sola
1490 1517 1532 1601 in
1559 1512 1744 1628 ,Ecclesris
1772 1513 1908 1627 Regni
1940 1508 2018 1599 Vi·

381 1637 631 1752 sigothorum
664 1634 970 1742 observaretur,
1010 1632 1084 1718 luis
1120 1631 1288 1717 decretis
1318 1632 1559 1720 mandavit.
1593 1638 1710 1720 Hanc
1742 1630 2018 1746 Liturgiam,

384 1783 511 1868 quam
542 1753 675 1869 postea
702 1753 1003 1839 Mozarabicam
1038 1752 1322 1866 appellarunt,
1355 1752 1619 1869 negant'esse
1650 1751 1891 1865 primevam
1930 1748 2018 1835 fot·

384 1902 498 1958 marn
537 1870 758 1957 celebrandi
800 1870 967 1979 divina,
1008 1897 1130 1982 quarn
1157 1869 1338 1986 Apostoli
1377 1875 1420 1958 in
1455 1870 1693 1987 Hispaniam
1737 1870 2014 1983 attulerunt,

262 2016 357 2109 '154
387 2015 529 2106 utpote
561 2020 673 2104 qua,
705 1990 840 2075 saculo
870 1990 1085 2075 dumtaxat
1115 1988 1317 2104 septimo,
1348 1993 1517 2076 Concilii
1547 1989 1740 2077 Toletani
1768 1986 1904 2101 quarti
1938 2015 2012 2073 au·

385 2107 570 2196 &oritate
619 2105 778 2194 invesia
809 2108 893 2193 est.
932 2115 1011 2197 Ha
1042 2107 1132 2192 sunt
1164 2111 1366 2224 pracipuae
1398 2110 1517 2216 hujus
1550 2108 1754 2194 sententia
1798 2107 2016 2220 rationes,

383 2257 508 2343 quam
541 2227 789 2344 suspiciosam
819 2228 916 2312 facit
947 2227 1164 2342 priscorum
1187 2224 1413 2315 Audiorum
1446 2228 1682 2334 silentium,
1713 2253 1846 2338 neque
1872 2222 2030 2313 fundaev

383 2368 556 2456 menta,
594 2347 735 2462 quibus
773 2346 991 2456 innititur,
1032 2371 1118 2431 tam
1154 2345 1267 2433 firma
1309 2348 1430 2456 sunt,
1470 2377 1593 2459 quam
1636 2364 1859 2461 apparent.
1898 2347 2017 2432 Nam

387 2495 468 2554 non
504 2466 604 2553 ‘satis
643 2464 794 2553 constat
835 2494 901 2550 eos
940 2465 1037 2553 solos
1076 2466 1119 2550 in
1147 2466 1341 2581 Hispania
1382 2465 1622 2559 constituisse
1652 2463 1881 2574 Ecclesiae,
1912 2460 2055 2577 quos,¹

391 2592 537 2699 Beatus
563 2585 773 2699 Apostolus
801 2591 970 2693 Petrus,
1000 2584 1160 2696 ejusque
1191 2585 1421 2690 successores
1453 2584 1544 2670 illuc
1568 2581 1909 2699 Evangelizatum
1938 2582 2017 2669 rni-

391 2702 560 2813 serunt,
590 2733 641 2788 ex
662 2704 737 2788 hoc
768 2704 877 2789 enim
909 2732 1078 2792 numero
1097 2704 1265 2816 Hispani
1296 2705 1503 2819 excipiunt
1529 2705 1772 2904 Sqacobum
1793 2700 2020 2815 Majorenr,

388 2824 430 2908 8(
468 2823 518 2907 ab
548 2823 807 2933 antiquorum
849 2822 1072 2908 testimonia
1106 2823 1360 2937 excipiendus
1397 2822 1453 2906 est
1479 2826 1585 2936 Apol
1605 2822 1690 2906 olus
1727 2822 1900 2929 Paulus,
1930 2823 2021 2907 imo

393 2935 545 3055 &ipse
573 2939 855 3062 Apostolorum
886 2943 1071 3056 Princeps
1108 2946 1277 3049 Petrus,
1316 2968 1438 3052 quem
1481 2943 1520 3024 in
1555 2940 1746 3054 Hispania
1792 2938 2024 3053 predicasse

393 3057 520 3168 aliqui
549 3057 796 3147 contendunt
816 3050 906 3172 (a).
938 3059 1160 3174 Discipulos
1193 3061 1347 3171 aliquot
1379 3061 1419 3144 in
1442 3060 1632 3173 Hispania
1665 3053 1865 3170 reliquisse
1897 3063 1938 3146 8.
1958 3066 2026 3179 Ja-

393 3177 541 3265 cobum
561 3175 796 3297 Apostolum
827 3177 935 3261 sama
965 3181 1128 3291 prodit.
1158 3181 1327 3263 Paulum
1354 3178 1612 3294 Apostolum,
1636 3177 1769 3262 nullos
1800 3176 1841 3260 in
1872 3178 2024 3293 Hispa·
2056 3229 2059 3232 ·

393 3295 461 3380 nia
492 3295 731 3381 constituisse
759 3295 982 3402 Ecclesiae,
1015 3295 1209 3408 siquidem
1241 3297 1280 3380 in
1314 3297 1360 3380 iis
1388 3298 1613 3410 regionibus
1644 3296 2022 3410 evangelizaverit,

394 3413 549 3500 creditu
578 3412 735 3501 difficile
767 3412 849 3497 est.
889 3412 1085 3525 Idemque
1116 3411 1164 3498 de
1192 3409 1382 3529 Apostolo
1410 3421 1527 3500 Petro
1566 3415 1779 3498 dicendum
1822 3412 2018 3503 videtur.

394 3529 501 3616 unde
532 3529 696 3616 nonest
737 3559 808 3615 cur
841 3530 1018 3616 dicamus
1049 3533 1247 3647 Hispanos
1275 3534 1504 3649 Liturgiam
1533 3541 1763 3620 Romanam
1803 3561 1881 3618 una
1920 3563 2020 3622 cum

394 3647 472 3735 srde
498 3648 644 3735 Christi
671 3647 900 3763 suscepisse.
933 3658 1027 3736 Imo
1058 3650 1240 3765 suspicari
1282 3653 1376 3737 licet
1409 3682 1473 3736 eos
1506 3654 1627 3738 aliam
1660 3649 1879 3763 quamdam
1913 3653 2024 3741 divi·

395 3795 447 3854 na
478 3766 650 3851 obeundi
681 3795 867 3853 normam
899 3797 923 3854 a
953 3769 1122 3888 Jacobo,
1153 3771 1192 3854 &
1217 3797 1241 3854 a
1269 3776 1412 3875 Petro,
1445 3773 1510 3857 vel
1540 3800 1563 3855 a
1595 3775 1718 3857 Paulo
1738 3771 1930 3886 Apollolo
1961 3801 2023 3859 ac·

279 3910 360 4000 155
394 3883 568 4001 cepisse.
599 3884 674 3976 Sed
703 3916 894 4000 ponamus
924 3888 1206 4002 Apostolorum
1239 3891 1444 3973 neminem
1474 3890 1514 3973 in
1545 3891 1740 4005 Hispania
1773 3891 2023 4007 predicasse,

395 4005 595 4117 iidemque
632 4006 778 4092 ehristi
813 4007 1010 4123 Hispanos
1042 4009 1232 4123 accepisse
1269 4010 1320 4093 ab
1358 4007 1436 4116 iis,
1476 4037 1575 4120 quos
1601 4010 1813 4123 Apostolus
1845 4017 2023 4125 Petrus,

396 4123 558 4236 ejusque
585 4124 826 4211 Successores
853 4129 943 4211 illuc
971 4130 1293 4239 evangelizatum
1328 4128 1552 4233 miserunt,
1592 4157 1671 4211 non
1706 4127 1797 4213 inde
1828 4131 2025 4218 continuo

395 4242 575 4354 sequitur
609 4243 843 4355 primevam
882 4242 1153 4359 Hispanorum
1191 4246 1419 4360 Licurgiam
1455 4253 1685 4333 Romanam
1727 4246 1880 4358 suisse,
1924 4260 2025 4341 nam

396 4357 505 4446 haud
534 4358 762 4444 incredibile
791 4361 845 4446 est
862 4359 1107 4475 Apostolicos
1137 4363 1264 4471 viros,
1298 4371 1431 4474 Roma
1456 4365 1507 4449 ad
1533 4365 1827 4480 praedicandum
1860 4368 2026 4484 missos,

397 4475 640 4592 quandoque
666 4478 839 4564 sormam
868 4481 1093 4596 liturgicam
1131 4482 1333 4569 tradidisse
1360 4491 1624 4596 Romanam,
1668 4486 1908 4599 quandoque
1941 4490 2021 4576 for·

393 4626 507 4685 mam
537 4627 561 4682 a
596 4604 782 4685 Romana
813 4597 1007 4685 diversam
1040 4601 1286 4694 instituisse..
1326 4602 1451 4720 Quod
1496 4630 1587 4689 tum
1620 4607 1803 4693 maxime
1835 4606 2027 4724 contigis-

395 4715 434 4803 se
466 4718 631 4833 opinor,
661 4747 754 4805 cum
774 4719 990 4834 Apostolici
1022 4720 1078 4807 illi
1098 4721 1316 4837 Episcopi,
1349 4725 1420 4836 qui
1447 4730 1590 4811 Roma
1621 4725 1828 4812 constituti
1860 4727 2026 4833 fuerant

396 4833 658 4948 Sacerdotes,
690 4836 765 4924 fide
783 4840 1006 4928 Christiana
1027 4841 1067 4924 in
1089 4843 1272 4926 Ecclesris
1290 4842 1416 4951 Aba,
1442 4844 1589 4956 Syria,
1620 4870 1693 4930 aut
1721 4844 1920 4932 Palestinae
1949 4846 2029 4935 im·

397 4953 519 5066 buti,
558 4952 810 5069 disciplina,
847 4963 888 5046 &
933 4960 1076 5044 ritibus
1112 4960 1304 5074 liturgicis
1361 4988 1499 5046 earum
1536 4964 1803 5050 Ecclesrarum
1845 4965 2031 5053 assueve1

284 5073 371 5192 156
400 5095 524 5183 tant,
555 5073 596 5157 in
628 5076 772 5186 quibus
799 5077 994 5190 baptizati
1026 5079 1215 5164 fuerant.
1250 5087 1312 5165 De
1332 5075 1481 5168 Sandis
1507 5084 1769 5199 Trophimo,
1800 5087 2028 5175 &Irenaeo

397 5193 520 5281 refert
549 5196 787 5307 Anonymus
805 5197 1038 5309 ,Spelmani,
1068 5197 1208 5282 ambos
1229 5204 1365 5285 Roma
1395 5200 1435 5285 in
1461 5202 1638 5288 Galliam
1665 5203 1713 5288 ad
1746 5205 2030 5319 evangelizan-

401 5310 500 5400 dum
531 5308 665 5395 missos
690 5313 800 5423 esse,
843 5320 1041 5400 Irenaeum
1067 5344 1262 5429 quoque,
1293 5349 1316 5403 a
1344 5324 1382 5408 S.
1399 5321 1611 5407 Clemente
1641 5329 1747 5437 Papa
1777 5323 2026 5442 Episcopum

403 5429 656 5543 ordinatum,
688 5436 728 5519 8<
746 5433 1021 5548 Trophimum
1046 5434 1182 5549 prodit
1207 5433 1366 5549 cursum
1394 5446 1621 5526 Romanum
1643 5444 1768 5529 Gallis
1798 5443 2029 5561 tradidisse,

400 5554 602 5642 Irenaum
634 5578 730 5652 vero
760 5553 917 5639 cursum
935 5553 1191 5663 Asiaticum,
1233 5584 1404 5669 eamque
1434 5581 1618 5645 normam
1651 5560 1789 5647 divina
1823 5564 2030 5653 celebran-

402 5666 479 5785 di,
507 5696 596 5784 qua
625 5671 758 5790 postea
787 5672 972 5790 Liturgia
999 5673 1207 5763 Gallicana
1232 5673 1338 5764 diua
1365 5673 1453 5790 est,
1490 5678 1532 5764 in
1561 5681 1691 5768 Gallia
1723 5683 1909 5768 omnium
1946 5685 2030 5799 pri·

1226 5831 1232 5839 ·
1907 5831 2030 5892 mum

446 5967 509 6056 (a)
534 5965 744 6037 Bollandlanl
761 5971 905 6053 Tomr·
926 5970 1002 6043 Jun.
1026 5991 1181 6061 pag·4o3·
1207 5928 1210 5934 -
1242 5997 1282 6045 ne
1308 5975 1546 6064 Apostolorum
1571 5976 1690 6056 Petri,
1726 5979 1758 6046 ἃ
1785 5977 1882 6046 Pauli
1904 5979 1939 6048 iu
1961 5977 2029 6049 Hi·

402 6055 712 6151 nnm.16·Gaspar
737 6059 873 6131 Saucius
900 6057 941 6130 d'e
965 6063 1184 6142 Prodicatio·
1240 6065 1379 6157 spania.
1970 6123 1976 6132 .
