4450 7209
558 714 1456 794 SABBATOSANCTOPASCHE.
1754 733 1822 796 191

168 813 254 890 mihi
269 817 377 890 omnis
390 817 539 916 poteslas
567 819 602 888 in
631 815 711 893 celo
740 822 776 890 δι
802 817 977 890 interra·
1024 818 1060 890 ni
1077 819 1159 892 Deo
1174 815 1410 911 corporaliter
1438 837 1507 892 non
1537 810 1716 890 tulerunt·
1740 807 1825 884 Cla·
1855 824 1898 900 55

168 916 298 990 Euutec
310 939 396 1014 ergo
408 916 535 992 docete
561 941 682 992 omnen
700 936 826 1016 gentes
842 912 978 1007 abapti·
1025 913 1168 989 mabant
1193 914 1368 990 elementa
1390 917 1433 988 de
1458 913 1546 989 vivo
1575 941 1585 984 ι
1620 927 1754 985 tartara
1780 911 1825 981 de

171 1031 363 1088 aanteaeos
379 1015 566 1092 innomine
580 1014 741 1090 Patris&
757 1013 881 1090 filii&
897 1011 976 1104 spi·
1025 1011 1219 1088 desunsio.
1245 1013 1421 1110 Oportuit
1450 1007 1531 1086 talia
1557 1009 1633 1086 fieri
1662 1004 1826 1085 miracula

170 1109 256 1184 ritus
266 1109 381 1186 sandi
407 1116 609 1190 edocenter
625 1138 688 1188 eor
706 1115 844 1188 serrare
856 1109 976 1184 omnia
1024 1112 1207 1189 credituris
1239 1139 1249 1181 a
1279 1107 1752 1205 taliadarilignasalvandir.
1779 1109 1826 1180 Ut

109 1245 136 1320 5
170 1227 380 1303 quecumque
394 1211 553 1287 mandavi
570 1211 705 1287 vobin.
735 1213 778 1285 Et
803 1229 887 1284 ecce
903 1229 978 1304 ego
1027 1234 1137 1306 opera
1150 1210 1243 1288 suum
1256 1211 1415 1284 corretla
1430 1208 1560 1282 nossent
1591 1205 1777 1280 artificem:
1795 1203 1829 1274 in

171 1301 351 1382 Vobiscum
379 1306 450 1388 sum
479 1309 638 1387 omnibus
661 1310 785 1384 diebua
813 1302 978 1406 usquead
1024 1332 1095 1404 quo
1118 1305 1279 1384 sehomo
1306 1308 1479 1402 perditum
1514 1326 1527 1368 ι
1556 1301 1618 1378 nili
1643 1302 1753 1376 fuisset
1781 1300 1831 1374 in·
1858 1301 1906 1372 60

172 1398 465 1481 consumationem
475 1405 578 1483 seculi
594 1455 605 1478 .
624 1421 673 1500 ltu
690 1412 804 1482 Amen
819 1454 832 1480 .
1028 1423 1157 1480 ventur
1170 1405 1319 1482 nesciret
1334 1406 1558 1500 munimen.

221 1504 325 1572 Dicat
355 1503 752 1603 Presbyter.Domiuut
774 1501 980 1615 sitfiemper

171 1595 431 1698 vobiscumet
444 1604 485 1677 Et
499 1625 601 1680 cum.
765 1644 772 1658 ·
1303 1602 1395 1677 Alsa
1424 1601 1571 1675 oratio.

84 1739 138 1793 10
222 1697 556 1776 uanumnlletuia.
587 1699 726 1802 d-Ego
751 1701 823 1778 sum
848 1693 980 1799 primur
1116 1696 1294 1776 surientea
1310 1721 1436 1798 corpur
1464 1719 1564 1772 tuum
1577 1693 1729 1770 Domine
1758 1720 1768 1762 ι
1794 1711 1835 1804 ac

174 1791 211 1864 δι
227 1798 505 1891 egonoviffimua
536 1829 547 1867 ι
572 1803 609 1874 dt
634 1800 686 1872 sui
712 1819 871 1876 mortuus
901 1822 913 1865 ι
941 1799 979 1869 dt
1130 1801 1326 1899 sanguinem
1337 1798 1492 1874 sitientes
1507 1823 1518 1865 ι
1534 1817 1571 1872 ut
1598 1789 1781 1870 hocnobia
1797 1811 1833 1903 ιιι
1858 1787 1907 1881 65

173 1910 257 1964 ecce
285 1889 356 1964 sum
384 1895 505 1970 vivens
532 1897 568 1970 in
596 1895 707 1974 secula
744 1895 940 1975 seculorum
965 1941 982 1965 ι
1027 1901 1259 1974 remiffionem
1287 1915 1509 1994 peccatorum
1545 1892 1743 1970 sumendum
1770 1907 1835 1962 ttr-

175 1997 221 2058 P.
236 1983 415 2066 Alleluia.
1025 1999 1108 2074 bnat
1133 1999 1382 2094 deprecamur.
1407 1995 1501 2086 Ouia
1527 1995 1642 2068 noslra
1666 1985 1832 2066 vinna&

201 2084 979 2197 numantiam.Alleluia.nngelus1)0mi·
1026 2093 1169 2171 saluafit
1203 2124 1214 2168 ι
1239 2095 1393 2172 litamen
1422 2116 1494 2168 non
1520 2087 1762 2190 quodindigni
1779 2085 1835 2158 su·

84 2225 133 2297 15
175 2203 209 2252 ιιι
222 2181 396 2260 descendit
412 2193 454 2264 de
467 2187 572 2268 celo=
590 2195 807 2268 &accedens
822 2189 977 2270 revolvit
1024 2191 1313 2271 mucairascariu.
1332 2195 1399 2268 Sed
1414 2192 1500 2266 ficis
1512 2191 1606 2266 vinci
1620 2191 1834 2286 gandione·

177 2276 321 2374 lapidem
350 2285 392 2358 ab
408 2288 497 2364 ollio
511 2292 723 2364 monumenti
740 2289 876 2367 alleluia
891 2288 979 2362 alle·
1025 2314 1100 2368 tum
1133 2295 1204 2368 e&
1233 2293 1360 2370 cedere
1387 2289 1599 2366 exultationi
1630 2305 1828 2360 terrorem·
1856 2298 1911 2375 70

173 2373 242 2452 luia
258 2425 270 2448 ·
285 2375 332 2474 pi·
349 2382 525 2461 Alleluia·
554 2389 637 2461 Erat
655 2391 829 2488 respeclua
844 2397 919 2477 ejus
935 2387 980 2460 u·
1025 2395 1148 2468 Nemo
1158 2391 1251 2465 enim
1268 2392 1317 2465 est
1344 2390 1382 2466 in
1404 2391 1476 2466 unc
1502 2409 1646 2462 numero
1658 2377 1832 2460 concilio-
1868 2393 1938 2422 ⁶·

92 2565 97 2572 Ι
170 2495 231 2550 cut
257 2474 377 2574 fulgur
405 2508 417 2550 r
444 2485 480 2556 dt
502 2487 703 2562 vestimenta
734 2494 808 2577 eius
833 2487 980 2561 candida
1026 2515 1092 2590 que
1102 2488 1254 2566 fidelium
1280 2517 1293 2561 ι
1319 2489 1377 2585 qui
1392 2513 1461 2564 non
1476 2488 1640 2562 accedere
1665 2485 1710 2556 ad
1737 2501 1835 2556 meu-

174 2576 268 2665 quali
283 2581 343 2648 nix
367 2607 378 2649 a
403 2584 438 2655 δι
467 2581 558 2665 dixit
589 2583 786 2663 mulieribus
800 2584 914 2664 nolite
930 2583 979 2662 ti·
1026 2595 1095 2665 sam
1111 2588 1323 2666 tuaminhac
1340 2585 1494 2688 gloriosa
1523 2601 1717 2682 pcrtotum
1732 2599 1832 2652 mun·
1888 2615 1948 2648 a-

83 2715 137 2773 20
174 2695 269 2746 mere
282 2720 294 2744 .
309 2685 355 2748 P.
365 2678 409 2752 Et
422 2679 587 2756 accedens
602 2727 616 2752 .
1025 2693 1105 2765 dum
1122 2691 1223 2764 nocie
1235 2687 1404 2762 desideret
1418 2733 1431 2758 .
1456 2689 1503 2760 Ut
1514 2685 1539 2758 si
1549 2687 1667 2759 firmus
1680 2681 1729 2754 eli
1741 2706 1751 2748 ι
1765 2679 1828 2790 ¹¹²5

1026 2793 1107 2866 beat
1119 2787 1330 2862 custodiam.
1358 2785 1395 2860 Si
1411 2781 1626 2859 infirmueell
1653 2805 1666 2848 r
1689 2776 1829 2852 medin
1854 2789 1905 2869 75

519 2873 639 2974 ulfila.
1028 2911 1136 2963 nam.
1161 2885 1216 2959 Sit
1229 2887 1337 2984 igitur
1348 2883 1528 2979 quesumus
1549 2879 1640 2976 apud
1657 2895 1692 2949 te
1706 2873 1831 2949 Domi·

1026 3011 1070 3060 ne
1085 2981 1250 3080 placitum
1280 3011 1293 3053 a
1318 2976 1502 3055 siccundis
1515 2979 1646 3054 donare
1662 2974 1757 3068 quod
1771 2995 1833 3044 cu·

237 3067 330 3142 Stam
345 3069 436 3145 islam
455 3073 593 3150 noslem
606 3074 664 3170 qui
678 3077 831 3160 tenebris
846 3078 980 3152 fidebat
1027 3085 1127 3182 piunt
1158 3109 1169 3150 a
1196 3099 1235 3152 ιιι
1250 3080 1407 3176 digneris
1430 3097 1575 3170 parcere
1594 3071 1690 3168 quod
1717 3066 1836 3166 prrsu-

86 3205 135 3278 ²5
251 3166 392 3258 aspiciat
409 3171 523 3245 ailliur
538 3194 656 3248 cernat
674 3174 979 3270 splendorisdeco-
1028 3199 1156 3254 munt·
1178 3175 1267 3271 Quia
1282 3199 1356 3249 nou
1375 3189 1480 3272 optet
1503 3169 1562 3246 illa
1588 3193 1693 3244 carne
1720 3195 1731 3236 ι
1759 3165 1834 3240 ani·

174 3267 956 3449 llll}illusi-‘llll{llll
967 3319 982 3346 ‘
1030 3269 1605 3466 ”imiimia‘ilg‘ii‘gislii‘
1617 3267 1831 3442 {stillis
1856 3265 1908 3338 ⁸⁰

679 3397 688 3440 l
963 3418 978 3442 ο
1027 3405 1044 3452 Ι’
1089 3406 1102 3447 2

173 3456 275 3570 libet
289 3462 423 3534 Chrisie
447 3467 622 3562 ergastulis
651 3488 708 3544 tua
736 3470 871 3546 virtute
889 3493 977 3546 con·
1026 3397 1263 3551 transfusuanl
1283 3473 1363 3562 Qe
1386 3468 1648 3562 corruptionem
1670 3486 1741 3538 non
1771 3463 1829 3538 vi·

174 3555 294 3630 tracus
333 3557 488 3654 spoliatis
530 3562 697 3639 insultare
735 3568 927 3643 custodibus
963 3593 977 3639 e
1024 3571 1239 3647 dit=&vim
1254 3568 1375 3645 mortis
1388 3567 1541 3660 passione
1563 3562 1688 3636 mortis
1708 3559 1828 3636 absor-

86 3697 138 3772 30
175 3657 211 3728 δι
237 3654 419 3730 servientia
460 3660 588 3734 tiranni
623 3683 866 3760 contemptam
896 3665 979 3738 irri·
1025 3672 1127 3744 buit·
1155 3667 1241 3755 Quis
1255 3691 1326 3741 non
1339 3664 1466 3738 ambiat
1485 3681 1678 3759 propterte
1693 3658 1826 3732 sumere

174 3753 261 3824 dere
287 3753 512 3837 iadantiam·
536 3760 683 3837 Dulcior
708 3762 842 3860 semper
865 3762 978 3858 capti·
1025 3773 1070 3842 de
1086 3767 1284 3858 tuorquod
1301 3786 1337 3838 tc
1352 3765 1467 3837 videat
1485 3763 1825 3857 propternosallum·
1854 3757 1904 3848 85

175 3851 230 3925 vis
255 3851 304 3921 eti
320 3853 475 3930 restituta
489 3854 649 3935 libertas·
675 3863 765 3953 Quia
795 3882 889 3937 tuam
913 3884 980 3932 ex·
1027 3868 1122 3963 psilse
1137 3865 1181 3934 de
1197 3865 1347 3939 nostro?
1375 3861 1488 3933 indita
1501 3861 1620 3932 hacex
1635 3859 1767 3954 pietate
1780 3857 1825 3928 fi·

176 3948 287 4022 hausit
308 3945 416 4029 luder
440 3952 588 4050 vigilam
602 3956 810 4050 sepulturam
838 3985 851 4026 a
876 3959 981 4054 sopo·
1026 3962 1126 4040 duria
1150 3988 1163 4031 c
1186 3981 1223 4035 ut
1237 3961 1331 4056 quod
1346 3953 1567 4032 indefunstis
1590 3955 1766 4054 dignatum
1780 3951 1830 4028 est

172 4068 247 4120 rem
271 4045 379 4141 paulun
394 4069 434 4119 ee
461 4079 473 4122 a
496 4078 538 4125 an
555 4057 747 4131 timorem?
768 4058 901 4131 Fraude
916 4059 978 4130 de·
1026 4061 1205 4138 vivificare
1220 4077 1397 4133 mortuum
1421 4082 1433 4125 ι
1461 4056 1494 4129 in
1505 4053 1571 4128 reia
1581 4057 1746 4153 dignetur
1759 4075 1828 4148 pu·

88 4181 138 4259 35
180 4163 353 4239 ceptuaca
384 4169 462 4220 can
485 4153 649 4227 virtute?
673 4155 859 4230 Nontuam
882 4155 977 4229 iner·
1026 4159 1631 4253 risitarecorruptum.13nAmen.

174 4241 257 4316 tiam
273 4239 376 4355 miser¹
396 4247 553 4324 accuser.
571 4253 749 4326 Nonfuisii
763 4250 977 4352 negligente
1851 4269 1909 4342 90
2030 4263 2033 4270 ⁴

172 4339 232 4412 sed
245 4337 394 4453 crudelia
408 4390 420 4415 .
432 4348 553 4421 Adhuc
566 4369 664 4424 certe
676 4353 865 4426 cecitatem
879 4371 974 4430 tuam
1218 4350 1297 4439 vost
1317 4355 1450 4428 numina
1464 4401 1475 4424 .
1490 4355 1608 4426 orario
1620 4397 1635 4424 .

172 4456 333 4532 pertinax
361 4442 538 4520 excusares
565 4475 576 4517 a
599 4449 626 4521 si
651 4451 848 4545 depostum
874 4470 974 4526 tunm
1124 4455 1237 4532 Hrilie
1251 4453 1446 4550 redemptio
1458 4454 1570 4526 noslra
1583 4449 1641 4546 qui
1655 4445 1741 4523 olim
1759 4469 1829 4520 no·

172 4532 233 4609 vel
262 4535 394 4610 inferna
411 4540 622 4617 servassent.
647 4548 810 4642 Agnosce
824 4547 974 4623 infelix:
1023 4459 1107 4640 C
1133 4553 1223 4628 ciem
1245 4551 1339 4625 islam
1364 4571 1424 4624 tue
1449 4546 1709 4621 resurreslionia
1738 4539 1830 4618 inlu·

86 4672 142 4746 qo
172 4632 320 4730 ²8⁰0&
346 4635 595 4725 quidsecerls.
616 4645 758 4736 Corpus
787 4644 872 4718 illud
901 4671 975 4726 mn·
1024 4653 1151 4725 minasli
1182 4649 1366 4746 potentiae
1395 4667 1570 4742 precamur
1594 4673 1608 4712 c
1634 4659 1672 4716 ut
1699 4643 1734 4715 in
1762 4640 1830 4713 hac

170 4732 292 4804 rientis
318 4731 477 4811 affectum
500 4737 621 4812 habuit
643 4765 657 4811 a
677 4765 750 4816 oon
773 4743 946 4818 defedum
961 4791 975 4816 .
1021 4771 1089 4840 qua
1120 4747 1192 4843 ipse
1214 4744 1317 4820 vivus
1340 4740 1551 4816 resurrexisti
1570 4739 1750 4815 amortuis
1765 4737 1826 4810 r&
1851 4753 1905 4834 95

169 4828 371 4942 Visceribus
392 4828 461 4905 illic
476 4859 544 4909 non
561 4837 742 4913 infirmitat
756 4841 823 4916 fuit
837 4839 946 4916 clausa
959 4871 988 4913 ι·
1021 4845 1259 4940 expiationem
1272 4840 1552 4916 criminumvivis
1582 4866 1595 4910 r
1622 4841 1658 4911 δι
1675 4834 1829 4932 requiem

169 4930 228 5000 sed
251 4945 364 5023 pictae
390 4977 406 5000 .
429 4935 535 5027 Qod
564 4937 730 5030 pependit
757 4961 803 5009 ea
834 4940 975 5015 homine
1023 4943 1139 5034 jubear
1155 4943 1303 5036 presiate
1318 4935 1513 5012 defunctis.
1531 4949 1580 5036 ξι.
1596 4933 1832 5028 Amen-Quia

169 5027 219 5098 ell
246 5050 261 5092 e
288 5025 386 5118 quod
400 5029 591 5110 resurrexit
617 5059 663 5109 ex
684 5035 846 5109 numine.
876 5037 976 5114 Nihil
1025 5036 1064 5114 lu
1078 5065 1117 5112 er
1130 5041 1209 5116 vita·
1221 5039 1382 5115 vivorum
1397 5037 1466 5109 &c-

85 5158 136 5240 45
170 5124 310 5197 dubites
337 5127 463 5201 anihil
491 5129 650 5206 mirerir.
674 5131 880 5230 Hospitium
900 5137 982 5212 Do·

169 5224 265 5298 mino
290 5221 356 5298 suo
380 5247 475 5302 terra
499 5234 566 5304 else
588 5233 707 5325 potuit
730 5255 745 5298 ι
767 5256 839 5307 non
865 5231 979 5332 sepul-
1237 5239 1452 5334 Adparent.
1475 5235 1622 5308 oraria.
1858 5253 1932 5312 100

168 5345 293 5394 mum·
316 5322 398 5398 Mea
408 5348 491 5400 tunc
502 5352 582 5402 cum
594 5328 661 5404 illia
673 5331 828 5407 manibus
844 5333 973 5411 deiisla
1022 5335 1119 5514 D
1135 5339 1201 5409 Euo
1227 5337 1288 5433 qui
1313 5333 1516 5429 Neopuitoc
1551 5353 1633 5408 tuns
1660 5359 1673 5402 τ
1698 5329 1829 5417 maiori

172 5417 306 5517 figebar
330 5446 343 5486 ι
369 5445 478 5499 meam
493 5449 613 5508 necem
634 5447 794 5526 tuamque
807 5430 974 5507 saluteme
1143 5435 1330 5514 animarum
1345 5455 1447 5526 qoam
1460 5431 1602 5506 vellium
1627 5438 1744 5506 nitore
1761 5453 1829 5502 vc·

168 5513 610 5632 rumusculandicliliceret
623 5527 862 5626 corporaliter
872 5531 967 5626 plan·
1014 5535 1094 5609 uiti
1127 5561 1137 5603 r
1165 5554 1206 5609 ut
1236 5532 1314 5634 plur
1337 5531 1535 5626 acciperent
1561 5551 1664 5624 quam
1696 5528 1828 5605 nabere

87 5649 139 5725 50
170 5636 219 5692 ιιι
246 5613 353 5690 clavia
377 5619 731 5701 transverberantibus
758 5629 973 5706 condiebar·
1016 5631 1052 5706 se
1081 5653 1254 5709 noverant
1283 5659 1297 5702 c
1335 5631 1446 5726 prelia
1484 5643 1526 5701 ut
1562 5627 1653 5702 sicut
1691 5633 1825 5724 dotum

171 5718 285 5828 ‘suum
299 5715 429 5790 facinus
450 5718 562 5795 celum
575 5727 718 5799 tremuit
740 5749 752 5794 ι
776 5726 838 5802 Sol
862 5751 972 5824 expa·
1015 5748 1117 5805 tuum
1147 5757 1271 5809 eornm
1295 5724 1507 5802 intelleslum
1533 5747 1706 5821 eruperat
1732 5755 1747 5800 a
1774 5727 1825 5804 ita
1857 5741 1929 5829 105

165 5831 221 5927 vit
242 5841 255 5882 a
279 5810 383 5928 tellus
399 5815 565 5913 ingemuit
580 5823 640 5893 a&
657 5825 812 5897 tellantia
827 5825 972 5902 salsuris
1012 5827 1109 5904 ultra
1132 5851 1264 5906 etatem
1295 5827 1383 5902 fides
1406 5851 1484 5901 cum
1501 5823 1732 5923 intelligentia
1746 5825 1825 5922 pla·

167 5913 219 6024 sur
235 5929 429 6006 potentiam
445 5916 465 6002 (
483 5915 847 6016 terribilequoddam)
862 5947 962 6000 mon·
1008 5929 1090 6002 citis
1116 5931 1181 6004 tibi
1211 5927 1375 6024 operibus
1401 5921 1623 6000 convalescat
1649 5973 1664 5996 .
1703 5925 1822 6000 Nestis

165 6031 258 6096 ritum
270 6031 437 6112 prerupta
449 6011 788 6098 sonuenaut.lnscri
801 6022 873 6098 vim
886 6023 963 6122 ple·
1008 6049 1146 6126 quoque
1186 6051 1254 6124 per
1291 6041 1449 6100 mortem
1478 6021 1561 6128 iesu
1580 6021 1711 6104 cunm
1738 6022 1836 6100 iilii'

1772 6124 1830 6202 mi
