4450 7209
402 824 450 890 50
720 802 739 831 ⁹
840 804 1610 881 ru‘runNstnrrouu
1753 894 1760 901 .

403 900 626 994 pereuntibus
651 901 877 1001 perveniretr
906 906 942 976 dt
968 899 1122 998 regalem
1148 928 1213 975 ne·
1261 903 1435 1002 sanguinis
1448 901 1609 979 clamavit
1630 902 1675 979 ad
1688 900 1829 977 Deuma
1858 902 2073 981 itanoeuni·
2098 932 2131 1003 55

404 1020 480 1069 cem
497 1003 652 1098 vagantia
670 998 772 1100 gladii
791 1002 910 1075 funera
938 998 1089 1097 prebella
1115 1026 1212 1077 com·
1261 1022 1297 1075 ta
1310 1004 1451 1096 pietatis
1468 1025 1560 1076 voce
1577 1000 1804 1077 exclamemus
1819 1002 1862 1075 ad
1879 998 1993 1083 crium
2011 1034 2020 1074 a
2039 1008 2074 1079 dt

405 1096 570 1193 pingeret
589 1146 599 1168 .
626 1100 681 1173 Sic
698 1097 833 1195 decepti
857 1100 984 1172 furoris
1011 1098 1138 1173 insania
1164 1102 1217 1173 fe·
1266 1099 1419 1174 dicamus
1438 1100 1620 1173 interris.
1643 1104 1753 1179 Pater
1767 1096 1881 1172 noster
1895 1096 1963 1175 &ca

405 1197 453 1269 cit
469 1216 637 1287 martyres
654 1198 719 1271 eise
732 1221 794 1294 per
818 1217 995 1271 mortema
1024 1199 1081 1292 qui
1106 1200 1217 1271 adhuc
1572 1196 1785 1271 Benedictio.

351 1306 370 1377 5
406 1293 609 1367 confefforer
625 1314 693 1369 non
719 1312 818 1369 erant
845 1319 907 1389 per
920 1315 1076 1370 etatem.
1106 1296 1148 1367 Et
1163 1296 1220 1369 ubi
1369 1292 1617 1379 OminusJesus
1637 1292 1814 1368 Christura
1840 1296 1894 1372 cui
1932 1289 2077 1371 atvuio·

406 1414 478 1463 non
505 1392 641 1467 accessit
668 1391 869 1491 poffibilitas
897 1393 1094 1477 judicandi:
1122 1394 1219 1467 cefftt
1391 1415 1632 1467 rumnonrox
1649 1393 1771 1467 etatisa
1797 1393 1890 1466 sede
1921 1388 2075 1468 ustosan·
2100 1402 2138 1472 [ο

406 1487 553 1562 felicitas
569 1490 946 1583 pereundirChrisium
966 1491 1077 1589 igitur
1090 1489 1124 1560 in
1140 1514 1218 1565 om·
1268 1492 1382 1583 guinis
1418 1486 1549 1563 iaudem
1585 1490 1681 1565 dedit
1707 1518 1718 1557 ε
1746 1488 1931 1566 clamorem
1964 1492 2076 1565 venre

408 1586 505 1659 nium
519 1588 708 1665 visceribus
720 1611 798 1663 ceca
811 1584 941 1661 littoris
956 1611 1070 1664 manua
1086 1610 1228 1662 mucro*
1269 1588 1490 1663 confeffionir
1506 1586 1680 1662 miseratus
1693 1592 1858 1663 accendat
1872 1636 1883 1657 .
1897 1594 2075 1669 lenimen.

409 1708 451 1755 ne
467 1687 631 1776 querebat
647 1718 659 1777 a,
685 1692 720 1762 dt
734 1709 811 1762 cum
828 1708 899 1759 non
926 1686 1100 1759 inveniret
1117 1686 1219 1783 igno-
1269 1685 1341 1772 Qui
1364 1682 1443 1759 dios
1468 1687 1637 1761 moriendi
1660 1672 1797 1763 adione
1823 1715 1833 1757 a
1870 1710 1940 1759 non
1966 1711 2077 1781 expu-

329 1792 374 1845 10
413 1780 521 1853 tantia
537 1806 637 1875 quem
665 1786 924 1881 interrogaret:
953 1808 1022 1858 non
1048 1784 1220 1859 discerne·
1270 1783 1445 1877 guntionis
1473 1784 1657 1857 certamine
1688 1783 1897 1857 coronavita
1923 1782 1997 1879 ipse
2011 1787 2075 1858 det

409 1877 466 1949 bat
481 1878 706 1977 imprudentia
719 1906 819 1976 quem
833 1882 976 1955 feriret·
1005 1884 1083 1957 Erat
1099 1885 1221 1956 decre·
1272 1879 1370 1953 vobit
1400 1900 1524 1957 contra
1548 1885 1664 1955 omnia
1682 1878 1881 1975 vspiritualia
1917 1880 2073 1975 nequicie
2099 1891 2138 1978 65

409 1993 465 2049 tus
479 1976 519 2045 ad
548 1980 776 2054 occidendum
792 2006 802 2048 a
825 1978 883 2072 qui
900 2004 969 2055 non
986 2000 1060 2053 erat
1074 1982 1221 2054 idoneus
1271 1974 1416 2071 gloriati
1438 1974 1606 2073 spirituaii
1624 1976 1793 2052 victoria.
1818 1982 2014 2071 alimen.
2032 1980 2073 2052 Et
2120 2035 2124 2042 .

407 2072 451 2145 ad
476 2068 709 2167 loquendum.
740 2078 806 2157 sed
834 2074 915 2149 nihii
941 2076 1047 2151 laudis
1065 2081 1219 2174 derogat
1269 2074 1327 2165 qui
1358 2072 1436 2150 ilios
1452 2100 1522 2151 oon
1539 2100 1585 2150 ex
1600 2095 1722 2149 etatea
1758 2071 1817 2149 sed
1840 2098 1891 2148 ex
1907 2075 2075 2173 sanguine

409 2167 595 2245 infantibus
611 2200 680 2251 non
701 2173 940 2271 loquentibus.
971 2173 1050 2249 Pius
1063 2176 1111 2248 esi
1125 2176 1220 2247 eninr
1269 2170 1484 2247 consecravit
1499 2194 1509 2237 ε
1537 2173 1608 2267 ipse
1623 2197 1688 2248 vor
1702 2197 1773 2247 non
1786 2199 1854 2270 pro
1868 2197 1978 2269 opere
1990 2199 2077 2249 con·

329 2276 371 2347 15
410 2267 941 2369 causaciamarequamlingua·
975 2274 1222 2369 Necprejudi·
1268 2268 1579 2365 demnettsedpto
1592 2271 1649 2343 sua
1665 2268 1885 2345 miseratione
1898 2273 2074 2356 justificet.
2140 2352 2145 2361 ,

410 2383 490 2435 cata
513 2371 607 2463 quod
632 2370 695 2444 iiiia
713 2371 825 2445 defuit
856 2371 989 2443 sernto=
1020 2396 1106 2465 quos
1135 2394 1220 2445 con·
1270 2371 1465 2451 Budmen.
1491 2371 1560 2442 Per
1579 2367 1847 2443 misericordiam
1872 2369 1974 2463 ipiiue
2003 2370 2074 2447 Dei
2100 2398 2138 2473 70

411 2462 473 2533 ssat
490 2464 604 2556 perire
624 2470 690 2564 pro
704 2468 817 2540 verbo
834 2515 844 2537 .
873 2468 1003 2543 Docuit
1019 2468 1084 2539 effe
1097 2491 1220 2545 vocem
1270 2465 1337 2536 &o
1359 2464 1529 2541 Dominus
1542 2468 1585 2539 iit
1597 2468 1730 2560 semper
1745 2467 1951 2540 vobiscum.

408 2558 583 2655 sanguinis
613 2590 708 2649 mora
739 2568 913 2639 fraterna:
940 2567 1081 2639 infantia
1118 2591 1218 2661 quam
1319 2562 1653 2637 charnaGunate&
1669 2562 1816 2637 videte.

411 2652 608 2735 interiectus
639 2686 706 2735 non
734 2663 843 2737 adiita
868 2663 980 2735 exitus
1007 2664 1218 2737 coronavit:
1440 2664 1578 2733 oratio.
1600 2657 1677 2744 Posi
1698 2666 1904 2737 communio.

326 2757 373 2818 20
409 2752 445 2824 Ο
460 2758 599 2833 nefandi
616 2760 746 2835 furoris
765 2760 950 2834 immanitas
979 2761 1052 2855 ipso
1070 2786 1141 2853 quo
1156 2784 1217 2855 pe·
1372 2758 1489 2831 Ratira
1513 2758 1646 2855 agimus
1677 2758 1766 2831 tibi.
1788 2771 1903 2875 Qere
1930 2762 1966 2836 in
1990 2764 2077 2857 Να-

338 2884 346 2893 ·
407 2849 594 2932 timebatur
606 2854 775 2933 vulnerer
808 2857 1008 2950 portabatur
1023 2858 1154 2931 occisos
1178 2860 1213 2932 dt
1384 2854 1455 2930 tale
1471 2860 1606 2929 Domini
1614 2856 1753 2949 fodxz.
2101 2892 2138 2966 75

406 2965 563 3023 tenerum
594 2959 764 3049 pendebat
785 2958 933 3028 cadaver
959 2956 992 3029 in
1021 2954 1213 3051 capullum:

406 3042 592 3140 plusiadis
610 3055 812 3151 egrediens:
835 3076 934 3145 qnam
963 3056 1124 3127 cruoris.
1157 3056 1214 3127 Sic
1338 3051 1391 3123 IN
1415 3053 1591 3127 SANCTI
1611 3051 1783 3130 Jncoul
1808 3052 2010 3127 FRATRIS

405 3139 516 3219 duicia
530 3148 656 3223 Christi
670 3156 776 3228 ubera
803 3148 1024 3244 parvulorum
1048 3149 1134 3225 labia
1158 3153 1214 3227 so·
1568 3150 1775 3223 DOMINI.

324 3253 370 3325 25
403 3263 554 3316 xerunt.
582 3246 692 3339 Ecqui
708 3268 789 3325 tune
803 3272 873 3323 non
904 3269 1064 3341 poterant
1085 3250 1212 3323 discer-
1440 3252 1503 3321 Aa
1534 3244 1691 3340 Mrffirm.
1718 3246 1891 3336 officium.

402 3362 486 3411 nere
502 3342 583 3435 quid
597 3344 759 3422 sstirenta
789 3368 878 3421 nunc
893 3345 1018 3417 habent
1035 3346 1070 3419 in
1084 3350 1212 3444 gaudio
1263 3344 1486 3525 Gioriam
1504 3348 1538 3418 dt
1553 3365 1712 3443 magnum
1727 3347 1889 3420 decorem
1902 3391 1913 3413 ·
1927 3344 2079 3441 {require
2101 3360 2139 3432 ες

403 3436 498 3529 quod
524 3436 705 3518 biberunt·
732 3443 830 3517 Unde
844 3442 1045 3519 meritotibi
1060 3446 1212 3521 Domine
1375 3443 1526 3533 infandi
1542 3449 1714 3519 Saturnini
1721 3442 1921 3532 iodxxiss.

208 3692 210 3699 ,
403 3554 523 3703 diiii:
536 3536 1213 3717 'aqqg’i'qanqneggqntsaqiqqqqresaffigi⁸
1365 3639 1457 3712 Odie
1499 3554 1840 3713 nobieordrtdosdurua·
1869 3639 2015 3735 nequire
2039 3640 2078 3710 [ι

326 3741 373 3816 3⁰
696 3732 948 3821 Poflsanlius.
1389 3732 1925 3831 Nataieflominifol.XXXVII.

342 3856 346 3865 ·
505 3826 567 3903 Ere
583 3829 739 3907 sandrat
765 3856 848 3907 uere
864 3830 1061 3907 benedictus
1090 3862 1128 3911 es
1139 3837 1215 3913 Na·
1312 3836 1421 3909 teuta
1437 3832 1520 3909 iibri
1525 3835 1692 3931 sapientie
1706 3832 1973 3927 salonorup.
1987 3834 2075 3909 Deo
2101 3852 2141 3939 85

329 4002 331 4013 ,
525 3950 671 4001 zarene:
698 3932 755 4027 qui
783 3954 829 4003 ex
844 3955 907 4005 ore
924 3930 1103 4009 infantium
1134 3961 1212 4031 per·
1263 3932 1416 4031 gratias.
1872 3940 2077 4025 suumn.

400 4018 688 4100 fecistiiaudem.
714 4049 837 4105 utnon
855 4028 997 4103 humana
1022 4029 1214 4108 seddivina
1263 4030 1470 4212 TEtigit
1495 4031 1616 4113 iudum
1649 4029 1801 4102 tentatio
1836 4046 1997 4103 mortua
2037 4033 2077 4101 dt

403 4117 573 4193 conieffio
589 4125 804 4202 nascereturt
819 4128 855 4201 dt
876 4126 1051 4201 immatura
1067 4127 1213 4224 loquer·
1372 4129 1566 4203 commotio
1582 4126 1616 4198 iu
1628 4126 1768 4199 heremo
1784 4125 1874 4200 taut
1888 4128 1936 4199 eii
1948 4124 2075 4201 multi·

321 4236 366 4309 35
402 4213 436 4287 di
451 4231 527 4287 etas
551 4221 781 4316 agnoscerent
803 4246 902 4317 quem
919 4222 1021 4320 periti
1032 4222 1130 4325 *lege
1153 4252 1214 4300 ne·
1260 4227 1414 4300 tudiniar
1437 4228 1496 4299 sed
1524 4250 1594 4300 uon
1620 4224 1678 4296 diu
1699 4225 1882 4317 permanfit
1910 4226 1958 4298 ira
1984 4244 2076 4297 tua.

339 4348 342 4351 ·
373 4307 529 4385 renent
556 4316 655 4395 ·i’cr
685 4337 723 4396 te
747 4319 904 4396 Domine
929 4344 968 4396 ac
996 4322 1213 4421 Redemptor
1262 4326 1461 4420 Properaus
1474 4322 1687 4410 enimhom'o
1698 4320 1768 4393 iiue
1782 4320 1923 4415 querela
1935 4345 2071 4417 propu-
2099 4356 2142 4427 90

400 4425 551 4482 eterne.
1262 4422 1385 4522 gravit
1423 4418 1603 4517 proferens
1636 4417 1820 4491 servitutis
1844 4419 1902 4492 sue
1934 4420 2075 4495 sentum

612 4510 691 4597 Pol?
697 4518 832 4613 pridie.
858 4520 999 4591 oratio}
1084 4544 1089 4557 ’
1262 4521 1484 4597 orationem:
1505 4519 1541 4590 δι
1572 4540 1634 4610 per
1657 4515 1831 4587 incensum
1847 4518 2074 4610 deprecatio·

490 4604 538 4679 Ibi
550 4607 612 4685 soli
626 4614 761 4687 Christe
775 4616 962 4691 Dominea
979 4618 1080 4692 nobis
1094 4616 1207 4715 gioria
1256 4643 1334 4693 nem
1348 4616 1517 4713 alligans·
1543 4612 1683 4686 Restitit
1700 4613 1750 4685 ire
1772 4616 1809 4685 dc
1827 4617 1930 4691 finem
1953 4614 2074 4709 impo-

318 4723 368 4799 40
450 4798 458 4811 ι
510 4706 675 4787 &honor
689 4714 943 4807 gratiarumque
969 4714 1061 4791 adiio
1076 4718 1217 4791 datura'
1259 4714 1324 4789 suit
1349 4712 1560 4786 neceffitatia
1585 4710 1765 4783 ostendens
1793 4713 1956 4803 quoniam
1987 4732 2072 4785 tuus

399 4816 458 4889 qur
474 4800 579 4875 fecitii
597 4806 759 4902 parvulos
773 4834 837 4905 per
852 4811 1008 4907 ignotam
1036 4814 1208 4910 temporie
1259 4816 1307 4887 eii
1320 4809 1487 4887 famuiur.
1511 4806 1606 4879 Vicit
1620 4827 1735 4883 autem
1760 4812 1878 4883 turbae
1904 4832 1976 4884 nou
1989 4809 2070 4883 vir·
2097 4840 2140 4910 95

399 4916 548 4970 mortem
566 4904 747 4996 pervenire
763 4909 805 4979 ad
822 4908 1016 4984 eternitatis
1034 4912 1133 4986 beate
1148 4910 1210 4983 he·
1257 4931 1331 4985 tute
1346 4910 1533 5002 corporis:
1559 4904 1617 4976 sed
1638 4926 1807 4979 armature
1832 4909 2069 5003 potentieque

398 4993 612 5072 reditatem.
632 5003 704 5091 Qi
730 5002 945 5100 giorificatur
972 5030 1009 5079 es
1039 5008 1161 5083 meiius
1174 5010 1208 5081 in
1258 5008 1370 5086 verbo
1384 5001 1767 5087 vexatoremsubjecita
1795 5009 1989 5089 iuramenta
2005 5031 2072 5100 pa·

399 5108 520 5163 ‘Orum
537 5090 708 5193 sanguinis
721 5124 808 5175 voce
822 5128 832 5169 a
848 5124 946 5193 quam
959 5104 995 5176 in
1010 5108 1113 5179 etatis
1127 5127 1211 5202 pro·
1258 5112 1701 5181 rentumcommemotantr
1727 5105 1907 5175 cumcuim
1926 5107 1996 5189 iam
2014 5127 2075 5177 ea·

316 5192 365 5287 45
400 5185 573 5300 feifione.
598 5198 701 5291 Apud
726 5222 827 5294 quem
857 5221 926 5272 non
942 5202 988 5273 eii
1002 5207 1132 5295 quesita
1148 5227 1211 5278 co·
1259 5202 1425 5280 ternatim
1436 5198 1631 5271 cecidiffent
1647 5196 2071 5292 superaiterutrummor·
2169 5293 2170 5304 ἵ

397 5304 513 5379 gnrtto
529 5290 672 5367 rationis
688 5328 697 5367 a
711 5296 743 5370 in
760 5297 880 5387 quibus
892 5318 1059 5374 coronata
1077 5304 1124 5372 est
1137 5324 1209 5373 ma·
1258 5300 1309 5375 tui
1327 5330 1337 5369 a
1364 5299 1549 5373 interstetit
1564 5323 1574 5365 a
1588 5298 1623 5367 dt
1638 5297 1833 5390 amputavit
1845 5297 2019 5392 impetum
2033 5304 2071 5373 δι
2103 5326 2165 5381 roo

394 5381 483 5455 teria
499 5388 681 5477 parvitatis
698 5442 709 5465 .
735 5394 863 5467 Tribue
892 5396 1035 5486 proinde
1055 5396 1154 5471 nobit
1170 5395 1211 5469 ii·
1259 5394 1478 5473 divisrtillam
1490 5417 1556 5489 qne
1571 5392 1613 5466 ad
1628 5393 1732 5465 rivos
1748 5394 1894 5470 ducebat
1907 5396 2011 5470 viam.
2030 5398 2073 5467 ln

396 5474 440 5550 iit
455 5479 774 5569 intercedentibusa
806 5495 842 5563 dt
865 5488 975 5563 deeiie
991 5493 1109 5588 inquo
1123 5494 1210 5568 maie
1258 5495 1451 5572 vesteenim
1463 5490 2072 5585 poderisquamhabebatatoturerat

396 5575 533 5653 sumunt
559 5586 594 5656 dt
613 5590 724 5661 adeffe
751 5589 784 5663 in
801 5612 871 5682 qno
885 5588 1021 5686 semper
1040 5594 1131 5666 bene
1155 5612 1212 5667 te·
1258 5594 1354 5671 orbis
1373 5613 1563 5669 terraruma
1579 5589 1615 5659 dt
1635 5607 1818 5679 parentum
1845 5587 2020 5686 magnalia
2035 5592 2075 5662 in

317 5698 363 5771 po
395 5696 472 5747 cum
486 5678 668 5757 vivamus.
693 5700 746 5782 132.
758 5690 893 5761 nmen.
1264 5711 1415 5787 quatuor
1427 5688 1606 5763 ordinibus
1618 5680 1768 5779 lapidum
1776 5709 1874 5761 erant
1886 5685 2074 5782 sculptae&
2143 5734 2149 5758 .
2166 5725 2167 5748 t

494 5781 556 5849 Ad
568 5790 759 5856 Orationem
776 5789 985 5864 omniurn
999 5791 1168 5863 auretio.
1264 5786 1520 5886 magnifictutie
1544 5802 1603 5857 tua
1624 5782 1659 5851 in
1672 5782 1864 5860 diademate
1889 5786 2015 5882 capitia
2030 5785 2077 5859 il·
2106 5810 2167 5894 ιο]

475 5874 602 5949 Ratree
626 5882 809 5955 chariisrmi
826 5886 1021 5979 Martyrum
1051 5885 1217 5984 parvulo·
1266 5886 1330 5959 iiur
1347 5884 1525 5977 inscripta.
1555 5896 1605 5974 aa.
1620 5884 1761 5953 Amen.

500 5994 573 6044 tum
600 5978 762 6075 exempla
791 5980 937 6054 incitent
963 6008 1026 6057 noa
1058 5987 1099 6059 ad
1115 5986 1215 6060 viro·
1264 5985 1454 6073 Psaiiendo.
1471 5984 1522 6053 Oa
1535 5980 1609 6064 iusti
1626 5977 2072 6078 meditabituesapientiama
2164 6003 2165 6038 ¹

401 6089 478 6142 rum
496 6068 642 6151 fortium
670 6076 770 6151 atta.
792 6078 834 6153 Et
861 6078 946 6155 ficut
976 6080 1115 6161 iunium
1141 6106 1217 6163 m
1265 6078 1434 6182 &lingua
1449 6090 1522 6174 ejus
1537 6074 1699 6173 loquetur
1722 6080 1908 6167 iuditium·
1936 6078 2078 6255 &16²3
