4450 7209
563 773 1340 873 PRAEEATIO.
1687 770 1772 854 xie

142 893 305 1003 Regem
336 884 547 1000 scribens,
592 917 734 1006 aperte
777 891 953 1004 asserit,
996 898 1034 982 S.
1059 892 1227 980 Paulum
1265 894 1307 977 in
1338 887 1531 1007 Hispania
1571 885 1771 1006 predicas-

141 1012 181 1095 se
197 1002 299 1122 (a),
333 1012 372 1095 8(
403 1002 571 1127 priscam
604 1011 884 1129 Hispanorum
915 1011 1174 1099 traditionem
1203 1011 1254 1097 de
1283 1012 1435 1127 septem
1466 1013 1541 1097 illis
1566 1005 1764 1126 Apostoli·

139 1128 193 1213 cis
225 1126 476 1244 Episcopis,
509 1137 645 1217 Roma
686 1136 729 1218 in
763 1133 1050 1249 Hispaniam,
1079 1132 1130 1217 ad
1163 1133 1434 1247 Evangelium
1464 1129 1761 1246 predicandum

139 1244 296 1357 millis,
326 1245 507 1334 nstineie
537 1276 834 1340 commemorat
866 1284 877 1336 ε
911 1250 1047 1362 unde,
1078 1252 1253 1362 inquit,
1283 1249 1489 1360 conjicere·
1508 1251 1600 1337 licet
1630 1277 1757 1367 quan·

138 1384 227 1452 tant
257 1365 547 1479 concordiam,
580 1399 669 1459 cum
695 1378 880 1476 Rumina
910 1362 1049 1479 Urbe,
1080 1364 1260 1483 Hispani
1295 1365 1342 1455 in
1369 1363 1598 1485 religione,
1628 1365 1683 1458 (5
1707 1364 1754 1455 in

139 1478 287 1572 ordine
313 1480 470 1574 Divini
504 1481 649 1603 Officii
676 1484 921 1579 habuerint.
953 1496 1054 1578 Sane
1087 1487 1488 1595 ultroconceditur,
1520 1485 1626 1598 quod
1656 1494 1752 1578 San·
1785 1483 1868 1597 167

138 1596 227 1687 aus
260 1602 451 1691 Pontifex
480 1607 616 1693 asserit
642 1666 657 1694 .
685 1613 846 1697 Notum
886 1610 995 1693 enini
1034 1607 1090 1692 eli
1132 1631 1286 1720 quanta
1316 1604 1577 1691 sollicitudine
1609 1607 1753 1722 Hispa·

137 1720 214 1807 uiae
256 1723 445 1839 Episcopi
484 1725 737 1815 concordiam
776 1758 869 1816 cuin
911 1728 1008 1816 Sede
1039 1734 1227 1813 Romana
1267 1724 1489 1811 constanter
1527 1725 1758 1836 sovetunt,

137 1866 222 1927 non
254 1840 297 1925 in
326 1842 388 1959 iis
406 1841 561 1955 modo,
594 1876 682 1959 quae
711 1846 762 1934 ad
794 1847 948 1956 fidem,
980 1852 1020 1933 8c
1050 1876 1182 1931 mores
1213 1842 1430 1960 spediant,
1460 1842 1525 1929 sed
1556 1846 1683 1931 etiain
1712 1846 1757 1933 in

138 1957 189 2043 iis
219 1956 433 2077 precipuis
460 1965 691 2079 capitibus,
720 1966 865 2080 quibus
895 1966 1037 2052 Divini
1071 1966 1208 2055 Officii
1239 1963 1337 2049 ordo
1368 1964 1548 2049 maxime
1580 1963 1756 2051 conslat.

137 2082 243 2195 Qua
269 2139 284 2188 ,
316 2103 363 2164 ut
390 2106 511 2169 antea
540 2081 695 2171 dibium
726 2086 781 2171 eli
809 2149 823 2194 ,
855 2085 898 2170 in
929 2085 1123 2203 Liturgiis
1153 2085 1381 2192 omnibus,
1414 2106 1500 2169 tam
1530 2084 1712 2171 Orientis
1738 2144 1755 2194 ,

137 2222 264 2309 quam
296 2197 563 2312 Occidentis,
593 2202 733 2290 eadem
763 2203 1059 2291 observantur.
1091 2211 1427 2311 Verumtamen,
1458 2229 1553 2287 cuni
1585 2202 1756 2289 varietas

137 2314 347 2430 liturgica
385 2318 459 2403 sita
500 2348 580 2407 non
613 2322 662 2408 sit
700 2323 743 2409 in
776 2323 850 2410 illis
881 2323 1017 2412 Officii
1048 2323 1193 2409 Divini
1223 2322 1444 2436 partibus,
1474 2349 1563 2431 qua
1605 2319 1755 2431 ubique

136 2432 287 2519 eedem
318 2436 601 2549 observantur,
632 2439 696 2527 sed
729 2442 770 2527 in
800 2442 887 2527 aliis
917 2442 1055 2528 multis
1085 2442 1252 2548 ritibus,
1283 2439 1605 2551 &ceremoniis,
1636 2467 1752 2551 quae,

138 2551 247 2639 salva
277 2556 488 2642 Catholica
518 2587 657 2673 pace,
689 2564 728 2647 8<
761 2560 1031 2650 Ecclesiastico
1059 2559 1384 2667 communione,
1415 2559 1680 2671 antiquitus,
1711 2562 1753 2646 &

138 2694 183 2755 ut
216 2670 316 2757 vitis
346 2674 581 2785 quibusdam
612 2677 776 2764 eruditis
808 2678 968 2765 videtur
985 2673 1089 2794 (b),
1123 2709 1208 2765 avo
1238 2678 1492 2793 apostolico,
1523 2677 1612 2792 ipsis
1641 2683 1754 2790 Apo·

137 2787 242 2876 stolis
275 2789 416 2877 saltem
450 2816 529 2882 non'
561 2799 913 2914 repugnantibus,
945 2797 1168 2885 introdueia
1199 2798 1398 2906 fuerunt,
1430 2795 1640 2882 concordia
1673 2804 1752 2883 Ec·

135 2908 343 2996 elesiarum
375 2914 577 3032 Hispania
607 2946 703 3004 cum
735 2921 920 3004 Romana
951 2916 1083 3028 Sede,
1113 2919 1239 3002 etiarn
1271 2919 1312 3002 in
1345 2915 1481 3000 ordine
1514 2913 1657 3002 Divini
1674 2915 1749 3002 Os·

136 3026 216 3113 sicii
246 3028 411 3116 retineri
442 3036 622 3147 potuis,
659 3035 847 3148 quamvis
879 3037 1050 3150 Hispani
1088 3037 1249 3150 proptia
1280 3056 1491 3120 uterentur
1522 3032 1744 3144 Liturgia‚

133 3173 159 3229 a
190 3152 376 3235 Romana
405 3147 558 3238 diversa
585 3214 597 3239 .
622 3155 752 3274 'Quod
783 3178 923 3241 autem
952 3156 1068 3268 ajunt
1098 3154 1290 3269 Liturgiae
1322 3160 1517 3239 Romana
1550 3152 1663 3235 usum
1702 3150 1745 3237 in
1778 3151 1860 3234 168

136 3262 333 3379 Hispania
372 3293 520 3379 quarto
548 3334 562 3380 ,
594 3275 633 3358 &
671 3273 817 3385 quinto
847 3273 985 3359 seculo
1016 3271 1224 3386 viguisse,
1255 3272 1334 3356 fine
1365 3270 1574 3355 sufficienti
1604 3268 1744 3384 proba·

133 3384 243 3467 tione
281 3384 497 3485 asserunt,
528 3393 711 3478 Primum
754 3419 893 3476 eorum
933 3413 1219 3506 argumentum
1258 3394 1315 3475 est
1352 3396 1493 3477 Canon
1534 3388 1747 3503 vigesimus

132 3498 200 3585 sex
231 3504 506 3591 illiberitanus
536 3570 551 3618 ,
581 3538 664 3623 quo
701 3508 968 3619 decernitur,
1001 3537 1045 3595 ut
1085 3509 1221 3594 diebus
1252 3508 1414 3598 Sabbati
1453 3508 1648 3620 jejunium
1678 3510 1747 3593 ob·

135 3619 318 3707 servetur
335 3617 394 3736 (c)
421 3687 432 3710 .
464 3628 586 3715 Unde
619 3627 860 3740 deducunt,
892 3631 1089 3745 Hispanos
1121 3630 1284 3715 ineunte
1314 3649 1459 3741 quarto
1490 3628 1629 3716 sarculo
1659 3627 1749 3713 titi·

133 3736 205 3823 bus
236 3745 435 3829 Romanis
466 3745 551 3832 usos
582 3747 662 3833 esse
690 3812 704 3857 ,
736 3777 836 3861 quos
867 3749 1006 3861 utique
1049 3775 1252 3833 unacum
1283 3749 1477 3862 religione
1507 3744 1655 3832 Christi
1684 3775 1749 3833 ac·

131 3882 366 3971 ceperunt.
398 3869 593 3951 Fateinur
624 3866 829 3979 quidem,
862 3867 1060 3982 Hispanos
1091 3871 1129 3952 8<
1160 3865 1224 3952 die
1255 3866 1417 3954 Sabbati
1446 3862 1674 3977 jejunasse,
1705 3871 1745 3954 8<

131 3975 316 4089 quotidie
349 3984 642 4071 Eucharistiam
673 3985 872 4100 sumpsisse
892 3983 988 4100 (d),
1019 4014 1107 4097 qua
1138 4008 1307 4097 utraque
1333 3980 1574 4070 consuetudo
1604 3985 1646 4068 in
1663 3990 1747 4072 Ro·

132 4122 259 4181 mana
289 4101 465 4187 Ecclesia
500 4105 693 4217 vigebat.
724 4113 783 4194 At
816 4107 985 4190 minime
1003 4106 1225 4221 probatur,
1257 4103 1455 4218 Hispanos
1486 4102 1556 4186 has
1587 4101 1746 4191 consue·

134 4213 293 4300 tudines
326 4218 377 4301 ab
409 4223 582 4308 Ecclesia
614 4230 800 4309 Romana
830 4223 1050 4338 accepisse.
1083 4227 1194 4310 Nam
1227 4222 1423 4337 jejunium
1442 4220 1636 4333 Sabbati,
1667 4222 1754 4308 hoc-

134 4332 222 4446 ipso
250 4340 415 4422 Canone
446 4346 580 4426 Patres
611 4343 851 4430 Illiberitani
884 4342 1169 4454 instituerunt,
1200 4370 1294 4428 cuin
1325 4365 1443 4427 antea
1473 4341 1643 4427 minime
1674 4340 1743 4424 ob·

130 4451 388 4544 servaretur.
418 4461 612 4574 Etenim,
643 4486 689 4547 ut
720 4460 1005 4550 animadvertit
1024 4462 1186 4550 Gabriel
1202 4459 1462 4577 Albaspineus
1489 4455 1580 4693 (HJ
1603 4458 1743 4588 jejunii

1571 4598 1744 4693 aperim-

173 4782 241 4868 (a)
263 4778 316 4845 lta
332 4781 420 4848 enini
437 4779 575 4852 scribit:
602 4790 674 4855 caia
688 4796 807 4856 Beatus
823 4794 910 4877 Apo·
970 4786 1072 4876 pill'e.
1100 4785 1247 4856 Eandem
1273 4783 1463 4873 opinionem
1489 4796 1580 4847 tenet
1599 4783 1743 4848 Lazarus

127 4868 228 4956 dabar
244 4870 367 4937 Fauna
383 4878 612 4971 Hispaniense
625 4880 730 4969 aiiiffe
739 4880 889 4967 fignificat
898 4924 911 4957 ,
969 4876 1131 4961 quuilot
1159 4874 1193 4941 in
1218 4878 1379 4942 'stadam
1390 4868 1555 4937 Historico
1577 4871 1617 4937 de
1629 4871 1743 4937 Litur-

133 4978 174 5024 ⁶⁶
182 4961 292 5046 postea
297 4962 414 5050 septem
429 4965 587 5054 Episcopo
600 4969 640 5032 ab
654 4968 741 5034 vrbe
755 4972 857 5036 Rama
868 4974 911 5034 ad
973 4968 1025 5056 gla
1040 4973 1135 5031 Sacra
1153 4967 1245 5030 lib.i.
1259 4983 1366 5052 capa.

130 5048 326 5133 instruendos
341 5050 503 5138 Hispaniae
512 5060 660 5144 populat,
680 5075 700 5121 a
717 5054 801 5126 Par
834 5103 845 5133 ,
867 5062 912 5145 ῤ’
1038 5058 1070 5139 a)
1096 5058 1206 5123 Verba
1219 5053 1364 5119 Canonis
1389 5047 1492 5115 sunt:
1518 5070 1657 5118 errorem
1669 5054 1744 5136 pia—

130 5136 244 5205 Paulo
263 5142 414 5227 [naiasin
440 5143 570 5211 direiiai
589 5148 746 5236 sniffaqai
758 5082 914 5235 ‘didimia
973 5160 1042 5213 aute
1055 5144 1177 5235 corrigi
1192 5189 1202 5218 ,
1228 5157 1289 5219 nt,
1315 5143 1398 5208 omni
1412 5128 1636 5223 sabbatiani,
1652 5142 1743 5227 siju·

131 5227 328 5294 idololatria
353 5230 622 5319 christianitatem
643 5232 876 5321 plantaverant
899 5280 911 5311 ,
973 5237 1097 5304 nicrum
1107 5235 1421 5388 supprimpafieianem
1436 5232 1645 5301 celebremus.

129 5317 306 5391 ordinem,
333 5322 378 5403 (θ’
403 5324 534 5407 officium
557 5324 592 5389 in
617 5327 748 5390 Divinis
773 5326 911 5392 cultibus
1016 5327 1132 5411 (108.
1181 5324 1370 5408 ieronymus
1398 5320 1554 5404 epist.7i.
1577 5320 1618 5382 ad
1643 5316 1745 5380 Luci-

133 5412 295 5491 aegeudiint
317 5410 541 5493 ostenderunt,
564 5410 836 5501 &sangninesno
852 5413 913 5479 Ec·
971 5413 1063 5479 nium
1079 5414 1162 5479 edit.
1178 5416 1299 5480 Veron.
1314 5418 1381 5477 n-6·
1395 5407 1500 5490 col.43
1510 5431 1540 5470 ι.
1560 5414 1607 5473 De
1621 5407 1745 5475 Sabba-

128 5494 231 5579 ἀφ’
246 5499 549 5586 dedicaveremslra
565 5500 808 5591 diligentium
819 5504 914 5589 igno·
974 5511 1009 5573 ia
1021 5510 1103 5595 qnod
1115 5504 1231 5593 qaaerii
1248 5544 1259 5573 ‚
1289 5513 1398 5567 narum
1408 5498 1660 5582 ieiunaniinafit
1672 5539 1682 5569 ,
1696 5500 1742 5583 ψ’

130 5595 209 5659 m,
225 5600 384 5674 quantam
396 5590 594 5658 concordiam
606 5608 672 5658 caia
686 5594 834 5658 Ratiaria
848 5590 916 5660 vr·
975 5600 1012 5659 de
1033 5592 1233 5677 ‘Euchariflia
1254 5633 1266 5664 ,
1292 5608 1333 5654 an
1361 5591 1541 5670 accipienda
1569 5588 1742 5672 paricidio,

129 5673 168 5737 θ’
181 5679 367 5760 Hispania,
382 5681 417 5745 ¹⁶¹¹
432 5683 587 5763 filicione
598 5724 609 5756 s
624 5684 712 5767 &in
727 5683 836 5750 ordine
850 5685 914 5749 Di·
934 5754 941 5767 ,
974 5686 1058 5774 quad
1083 5684 1227 5752 Romana
1246 5679 1376 5765 Ecclesia
1395 5722 1404 5749 ‚
1431 5680 1476 5762 ὼ·
1502 5676 1662 5764 Hispania
1685 5676 1744 5742 ab·

127 5764 205 5828 viui
216 5767 320 5854 Officii
334 5812 342 5835 ,
358 5768 513 5834 babuerit
522 5770 606 5858 jacit
618 5783 713 5858 patet
725 5773 798 5857 &a
968 5773 1105 5863 servare
1121 5768 1331 5857 perhibentur
1344 5813 1353 5840 ‚
1361 5766 1483 5853 scripfit
1496 5770 1569 5853 &a
1731 5814 1733 5823 .

172 5851 418 5943 (bi-loseph&
437 5854 630 5924 Vicecomee
647 5860 808 5942 deantiq.
822 5850 908 5925 Mis·
1011 5863 1066 5950 (a)
1090 5861 1127 5924 ln
1143 5854 1428 5924 observationibus
1449 5855 1492 5919 ad
1510 5856 1674 5923 Caiionein
1689 5859 1746 5922 26.

130 5934 410 6013 inrationalium
428 5964 533 6034 capi.
559 5944 626 6013 fuse
653 5950 824 6014 contendit
846 5967 908 6014 va·-
966 5942 1110 6017 Gon'cilli
1133 5943 1369 6036 Elli'beritaei=

132 6028 286 6127 rietatem
299 6031 498 6125 liturgicum
517 6058 587 6104 avo
602 6036 797 6126 Apostolico
816 6036 908 6105 ince-
