4450 7209
594 765 1341 860 PR'AEFATIo.
1670 795 1764 859 tiri

142 875 356 995 Liturgia,
390 880 642 968 mentionem
672 884 799 968 facere
831 880 1079 997 debuissent,
1112 889 1159 972 de
1192 913 1361 1001 utraque
1391 908 1529 975 tamen
1560 889 1688 977 altum
1719 893 1764 979 si·
1799 911 1904 996 191*

140 1000 327 1085 luerunt.
358 1002 648 1112 Nequecausa
680 1026 764 1087 erat
796 1032 866 1087 cur
894 1010 1030 1089 Patres
1057 1009 1374 1120 Conciliiquarti
1393 1010 1584 1096 Toletani
1610 1041 1755 1098 munus

139 1118 423 1234 componendae
466 1148 613 1205 novam
647 1123 836 1236 Liturgiae
868 1122 1043 1209 formam
1075 1132 1112 1214 S.
1143 1127 1325 1238 Isidoro,
1368 1129 1489 1214 ullive
1529 1131 1759 1214 committe·

139 1261 251 1322 rent.
286 1240 368 1325 Illis
395 1238 484 1324 sane
512 1242 689 1324 maxime
719 1241 827 1326 cordi
858 1267 942 1326 erat
976 1267 1021 1328 ut
1048 1273 1141 1354 una,
1172 1250 1211 1332 8(
1238 1246 1379 1332 eadem
1407 1247 1538 1331 forma
1564 1249 1761 1334 celebrari·
1888 1287 1891 1292 ·

138 1353 176 1437 di
210 1357 433 1471 mysteria,
464 1363 503 1442 8(
530 1359 795 1446 Ecclesiaslica
827 1360 999 1446 obeundi
1030 1364 1192 1471 officia,
1234 1368 1276 1448 in
1309 1367 1420 1451 omni
1453 1367 1758 1478 visigothorum

140 1479 285 1588 Regno
318 1477 523 1587 aqualiter
553 1478 858 1587 observaretur,
888 1508 1059 1590 eamque
1090 1481 1430 1589 introduxerunt,
1471 1512 1595 1594 quani
1625 1485 1757 1598 postea

138 1595 314 1680 Ecclesia
332 1597 668 1712 Gotho-Hispana
699 1598 921 1684 constanter
948 1600 1145 1683 retinuit.
1176 1600 1250 1688 Sed
1282 1601 1411 1686 sorma
1440 1600 1622 1714 liturgica
1651 1631 1754 1688 nova

136 1740 216 1797 non
251 1739 370 1823 erat,
404 1744 531 1825 neque
559 1718 741 1805 Ecclesiis
770 1717 1002 1831 Hispaniae,
1034 1720 1073 1802 8(
1104 1721 1242 1803 Gallia
1275 1720 1444 1833 ignota,
1477 1719 1540 1804 sed
1573 1747 1619 1805 ea
1652 1721 1755 1833 ipsa,

136 1833 225 1940 cui,
258 1834 570 1920 immemorabili
597 1835 902 1944 consuetudine,
932 1837 1205 1921 assueverant.
1237 1846 1342 1924 Cum
1371 1841 1495 1954 igitur
1521 1838 1656 1923 Patres
1674 1846 1757 1925 To·

137 1951 265 2036 letani
297 1950 336 2036 id
364 1981 496 2052 =unum
527 1953 672 2064 assequi
704 1950 888 2063 vellent,
921 1955 1212 2066 utfantiquum
1243 1956 1516 2071 Hispanorum
1548 1957 1756 2067 ordinem,

138 2068 305 2156 sublatis
336 2071 692 2181 innovationibus,
727 2101 865 2157 omnes
896 2074 1083 2180 Ecclesia,
1105 2076 1237 2188 Regni
1264 2075 1568 2193 visigothorum
1609 2075 1753 2160 retine·

123 2215 262 2302 cent,
294 2191 402 2275 nulla
432 2191 510 2276 illis
540 2190 653 2277 caiisa
685 2189 884 2305 supererat
923 2222 993 2277 cur
1020 2194 1273 2281 Provinciam
1313 2200 1352 2283 S.
1382 2195 1551 2282 Isidoro*
1572 2194 1752 2308 impone·

134 2332 227 2396 rent
258 2338 412 2394 novum
442 2309 494 2395 ali
527 2340 619 2396 uem
652 2311 838 2421 rituum,
870 2314 909 2396 8(
938 2313 1264 2400 ceremoniarum
1295 2312 1477 2401 ordinem
1508 2340 1755 2428 componen-

135 2428 208 2514 di.
238 2435 468 2540 Praterea,
497 2339 592 2515 latis
626 2429 879 2515 manifestum
909 2429 964 2515 est
994 2431 1220 2545 Liturgiam
1253 2435 1397 2543 illam,
1428 2462 1553 2548 quain
1583 2431 1753 2521 S.1sido·
1788 2456 1866 2534 192

134 2576 234 2658 rus,
271 2548 454 2632 inlibris
485 2548 560 2633 suis
591 2545 641 2634 de
670 2541 963 2664 Ecclestasticis
998 2543 1194 2664 Officiis,
1235 2553 1434 2663 illustrat,
1476 2558 1515 2639 8(
1546 2551 1762 2666 explicat,
1794 2649 1797 2655 ¹

135 2695 217 2751 non
251 2668 374 2752 aliam
398 2687 535 2779 ‘quam
565 2668 945 2782 Gotho-Hispanam
979 2667 1085 2778 esse,
1124 2669 1236 2754 illam
1275 2671 1421 2758 scilicet
1458 2701 1580 2784 quain
1612 2671 1754 2756 Conci·

134 2786 238 2871 lium
267 2787 516 2872 Toletanum
546 2810 735 2898 quartum
768 2786 836 2872 sua
866 2784 1104 2872 audioritate
1136 2789 1422 2899 confirmavit,
1464 2795 1503 2877 8(
1532 2788 1753 2896 stabilivit,

135 2909 177 2991 8(
204 2906 342 2992 etiam
374 2904 465 2991 satis
496 2929 606 2992 certo
637 2905 787 2990 constat
818 2911 856 2994 8.
876 2907 1071 2991 Isidorum
1104 2908 1223 2992 libros
1253 2906 1304 2995 de
1329 2902 1620 3024 Ecclesiasticii
1647 2899 1751 3022 Offi-

133 3019 214 3112 ciis
246 3023 429 3139 scripsisse
461 3049 678 3135 antequam
707 3024 932 3110 Concilium
959 3025 1205 3110 Toletanum
1237 3051 1430 3138 quartum
1461 3026 1750 3131 celebraretur,

132 3171 202 3228 eos
234 3147 346 3228 enim
378 3144 495 3229 libros
525 3143 738 3257 Fulgentio
764 3142 989 3256 Astigitano
1018 3143 1244 3257 Episcopo,
1274 3145 1399 3229 sratri
1430 3143 1520 3252 suo,
1552 3140 1749 3254 inscripse-

132 3288 222 3374 iat,
250 3263 346 3374 qui,
373 3264 479 3379 prius
507 3291 631 3373 quam
649 3261 874 3345 Concilium
903 3264 979 3347 hoc
1004 3261 1260 3370 conveniret,
1292 3262 1357 3376 pie
1385 3262 1561 3370 obierat,
1588 3259 1750 3350 Sedem·

132 3411 213 3494 que
246 3383 425 3470 Abentio
455 3381 648 3489 cesserat,
680 3381 740 3463 uti
771 3409 821 3464 ex
851 3378 1194 3492 subscriptionibus
1227 3380 1514 3496 Episcoporum
1548 3401 1742 3495 apparet.

132 3509 225 3621 Jam
257 3529 354 3584 vero
386 3502 550 3615 planum
582 3499 635 3583 est
667 3507 801 3585 Patres
835 3499 950 3611 hujus
980 3500 1149 3585 Concilii
1182 3526 1260 3583 non
1292 3497 1539 3587 demandasse
1570 3506 1607 3618 S.
1626 3495 1748 3585 Isido-

130 3650 177 3705 ro
207 3647 349 3705 curam
383 3617 646 3734 componendi
664 3618 913 3732 Liturgiam,
940 3647 1063 3730 quani
1095 3619 1250 3734 optime
1282 3643 1500 3729 noverant,
1532 3620 1600 3704 diu
1624 3640 1750 3703 antea

130 3740 398 3855 compositam
439 3740 583 3848 fuisse,
629 3737 767 3822 &usu
808 3738 1140 3850 frequentatam,
1178 3764 1307 3848 neque
1340 3740 1530 3825 'credibile
1571 3735 1659 3848 est,
1701 3757 1747 3819 ut

133 3857 385 3966 Cassander,
410 3858 459 3944 ad
487 3859 711 3943 Pamelium
741 3856 940 3966 scribens,
972 3856 1340 3966 animadverterat,
1372 3865 1411 3946 S.
1440 3856 1668 3965 Isidorum,
1700 3853 1745 3938 li·

134 3979 212 4062 bris
245 3978 322 4062 illis
351 3973 402 4065 de
420 3971 584 4094 Officiis
604 3969 919 4093 Ecclesiasticii,
952 4005 1041 4061 eam
1072 3977 1300 4094 explicasse,
1332 3980 1371 4062 8(
1402 3977 1598 4062 illustrasse
1617 3976 1750 4061 Litur-

131 4098 242 4212 giam
274 4124 398 4209 quam
430 4096 509 4211 ipse
536 4093 801 4180 condiderat.
837 4102 1016 4182 Demum
1048 4103 1086 4184 8.
1105 4094 1305 4204 Isidorus,
1338 4096 1379 4179 in
1414 4096 1524 4179 brevi
1555 4095 1744 4209 prologo,
1780 4118 1859 4202 193

133 4245 259 4328 quem
290 4216 399 4300 libris
431 4215 479 4299 de
510 4215 663 4310 Officiis
692 4215 965 4302 Ecclefiallicis
992 4217 1212 4333 praemisit,
1273 4214 1431 4300 rofessus
1460 4210 1659 4298 didlurum
1686 4210 1747 4318 se,

133 4336 278 4446 quibus
308 4331 534 4429 ausloribus
565 4356 657 4421 orto
678 4327 845 4444 ¹suerint
875 4364 954 4443 ea,
985 4365 1073 4447 quar
1105 4332 1150 4421 i'n
1178 4243 1340 4451 officiis
1367 4326 1659 4449 Eccleſsaslici'i
1688 4357 1749 4415 ce·

131 4455 368 4564 lebrantur,
401 4481 487 4537 non
512 4452 799 4567 semetipsum,
832 4482 910 4538 non
938 4455 1197 4560 Leandrum‚
1230 4480 1301 4535 nec
1332 4452 1427 4535 alios
1454 4451 1644 4565 Liturgia
1664 4457 1745 4537 Go-

132 4573 410 4688 tho-Hispanae
442 4570 624 4657 aussores
650 4571 849 4685 agnoscit,
882 4600 1003 4682 quani
1036 4575 1284 4687 Scripturam
1312 4574 1506 4678 Sacram,
1537 4567 1746 4683 Apostolo-

131 4721 224 4777 rum
256 4691 547 4795 traditionem,
580 4719 718 4773 eorum
748 4691 963 4799 nimirum,
996 4694 1065 4802 qui
1098 4692 1139 4775 in
1168 4690 1363 4802 Hispania
1390 4687 1582 4776 Ecclesiae
1610 4684 1747 4768 consti·

85 4883 87 4886 ,
127 4833 324 4921 ruerunt,
350 4815 390 4898 8(
409 4809 588 4897 Ecclesia
608 4807 951 4894 consuetudinem.
979 4811 1094 4895 Nihil
1115 4811 1237 4922 igitur
1262 4804 1513 4893 audloritatis
1530 4804 1637 4889 hisce
1661 4804 1746 4917 opi·
1781 4828 1866 4913 194

130 4930 314 5018 trionibus
345 4926 601 5015 tribuendum
634 4927 719 5034 est,
757 4957 842 5038 qua
875 4934 913 5016 S.
931 4928 1193 5032 Leandrum‚
1223 4950 1294 5010 aut
1324 4932 1362 5014 S.
1381 4923 1577 5012 Isidorum
1606 4924 1743 5010 Litiir·

133 5050 207 5165 giae
225 5048 569 5162 Gotho-Hlspana
597 5042 798 5153 aussores,
824 5051 862 5131 8(
890 5046 1111 5131 conditores
1140 5044 1373 5160 pradicant.
1403 5050 1503 5132 Sunt
1529 5042 1637 5128 enini
1666 5069 1749 5129 ine·

129 5197 172 5255 ta
204 5168 473 5265 recentiorum
510 5163 737 5280 figmenta,
769 5163 851 5278 post
882 5163 1119 5270 decimum,
1161 5170 1199 5250 8(
1231 5163 1487 5248 undecimum
1519 5160 1745 5271 saeculum,

134 5289 251 5375 nullo
283 5310 393 5372 certo
418 5282 602 5390 auclore,
636 5307 747 5393 orta,
777 5283 828 5367 ab
856 5284 902 5366 iis
927 5283 1067 5370 deinde
1093 5306 1332 5398 propagata,
1359 5285 1429 5393 qui
1456 5282 1555 5365 ritus
1583 5280 1746 5394 patrios,

131 5407 399 5496 celeberrimis
428 5412 494 5495 SS.
507 5401 708 5511 Leandri,
743 5406 782 5488 &
815 5400 954 5488 Isidori
988 5404 1237 5488 nominibus.
1265 5408 1481 5513 Tanquam
1509 5399 1617 5483 scuto
1647 5410 1766 5506 quo·'

132 5525 259 5637 dam,
290 5548 429 5612 contra
461 5524 760 5639 impugnatores
789 5546 1030 5636 protegere,
1062 5548 1181 5632 atque
1213 5522 1336 5604 tutari
1369 5520 1625 5604 nitebantur.
1658 5523 1742 5621 At,
1777 5534 1859 5632 195

134 5645 356 5785 inquiunt,
398 5645 536 5730 saltem
576 5639 872 5728 concedendum
913 5640 999 5749 est,
1039 5639 1176 5725 datam
1208 5640 1317 5725 fuisse
1353 5644 1390 5727 S.
1419 5636 1744 5744 Isidoro’curam

138 5763 384 5884 expurgandi
408 5788 592 5849 veterem
619 5761 843 5876 Liturgiam
873 5760 922 5846 ab
951 5759 1293 5868 innovationibus,
1320 5753 1746 5870 quae,.Episcoporum

137 5882 318 6006 incmia,
347 5886 514 5978 ineam
544 5879 812 6000 irrepserant,
854 5896 1024 5996 eamque
1064 5879 1116 5966 ob
1142 5878 1300 5969 causam
1329 5875 1559 5992 Liturgiam
1589 5873 1748 6083 tgppsho·
