4450 7209
381 818 423 887 5²
815 792 893 869 IN
953 788 1634 872 CIRCUMCISIONB

379 888 578 967 semissium
595 890 699 966 undas
728 888 803 987 pius
822 893 1034 989 gubernator
1057 908 1186 967 tuere.
1236 888 1574 970 seruasticollatum·
1598 892 1691 964 cnm
1706 908 1777 963 non
1792 877 1969 960 immerito
1981 901 2049 993 cof.
2077 908 2114 981 55

380 990 588 1084 &quotidie
615 988 874 1088 gubernationis
900 986 1118 1065 amminiculo
1143 992 1185 1065 ad
1262 990 1453 1069 nominatus
1470 990 1518 1062 es
1537 988 1663 1075 justust
1692 983 1750 1079 qui
1774 979 1904 1073 justicie
1927 1003 2051 1075 opert·

380 1108 523 1257 portum
540 1083 656 1161 salutis
670 1109 747 1161 eam
764 1086 870 1165 ftcito
886 1088 1094 1183 pervenire.
1116 1110 1189 1182 quo
1236 1017 1260 1161 ἱ

1262 1112 1299 1171 us
1310 1090 1478 1163 habeatur
1491 1087 1660 1159 idoneus.
1676 1082 1718 1155 Et
1732 1081 1814 1153 ideo
1830 1096 1867 1151 te
1882 1100 2042 1173 rogamus

407 1186 439 1259 ic
460 1183 603 1257 liberata
630 1210 650 1257 a
677 1180 842 1261 malorum
871 1185 1027 1281 pressuris
1048 1210 1059 1253 e
1083 1187 1127 1259 ad
1151 1204 1190 1259 te
1237 1189 1274 1259 dt
1290 1188 1464 1281 petimusa
1490 1202 1529 1257 ut
1541 1184 1577 1254 in
1589 1185 1652 1257 hae
1665 1175 1868 1286 solennitate
1882 1173 2046 1271 passionis

327 1293 347 1373 ‘5
382 1279 564 1379 perueniat
581 1280 616 1353 in
634 1280 838 1357 abundantia
864 1282 983 1378 pacis·
1008 1284 1193 1359 R.Amen.
1241 1289 1315 1368 ejus
1327 1286 1396 1359 boc
1409 1281 1609 1357 sucrificium
1622 1279 1759 1351 serenus
1772 1274 1916 1367 accipias
1937 1298 1948 1341 s
1971 1270 2051 1344 san·

712 1377 861 1453 inlatio.
1242 1378 1394 1456 &rficest
1412 1384 1447 1455 dr
1463 1378 1596 1473 pietate
1612 1374 1712 1450 solita
1725 1366 2051 1448 benedicassumen·
2078 1378 2125 1447 60

382 1474 611 1655 Dignum
624 1477 660 1549 sc
672 1479 796 1563 iustum
809 1476 880 1549 esis
909 1497 1034 1572 equum
1054 1499 1138 1551 vere
1153 1479 1192 1551 δι
1240 1476 1398 1572 cibusque
1411 1500 1457 1550 err
1468 1499 1514 1549 eo
1539 1477 1668 1551 donum
1689 1466 1966 1545 sauslilicatioois
1983 1465 2050 1538 im·

506 1572 683 1666 pulchrum
698 1577 769 1649 elle
792 1598 855 1649 nos
875 1573 936 1647 tibi
962 1572 1092 1671 gratias
1108 1598 1190 1671 age-
1239 1576 1396 1669 pendas.
1423 1589 1471 1671 ιιι.
1484 1580 1620 1645 Amen.

384 1696 449 1745 ret
477 1668 629 1747 Domine
647 1670 760 1745 sande
770 1672 876 1746 Pater
891 1670 1115 1767 omnipotens
1129 1698 1139 1739 t
1152 1672 1190 1743 δι
1388 1677 1468 1745 'Ad
1479 1675 1661 1743 orationem
1676 1664 1908 1737 nominitant.

300 1784 352 1841 so
381 1766 458 1853 Jesu
473 1768 613 1841 Christo
627 1768 703 1843 filio
717 1788 782 1845 tuo
790 1768 944 1844 Domino
957 1772 1091 1843 nollro·
1114 1770 1190 1840 Cu·
1302 1769 1344 1840 Π
1362 1772 1496 1844 Chrisle
1508 1768 1604 1841 Deus
1613 1755 1957 1855 lacobusApotlolus
1970 1774 2051 1867 tuus

386 1872 441 1953 ius
451 1863 676 1939 ineffabilibus
690 1866 823 1941 divitiis
836 1866 969 1941 ditatus
984 1868 1030 1939 est
1053 1864 1192 1939 nomine
1323 1870 1412 1963 apud
1433 1889 1470 1942 te
1498 1866 1703 1939 emundator
1726 1859 1887 1935 facinoris
1919 1858 2048 1927 noilrrs
2079 1866 2125 1953 65

384 1960 531 2046 lacobus
548 1990 558 2030 s
575 1962 633 2055 qui
648 1962 784 2060 semper
800 1980 944 2041 vocatus
958 1966 1004 2039 eli
1014 1965 1117 2051 iulius
1130 2009 1142 2032 .
1155 1983 1192 2036 ut
1241 1964 1301 2057 qui
1318 1987 1420 2039 carne
1435 1966 1540 2037 stater
1553 1962 1675 2034 extitit
1693 1959 1780 2033 tibi:
1807 1955 1849 2027 lit
1865 1951 2049 2062 pronubis

386 2060 446 2153 qui
466 2061 627 2155 promissa
639 2064 732 2147 iuliis
750 2062 878 2158 premia
891 2060 1024 2156 populis
1038 2061 1196 2157 predica·
1228 2061 1431 2136 ‘advocatus
1459 2056 1621 2156 piaculist
1648 2058 1708 2152 qui
1735 2051 1800 2127 tibi
1825 2054 1891 2124 furt
1915 2050 2052 2160 aliints.
2155 2133 2167 2158 a

387 2157 465 2230 bats
488 2158 563 2245 julli
591 2181 715 2233 nomen
732 2159 859 2233 merito
883 2159 1095 2243 subjetaret·
1119 2158 1195 2231 Nee
1244 2158 1364 2253 Sitque
1394 2159 1493 2231 uobis
1514 2178 1704 2253 patronus:
1730 2150 1789 2245 qui
1811 2169 1889 2223 tuus
1916 2148 1983 2219 furt
2007 2166 2056 2217 ex

309 2272 352 2345 15
390 2254 504 2327 defuit
530 2254 658 2328 nomini
700 2254 817 2329 sensio
856 2256 1055 2352 pronomini
1097 2253 1196 2330 sucro
1245 2258 1474 2332 aduocatione
1488 2251 1693 2348 discipulus.
1712 2252 1757 2323 Ut
1770 2266 1934 2345 precepta
1948 2267 2056 2317 oran·
2119 2330 2123 2338 Ι

390 2352 591 2442 martyrium
607 2377 624 2426 a
640 2349 738 2448 plebe
755 2353 855 2446 impia
879 2354 1094 2451 irrogatumt
1117 2377 1193 2425 curn
1245 2353 1361 2447 dique
1384 2357 1417 2427 in
1431 2355 1533 2427 tertis
1560 2352 1689 2445 politus
1710 2341 1881 2439 discipulo
1898 2339 2047 2414 ostendi·
2083 2376 2127 2451 po

390 2448 543 2521 abeis&
559 2447 677 2545 templi
699 2447 894 2523 sublimatus
908 2448 1068 2544 pinaculo
1085 2452 1121 2521 ἃ
1142 2451 1195 2522 in·
1246 2450 1284 2521 ili
1302 2479 1311 2520 t
1340 2450 1396 2523 hic
1410 2473 1492 2526 tuus
1510 2472 1643 2543 martyr
1652 2445 1714 2522 tibi
1727 2440 1945 2518 commendet
1968 2462 2056 2532 pre-

390 2546 432 2617 de
446 2542 597 2630 dejeslus
626 2550 846 2641 pronomine
875 2546 936 2620 filii
955 2548 1003 2622 tui
1027 2546 1195 2641 lapidibus
1245 2572 1305 2622 ce:
1330 2552 1388 2641 qui
1401 2574 1441 2624 ea
1463 2566 1534 2623 ate
1552 2545 1691 2641 propria
1707 2540 1865 2637 percepit
1888 2536 2021 2609 inaure
2041 2564 2056 2606 t

390 2642 556 2739 imprelirs
570 2642 751 2716 obruitur.
780 2644 852 2731 Qi
866 2645 947 2719 dunt
963 2665 1016 2718 tot
1032 2644 1196 2718 tundere·
1243 2669 1313 2740 quo
1329 2648 1486 2721 essedum
1502 2644 1671 2739 capiamus
1702 2640 1737 2713 in
1766 2640 1817 2710 his
1834 2636 1953 2711 uerbis
1967 2654 2051 2705 cum

307 2758 355 2811 ao
391 2760 447 2815 tur
462 2739 548 2812 saxis
562 2760 715 2834 quotque
744 2738 885 2840 flagellis
903 2769 912 2810 t
937 2742 1026 2817 inter
1040 2741 1194 2837 suprema
1245 2745 1287 2817 ad
1315 2762 1446 2838 patrem
1474 2739 1825 2839 proclamaverimuse
1842 2733 1969 2807 terris·
1987 2733 2059 2803 Pa·

389 2834 1044 2935 suppliciaadvocutmisericordiamtue
1058 2840 1197 2933 pietatis
1247 2861 1303 2915 ter
1318 2841 1497 2935 nolletqui
1514 2866 1551 2913 es
1567 2840 1601 2909 in
1617 2836 1723 2911 celis.
2082 2862 2127 2941 75

393 2936 554 3010 amicumt
581 2958 649 3010 non
666 2934 846 3010 immemor
863 2956 1108 3032 preceptorum
1124 2938 1198 3011 Ma·
1552 2937 1762 3012 Benedisiio.

388 3032 530 3131 gistri&
546 3032 687 3108 Domini
715 3034 987 3130 persecutoribus
1016 3036 1057 3106 ad
1074 3058 1196 3129 percu·
1333 3036 1459 3110 Hrilius
1489 3037 1661 3111 Dominus
1675 3054 1776 3127 quem
1800 3024 1975 3126 predicare
2002 3023 2060 3097 in·

391 3130 546 3205 tiendum
562 3150 663 3226 terga
679 3132 843 3224 prebebat
859 3157 868 3196 ε
885 3138 920 3208 dr
936 3132 1145 3227 parciturum
1158 3153 1194 3203 te
1356 3155 1410 3207 ter
1429 3133 1665 3208 Phariseorum
1679 3126 1958 3212 cuneosJacobus
1975 3147 2051 3197 non

305 3246 327 3301 c
335 3248 353 3321 5
387 3225 578 3302 Dominum
591 3228 644 3299 his
660 3227 764 3302 ilebili
778 3230 941 3304 oratione
957 3229 1129 3325 rogabat.
1153 3230 1191 3301 ln
1242 3252 1408 3303 vereturs
1438 3230 1630 3326 intrepidos
1659 3254 1724 3303 vos
1749 3251 1815 3321 pro
1835 3223 1883 3296 sui
1901 3221 2051 3297 nominis

384 3326 484 3411 huius
497 3347 582 3423 ergo
600 3325 735 3401 honore
756 3324 951 3401 oblationes
965 3350 1046 3419 quas
1073 3326 1192 3405 sanslo
1241 3327 1439 3402 defenfione
1454 3329 1577 3405 efficiat
1585 3333 1630 3404 ad
1644 3327 1861 3422 loquendum·
1874 3326 2056 3411 qsnmem
2084 3332 2128 3404 8ο

331 3498 335 3507 ,
385 3421 518 3499 nomini
543 3441 605 3499 tuo
627 3420 799 3498 offerimus
828 3426 1050 3519 omnipotens
1073 3426 1201 3511 Deust
1243 3423 1389 3518 Eiusque
1431 3426 1588 3519 precibus
1614 3448 1678 3500 vos
1715 3417 1863 3495 sustollat
1887 3419 1925 3488 in
1951 3415 2056 3489 celo:

387 3517 535 3593 libenter
548 3517 677 3614 suscipe
689 3521 779 3593 mitis
794 3538 897 3614 atque
914 3518 1098 3617 placabilior
1114 3522 1194 3594 uos·
1241 3543 1343 3615 quern
1370 3546 1436 3617 pro
1450 3521 1482 3592 se
1499 3522 1604 3618 pall'us
1625 3524 1672 3595 est
1690 3513 1965 3615 persequentium
1979 3536 2057 3588 ma·

384 3639 452 3710 que
466 3616 533 3689 tuis
548 3613 682 3710 semper
694 3617 800 3691 facito
821 3618 980 3691 inherere
1000 3619 1195 3695 mandatis.
1242 3618 1340 3691 nibus
1354 3618 1553 3715 precipitari
1581 3622 1623 3693 ab
1645 3616 1744 3691 alto.
1770 3630 1819 3711 ξι.
1836 3617 1978 3685 Amen.
2005 3614 2057 3685 Ut

291 3726 356 3813 ,3ο
391 3709 580 3807 peripsum
609 3734 710 3806 quem
725 3710 920 3789 collaudant
940 3738 1058 3792 omnes
1079 3714 1194 3812 angeli
1243 3716 1376 3791 adeum
1390 3714 1581 3809 presentem
1596 3716 1794 3810 respuentes
1811 3709 1918 3783 vitam
1935 3730 2058 3781 remu·

391 3828 493 3904 atque
512 3806 719 3907 archangelis
733 3810 862 3884 throni:
876 3814 1146 3887 dominationes:
1158 3814 1195 3885 δι
1245 3814 1399 3887 ueraturi
1420 3814 1628 3910 perveniatis
1644 3842 1655 3883 z
1680 3836 1758 3885 tum
1773 3831 1843 3904 quo
1857 3828 1945 3879 nunc
1960 3806 2057 3879 idem
2087 3818 2130 3909 85

388 3907 576 4003 potestates
605 3908 652 3981 its
679 3906 861 3985 dicentes.
882 3909 1097 4010 lje-sanstus.
1112 3912 1197 3985 San·
1246 3908 1418 4007 apossolus
1432 3909 1556 3984 collifis
1571 3912 1722 3985 cerebris
1748 3906 1874 3984 letatur
1888 3907 1931 3975 de
1955 3926 2051 3977 con·

388 4002 462 4077 sius
476 4051 487 4077 .
503 4004 642 4078 SanCtus
658 4052 669 4077 .
1246 4008 1407 4082 summata
1423 4005 1535 4105 gloria
1549 4009 1708 4103 passionis
1725 4052 1736 4074 .
1763 4019 1811 4091 nr.
1826 4006 1958 4077 Amen.
1985 4005 2058 4075 Per

654 4101 732 4189 Post
748 4106 908 4181 sandius.
1247 4104 1514 4185 misericordiam
1522 4106 1623 4201 ipsius
1636 4108 1705 4179 &o
1731 4102 1900 4177 Dominus
1913 4095 2058 4177 sitiem-

306 4226 351 4305 33
390 4198 551 4378 VEre
573 4196 723 4275 saneto
754 4228 837 4277 vere
858 4202 1195 4282 benedidnsDomi·
1244 4200 1527 4300 pervobiseum.
1548 4198 1954 4296 mcustateovidete.
2062 4264 2068 4275 .

510 4318 572 4366 nus
602 4298 818 4375 nosteriesus
835 4302 989 4377 Christus
1014 4304 1103 4375 silius
1132 4300 1191 4395 qui
1292 4293 1370 4380 Poll
1395 4302 1610 4374 communio.
1634 4297 1772 4375 Gratias
1797 4295 1862 4371 tibi
1889 4293 2055 4396 agimus.
2085 4326 2133 4399 90

383 4394 509 4468 fibram
527 4394 689 4487 germinis
700 4392 750 4465 sui
774 4396 950 4481 inJacobo
963 4417 1060 4475 tanta
1087 4397 1193 4471 subli·
1239 4393 1306 4489 fol.
1324 4401 1392 4467 XL.

385 4486 516 4565 mitaris
530 4486 642 4585 gloria
655 4489 780 4565 extulit
793 4519 803 4561 t
819 4512 855 4567 ut
870 4520 947 4573 eum
959 4494 1199 4570 &sacerdotio

386 4586 1194 4705 dignumt&tnartyremproseefficeretglo·
1304 4591 1357 4675 IN
1389 4594 1769 4672 CIRCUMClSlONE
1794 4586 2032 4689 DOMlng

305 4718 355 4792 40
385 4682 748 4875 piprsprprp·oecdpp;ttp)entp
761 4689 1196 4883 lplrelgrlleleainerlllltliltglpb‘pll:
1245 4698 1501 4962 Dominitid
1512 4690 1673 4889 isslgffrialiit
1689 4690 1858 4863 {wicum
1872 4783 1984 4860 induit
2001 4780 2054 4858 al·
2082 4810 2130 4883 95

388 4877 467 4953 loss
495 4880 529 4947 &
546 4884 705 4977 passionis
727 4884 887 4982 exemplo
901 4886 1030 4959 inllruit
1045 4885 1195 4960 securos.
1367 4883 1491 4973 lelujas
1510 4886 1558 4980 ἦ.
1580 4877 1694 4961 Induit
1709 4884 1876 4963 Dominus
1904 4883 2050 4957 sortitu·

388 4976 454 5050 llis
468 4974 577 5069 igttur
590 4978 685 5051 Deus
703 4980 805 5057 Pater
831 4982 1002 5057 eeclesiam
1027 5006 1128 5075 quarn
1144 4982 1197 5057 vi·
1243 4982 1401 5055 dinem&
1415 4986 1587 5080 precinxit
1603 4986 1657 5056 se.
1672 4996 1716 5055 v.
1726 4981 1875 5066 Alleluia
1889 5030 1900 5053 .
1913 4977 2054 5071 sbGlo-

277 5112 279 5117 ·
386 5093 474 5181 verpe
491 5072 629 5148 edocuit
643 5076 778 5153 verbo:
795 5102 884 5152 nunc
901 5101 999 5177 tegat
1018 5080 1205 5179 suffragio„
1245 5078 1296 5151 ria
1309 5080 1343 5150 &
1359 5082 1475 5153 honor
1489 5082 1583 5157 Patri
1598 5085 1633 5155 δι
1649 5080 1787 5161 Filio&
1804 5079 1948 5173 Spiritui
1963 5080 2053 5149 Sau-

304 5182 354 5277 ᾗς
386 5170 522 5261 Cuique
536 5168 620 5247 olim
636 5178 912 5261 remunerandam
938 5177 1116 5270 predicans
1132 5202 1195 5250 ex·
1244 5173 1304 5250 ἂο
1320 5174 1354 5247 in
1372 5177 1482 5251 secula
1495 5177 1686 5267 seculorum
1699 5202 1819 5252 amen·
1840 5172 2053 5264 onlleluja.

384 5266 496 5341 hibuit
512 5264 636 5344 fideus
666 5292 753 5341 nunc
780 5274 936 5366 precibus
952 5274 1125 5368 impendat
1143 5274 1196 5349 sa·
1585 5280 1724 5349 oratio.
2083 5296 2148 5351 roo

383 5362 516 5438 lutema
536 5387 573 5438 ut
587 5388 660 5439 eam
674 5383 809 5441 tueatur
828 5372 1024 5463 patrocinio
1047 5369 1204 5473 indefes·⁴
1349 5370 1440 5445 Odie
1455 5373 1552 5448 nobis
1568 5371 1770 5449 thesaurus.
1798 5372 1956 5475 Qerein
1971 5374 2055 5467 NJ·

384 5462 448 5536 sot
479 5460 524 5533 ob
539 5469 632 5551 cujus
646 5462 900 5541 edificationem
917 5465 1039 5557 meruit
1055 5470 1097 5540 de
1112 5490 1200 5543 coo·
1373 5468 1444 5540 tale
1460 5472 1597 5543 Domini
1605 5469 1841 5559 sublimis.

384 5560 554 5672 summato
583 5558 737 5634 exultare
765 5565 964 5659 martyrio,-
984 5568 1051 5641 l’er
1073 5586 1109 5639 te
1123 5564 1201 5641 Do·
1298 5564 1410 5637 cestio
1423 5566 1524 5663 Esaye
1533 5566 1719 5662 prophete·
1902 5576 2055 5641 rrchrr.

308 5686 355 5761 ιο
385 5676 482 5731 mine
497 5682 535 5734 ac
546 5660 766 5756 Redemptor
777 5681 899 5735 eterne
915 5708 927 5733 .
1352 5664 1411 5735 EC
1424 5665 1508 5735 dicit
1523 5664 1692 5753 Dominus
1709 5711 1721 5735 .
1745 5669 1839 5743 Audi
1866 5689 1920 5739 me
1929 5667 2055 5745 Jacob:

694 5752 772 5841 Poll
779 5762 914 5855 pridie.
1374 5762 1409 5832 &
1424 5758 1523 5834 Israel
1545 5786 1645 5855 quem
1660 5788 1732 5859 ego
1748 5790 1841 5842 voco
1860 5814 1871 5837 .
1890 5766 1966 5863 Ego
1983 5763 2053 5862 ipse
2083 5780 2148 5853 105

280 5876 283 5883 ·
391 5850 638 6029 Conserva
650 5852 748 5929 Deus
763 5858 797 5928 in
814 5858 913 5932 nobis
931 5880 990 5933 tue
1005 5856 1201 5940 misericor·
1250 5884 1320 5957 ego
1347 5859 1499 5953 primus:
1528 5861 1563 5932 &
1590 5884 1660 5957 ego
1688 5862 1905 5938 noviomus.
1931 5864 2057 5937 Manus

502 5952 558 6023 dre
588 5952 740 6029 donumt
765 5958 822 6048 qui
839 5954 1018 6041 inlacobo
1043 5960 1078 6031 δι
1094 5960 1200 6035 meri·
1247 5981 1385 6054 quoque
1412 5980 1484 6033 meu
1509 5958 1828 6033 fundauitterram:
1851 5963 2056 6034 &dextera

386 6060 508 6120 rorum
520 6050 555 6121 δι
571 6051 720 6128 nominis
746 6052 947 6161 beneficium
976 6057 1087 6157 gratie
1112 6084 1202 6139 con·
1249 6080 1325 6133 mea
1339 6055 1451 6129 mensa
1465 6056 1511 6129 eil
1527 6053 1647 6131 celos·
1663 6056 1739 6161 sgo
1757 6082 1851 6138 voco
1866 6082 1930 6135 eos
1942 6065 1977 6134 dr
1992 6058 2056 6132 sta·

894 6170 901 6179 ·
1562 6182 1569 6191 ·
1682 6187 1685 6191 “
1972 6158 2059 6230 bunt
