4450 7209
472 768 563 854 §xx
917 749 959 836 n
996 749 1050 835 ·R
1096 752 1153 840 Ε
1212 747 1248 836 F
1307 750 1348 835 A
1407 748 1453 834 T
1511 746 1535 833 1
1596 748 1668 837 0.

467 870 709 973 cateridem
724 868 1041 982 verbis,litteris
1059 867 1302 984 vulgaribus,
1322 864 1491 953 fideliter
1509 869 1772 985 transcripta,
1797 863 1908 982 typis
1933 860 2087 956 edenda

464 1025 652 1093 cenaret·
678 1004 774 1105 Et,
805 987 1129 1105 quandoquidem
1156 989 1197 1072 in
1223 987 1386 1073 vetustis
1411 986 1622 1074 codicibus
1653 985 1836 1101 quadam
1870 986 2087 1075 inveniun-

466 1147 538 1210 tur
564 1119 757 1233 temporis
795 1109 941 1224 injuria
970 1107 1136 1218 deleta,
1177 1107 1385 1193 Ximenius
1416 1133 1655 1224 praeeperat
1673 1173 1696 1219 ,
1727 1136 1777 1193 ne
1808 1108 1983 1196 Ortisrus
2016 1106 2088 1194 ista

467 1268 620 1329 temere
650 1235 873 1350 suppleret,
903 1227 993 1338 sed,
1025 1229 1094 1314 ubi
1125 1226 1353 1344 supererant
1369 1226 1612 1340 fugientium
1640 1229 1867 1315 litterarum
1897 1225 2093 1342 vestigia,

454 1354 554 1481 fiili
580 1386 658 1445 non
687 1372 845 1441 mutato
870 1345 992 1437 dudiu
1009 1343 1087 1464 (a),
1119 1370 1164 1430 ut
1195 1347 1329 1431 locum
1361 1345 1569 1432 reficeret.
1601 1349 1709 1460 Ubi,
1737 1368 1835 1434 vero
1864 1374 1915 1433 ne
1935 1347 2092 1433 littera·

464 1507 558 1566 rum
596 1472 763 1587 quidem
804 1470 969 1585 vestigia
1009 1465 1284 1575 remanserat,
1326 1489 1406 1577 ut,
1438 1461 1648 1556 enucleata
1681 1464 1906 1577 veritate,
1944 1464 2096 1553 collato

445 1597 613 1705 ‚scilicet
652 1622 747 1679 cunr
779 1590 889 1677 sociis
921 1585 1079 1696 studio,
1115 1585 1279 1699 aliisque
1304 1585 1515 1673 codicibus
1553 1584 1768 1704 inspeslis,
1804 1589 1991 1673 lacunam
2034 1612 2098 1672 re·

468 1719 690 1803 stauraret.
727 1719 833 1830 Qua
872 1708 1021 1823 optimi
1058 1704 1276 1793 cardinalis
1318 1704 1506 1792 mandata
1546 1707 1761 1822 profitetur
1806 1707 1981 1795 Ortisrus
2022 1703 2097 1818 sc,

472 1861 621 1949 magno
660 1860 753 1918 eum
783 1829 951 1936 labore,
992 1855 1038 1912 ac
1066 1824 1223 1911 summa
1256 1824 1331 1910 fide
1362 1849 1579 1911 executum
1618 1826 1730 1936 esse,
1772 1826 1876 1912 vitia
1906 1824 2096 1937 quaedam

469 1950 784 2066 Orthogiaphiae
816 1948 853 2034 se
886 1945 1144 2054 emendasse,
1191 1944 1435 2058 fugientium
1467 1944 1831 2062 manuscriptorum
1868 1945 2095 2032 Librorum

471 2069 720 2180 caradieres,
760 2070 803 2153 in
835 2090 989 2152 veteres
1031 2068 1260 2152 litterarum
1299 2062 1438 2150 dudlus
1469 2084 1576 2150 novo
1605 2088 1836 2152 atramento
1878 2064 2097 2174 immisso,

474 2188 708 2298 revocasse,
747 2186 992 2295 sententias,
1025 2191 1065 2272 &
1097 2212 1212 2269 voces
1242 2181 1492 2295 distinxisse,
1531 2183 1699 2299 dispersa
1729 2183 1924 2274 Breviarii
1964 2183 2099 2270 officia

476 2314 518 2398 in
552 2336 681 2393 unum·
708 2305 905 2420 collegisse
933 2300 994 2420 (b)
1019 2369 1033 2414 ,
1063 2329 1187 2417 atque
1217 2302 1463 2390 coordinasse
1494 2303 1680 2390 testatur.
1718 2303 1843 2393 Aliud
1875 2302 2102 2416 quidquam

466 2426 694 2549 ,praestitisse
725 2425 763 2511 se
795 2427 964 2510 minime
996 2423 1183 2533 tradidit,
1214 2424 1432 2510 traditurus
1464 2425 1631 2535 utique,
1662 2424 1883 2510 erissalis
1917 2422 2104 2509 ordinem

477 2546 702 2655 mutasset,
734 2546 762 2632 sr
793 2544 988 2631 Rubricas
1016 2572 1172 2653 novas,
1205 2542 1406 2657 novasque
1432 2544 1679 2653 Orationes,
1715 2542 1929 2651 Missasve,
1961 2549 2105 2628 Moza·

478 2667 639 2752 rabibus
680 2688 800 2750 antea
838 2665 1074 2774 inusrtatas,
1112 2662 1162 2746 de
1190 2662 1342 2748 Missali
1369 2666 1603 2772 Toletano,
1643 2685 1713 2746 aut
1751 2661 1908 2749 aliunde
1953 2666 2105 2778 petitas

364 2795 392 2832 ¹
476 2784 712 2897 adjecisset.
742 2789 854 2869 Nam
885 2785 952 2869 sui
983 2786 1087 2867 bono
1120 2782 1335 2891 tacuisset,
1377 2811 1464 2893 qua
1496 2812 1589 2866 cnm
1623 2782 1738 2867 laude
1769 2783 1932 2867 editoris
1956 2783 2104 2896 ,palam

476 2903 563 2990 lieri
595 2925 815 3019 poterant,
846 2930 919 2988 nec
952 2902 1031 2987 srne
1059 2901 1207 2987 damno
1237 2900 1444 3006 editionis,
1479 2902 1708 2987 &editoris
1742 2902 1912 3007 macula,
1946 2894 2116 2987 taceri?-

364 3026 450 3117 126
479 3028 590 3112 Nam
622 3050 745 3107 nemo
775 3021 938 3136 negabit
969 3022 1041 3106 ista
1071 3020 1239 3126 onmia,
1274 3047 1363 3129 qua
1390 3022 1563 3104 recenset
1590 3023 1818 3129 Roblesrus,
1850 3019 2002 3106 Missali
2035 3048 2106 3134 po·

481 3141 601 3229 tuisse
626 3140 743 3252 adjici
776 3141 854 3226 stne
881 3139 1028 3225 damno
1058 3139 1314 3246 editioniS,s1
1334 3135 1573 3247 Ximeniur,
1603 3165 1673 3225 aut
1707 3141 1838 3255 potius
1856 3141 2029 3228 Ortisrus
2058 3138 2108 3227 de

474 3260 761 3348 additamentis
778 3258 950 3373 posteros
970 3258 1210 3344 monuisset.
1242 3264 1325 3364 At,
1345 3261 1451 3344 nulla
1482 3261 1678 3374 pramil'sa‘
1698 3259 1988 3363 admonitione,
2008 3257 2108 3344 Mis·

477 3379 556 3468 sale
575 3378 767 3495 potuisse,
788 3378 867 3461 srne
884 3376 1033 3464 damno
1051 3377 1258 3482 editionis,
1279 3377 1532 3492 interpolari,
1552 3408 1672 3463 nemo
1691 3408 1768 3462 non
1793 3380 1976 3493 negabit.
1998 3379 2106 3498 Quis

476 3499 715 3584 autemsme
741 3495 968 3581 testimonio
986 3498 1195 3611 Scriptoris
1215 3494 1377 3604 idonei,
1409 3499 1714 3611 &synchroni,
1748 3498 1819 3582 fibi
1848 3496 2010 3581 suadere
2042 3526 2109 3612 po·

480 3618 579 3704 terit
605 3615 858 3703 cardinalem
879 3616 1113 3700 Ximenium
1146 3617 1278 3698 virum
1311 3616 1512 3727 probum,
1545 3623 1583 3703 8<
1616 3617 1870 3733 prudentem,
1902 3619 2110 3731 egregium

483 3763 584 3852 opus
603 3733 773 3821 Missalis
799 3735 1047 3819 Mozarabici
1081 3732 1240 3836 vitiari,
1273 3734 1441 3847 posteros
1472 3735 1624 3850 decipi,
1655 3737 1753 3820 ritus
1775 3742 2005 3843 Romanos,
2039 3738 2110 3851 prd

368 3883 449 3971 127
481 3854 761 3964 Mozarabicis,
779 3854 1038 3963 recentiores,
1050 3881 1123 3968 pro
1149 3852 1325 3963 antiquis
1345 3852 1544 3937 venditari
1563 3849 1755 3940 voluisse?
1772 3862 1831 3942 At
1859 3855 1992 3965 inquit
2010 3861 2112 3940 P.Le

481 3984 618 4085 Brun,
645 3973 760 4058 series
790 3975 948 4086 antiqui
974 3974 1074 4058 ritus
1092 3971 1260 4059 Gothici
1292 3971 1580 4084 ignorabatur,
1613 3972 1715 4059 unde
1733 3973 1885 4062 Ortisro
1902 4036 1928 4080 ,.
1947 3972 2112 4082 ejusque

482 4093 595 4181 sociis
613 4091 763 4180 necesse
785 4093 879 4200 fuit,
899 4091 1360 4199 MissaleMozarabum,
1381 4094 1494 4176 novis
1514 4093 1666 4176 -ritibus
1699 4121 1720 4175 e
1742 4091 1892 4176 Missali
1910 4093 2114 4177 Toletano

483 4213 646 4331 petitis,
677 4210 889 4318 instruere,
914 4235 964 4294 ut
985 4208 1110 4295 Missa
1128 4211 1386 4296 Mozarabica
1416 4209 1600 4326 expedite
1631 4212 1896 4298 celebraretur
1922 4207 2003 4326 (c).
2035 4217 2115 4296 De·

484 4358 578 4419 mus
609 4332 687 4417 hoc
717 4337 759 4416 P.
779 4336 838 4416 Le
867 4338 1003 4416 Brun.
1051 4336 1111 4416 At
1143 4354 1251 4413 certe
1283 4327 1435 4414 necesse
1473 4359 1552 4415 non
1593 4331 1671 4415 suit
1705 4354 1835 4415 tacere
1884 4328 1932 4413 de
1963 4329 2115 4415 addita·

341 4557 343 4561 ἲ
482 4450 637 4538 mentis
668 4448 772 4559 illis,
804 4453 843 4534 8<
871 4448 1042 4563 posteros
1073 4449 1228 4534 blentio
1255 4448 1487 4558 fallere,·ut
1515 4450 1721 4562 crederent
1751 4451 1851 4535 nihil
1873 4447 2026 4535 Missali
2056 4450 2117 4535 in·

485 4572 733 4686 terpolatum
767 4568 913 4654 fuisse.
944 4575 1084 4685 Quare
1115 4568 1143 4653 sr
1174 4567 1271 4679 quid
1312 4567 1507 4679 ejusmodi
1536 4568 1718 4654 additum
1751 4569 1903 4656 Missali
1934 4568 2117 4678 fuisset,

486 4689 693 4800 Ortisrus,
726 4710 868 4804 utpote
895 4690 960 4773 vir
986 4688 1162 4803 probus,
1193 4686 1242 4772 de
1269 4714 1318 4772 eo
1347 4688 1515 4774 minime
1546 4688 1980 4793 tacuisset.,1³0namns
2001 4691 2115 4775 enim

482 4808 716 4917 Ortisrum,
755 4810 808 4893 ob
834 4808 1103 4923 ignorantiam
1134 4805 1291 4918 antiqui
1318 4807 1417 4892 ritus
1435 4809 1634 4918 Gothici,
1665 4804 1848 4893 tondum
1879 4808 1993 4893 fuisse
2014 4816 2119 4897 Ora·

483 4927 615 5013 tiones
642 4926 828 5036 aliquot,
861 4931 901 5012 8(
928 4929 1084 5040 aliquot
1108 4925 1303 5013 Rubricas
1330 4954 1353 5010 e
1376 4927 1524 5012 Missali
1542 4929 1743 5014 Toletano
1771 4929 1811 5012 in
1841 4927 2002 5013 Missale
2025 4933 2119 5013 Mo·

483 5045 675 5133 zarabum
717 5044 969 5153 transferre,
1009 5073 1140 5131 nonne
1171 5047 1220 5131 ¹8c
1260 5045 1424 5130 solertia
1453 5049 1539 5132 =suae
1578 5047 1737 5157 laudem
1777 5045 2004 5152 retulisset,
2036 5045 2119 5160 'qui

364 5179 395 5279 J
488 5161 623 5281 paucis
641 5162 855 5271 Rubricis,
886 5163 1223 5277 Orationibusque
1253 5161 1442 5276 adjeslis,
1469 5167 1583 5253 usum
1601 5167 1793 5280 Liturgiae
1813 5165 2121 5282 Gotho-Hispa·

444 5347 449 5354 -
485 5311 547 5373 nae
563 5280 797 5396 expeditum
816 5280 1072 5394 reddiderat,
1102 5288 1143 5370 8(
1170 5281 1261 5369 fidei
1291 5287 1470 5401 pariter,
1496 5289 1592 5402 qui,
1623 5287 1671 5393 de
1690 5285 1764 5370 hac
1785 5312 1828 5369 re
1855 5309 1963 5391 tota,
1998 5283 2120 5371 lesio·

486 5431 551 5492 res
580 5399 745 5489 candide
775 5427 1020 5512 monuerat,
1059 5407 1107 5493 dc
1128 5403 1369 5491 recentiores
1393 5407 1501 5492 ¹ritus
1541 5404 1798 5517 abantiquis
1840 5404 2076 5490 distinxerat
2093 5398 2118 5489 ⁵?

488 5519 568 5613 Sed
591 5551 687 5611 cum
703 5521 889 5631 Ortifius,
900 5521 1041 5611 nullibi
1064 5523 1206 5611 innuat
1232 5522 1271 5611 se
1298 5517 1513 5615 inMiscali
1542 5525 1770 5641 quidquam·
1792 5522 1978 5636 edidisse,
2009 5521 2122 5637 quod

2014 5647 2057 5730 in
2077 5647 2123 5733 li·

420 5884 430 5904 ·
541 5854 707 5946 (n)1br‘d.
854 5879 857 5882 ’
929 5887 932 5890 ’
1385 5860 1440 5949 (c)
1463 5861 1500 5928 P·
1516 5799 1633 5925 Petrus
1657 5855 1701 5922 Le
1717 5854 1832 5924 Brun.
1853 5853 1988 5945 Explie.
2019 5855 2126 5925 Mirr·

521 5947 601 6035 .(b)
622 5945 744 6009 Confer
757 5941 927 6031 epistolam
939 5941 1281 6015 DedicatoriamBrt·
1339 5945 1416 6018 Tm.
1435 5967 1592 6038 nes-3332
1706 6044 1710 6058 Ι
1737 6052 1742 6069 ⁸

497 6029 607 6125 niario
621 6031 832 6126 Moserebito
845 6033 1065 6131 premillqmg
