4450 7209
580 788 1332 881 PRAEFATIO.
1632 820 1760 889 imi

142 914 293 1021 tbica,
325 905 390 995 sed
420 905 460 993 in
487 907 653 1019 Gallia,
692 917 939 999 Francorum
975 908 1146 1025 imperio
1176 910 1587 1021 subditajusitatum
1616 920 1759 1008 fuisse.
1911 946 1915 955 ’

102 1102 108 1113 ,
138 1044 373 1129 Occurrunt
406 1034 516 1117 enim
550 1031 602 1155 ἰηκ
622 1032 700 1115 hoc
728 1030 875 1119 Millali
905 1028 1205 1117 consuetudines
1232 1031 1417 1146 quadam
1443 1038 1764 1149 Ecclesiastica,

141 1184 242 1271 quas
274 1150 450 1241 Ecclesia
478 1140 816 1267 Gotho-Hispana
856 1179 937 1238 non
976 1151 1252 1239 admittebat.
1291 1160 1395 1239 Puta
1420 1161 1666 1272 Rogationes
1698 1162 1772 1251 tri·.

138 1276 221 1363 duo
251 1298 346 1358 ante
364 1273 648 1360 Ascensionem
680 1274 917 1380 celebrata,
949 1276 989 1358 &
1014 1272 1222 1391 Jejunium
1251 1273 1619 1390 quadragesimale,
1662 1281 1765 1366 inte·

141 1398 224 1515 gris
258 1394 526 1507 quadraginta
557 1391 694 1477 diebus
725 1392 953 1478 el'urialibus
984 1392 1200 1477 constans.
1240 1395 1403 1480 Notum
1432 1420 1570 1485 autem
1602 1398 1658 1483 est
1688 1406 1768 1487 Ec·
1867 1474 1869 1479 .

137 1517 277 1603 clesias
305 1516 446 1602 Gallia
476 1514 660 1601 Gothicae
687 1513 845 1598 eosdem
876 1514 1009 1621 ritus,
1039 1511 1278 1625 easdemque
1309 1514 1610 1605 consuetudines
1628 1522 1766 1607 Eccle-

136 1636 308 1725 fiiiiieas
337 1634 549 1744 habuisse,
586 1660 709 1745 atque
741 1630 1129 1747 Gotho-Hispanas.
1170 1639 1235 1719 De
1265 1637 1560 1750 Rogationibus
1591 1638 1884 1753 minimeaui,

136 1753 464 1869 ambigendum,
506 1754 864 1867 quandoquidem,
905 1777 1000 1838 ante
1030 1752 1196 1839 Missam
1221 1752 1500 1869 Ascensionis,
1542 1758 1767 1849 inMissali

138 1878 352 1981 Gothico,
385 1873 449 1957 seu
479 1875 794 1961 Gallo-Gothico
824 1873 1086 1958 inveniuntur
1117 1898 1196 1959 tres
1226 1876 1377 1986 Missae,
1418 1876 1592 1965 totidem
1628 1878 1768 1965 diebus

137 1997 446 2111 Rogationum,
478 1994 749 2079 celebranda.
779 2000 844 2079 De
871 1993 1028 2111 Jejunio
1060 2022 1158 2077 vero
1189 1993 1544 2107 quadragesimali,
1577 1998 1683 2111 quod
1714 2000 1767 2085 ab

139 2117 223 2223 iis,
256 2118 326 2225 qui
360 2116 436 2196 hoc
469 2116 615 2199 Mill-ali
648 2116 895 2223 utebantur,
926 2113 1064 2197 diebus
1096 2112 1261 2228 integris
1294 2116 1558 2233 quadraginta
1590 2118 1762 2211 esuriali-

139 2235 211 2321 bus
246 2234 494 2317 celebratum
522 2235 678 2342 suerit,
719 2233 827 2318 haud
857 2232 1018 2318 obscure
1050 2231 1202 2318 indicat
1232 2228 1363 2339 oratio
1398 2230 1489 2355 post
1517 2234 1689 2329 Sanslus
1715 2239 1763 2325 il·

139 2356 212 2443 lius
237 2352 395 2457 Missa,
426 2382 515 2463 qua
546 2354 664 2438 initio
691 2349 1022 2472 Quadragesimae‘
1043 2354 1285 2468 assignatur.
1317 2361 1460 2468 Nam,
1491 2388 1584 2443 cuin
1618 2359 1674 2441 ibi
1704 2359 1764 2444 di·

139 2472 252 2559 stum
298 2472 344 2555 fit
371 2474 574 2558 Christum
602 2478 830 2559 Dominum
871 2477 911 2559 iii
940 2473 1117 2585 Moyse,
1156 2479 1196 2560 8<
1229 2476 1354 2583 Elia,
1395 2506 1467 2593 per
1499 2476 1791 2593 quadraginti

137 2593 220 2679 dies
254 2591 546 2703 jejunantibus,
579 2595 939 2711 quadragesimam
965 2593 1179 2705 dedicasse,
1212 2594 1412 2683 subditur:
1447 2595 1606 2685 Deinde
1632 2595 1764 2685 etiam
1858 2599 1860 2603 ’

139 2708 185 2804 in
204 2707 286 2841 suo
305 2708 394 2827 ipse
418 2710 598 2825 jejunio,
632 2713 797 2802 eandem
823 2743 987 2802 numero
1013 2710 1174 2801 dierum
1203 2712 1356 2827 jejunii
1378 2712 1687 2831 solemnitatem
1705 2709 1772 2830 st?v

135 2822 394 2955 gmficnvit,
427 2857 474 2919 ut
499 2830 607 2949 quod
632 2830 721 2947 ipse
740 2832 939 2923 Dominus
964 2830 1011 2922 in
1029 2825 1156 2951 nostri
1184 2832 1365 2951 corporis
1383 2827 1658 2953 infirmitate,
1686 2856 1767 2951 pro

140 2938 257 3043 nobis
284 2954 447 3069 jugiter
471 2950 516 3038 in
533 2948 811 3072 quadraginta
831 2948 973 3042 diebus
992 2948 1207 3068 explevit,
1237 2951 1283 3040 id
1299 2987 1371 3042 nos
1396 2951 1471 3045 vel
1498 2953 1764 3065 minutatim,

137 3102 290 3161 nonam
320 3104 499 3159 numano
521 3106 723 3184 niciruu,
753 3069 910 3162 calculo
935 3066 1158 3189 distributa
1185 3064 1479 3184 observantia,
1508 3069 1768 3189 vespertinis

138 3188 431 3301 teyefliouibus
446 3189 684 3312 studeamus
711 3190 895 3281 imitati.
923 3193 1081 3313 Quibus
1107 3218 1273 3308 apperet
1302 3192 1374 3277 hos
1402 3195 1576 3279 solemne
1596 3194 1766 3305 quadra·

137 3316 327 3429 gesimale
349 3316 569 3426 jejunium,
597 3346 675 3401 non
703 3316 839 3399 diebus
858 3315 923 3399 seir
944 3322 984 3399 d<
1005 3314 1195 3427 triginta,
1224 3311 1287 3396 led
1314 3314 1476 3428 integris
1496 3314 1633 3398 diebus
1662 3341 1759 3425 qua·

138 3435 324 3549 draginta
343 3436 602 3538 eliiriilibus,
636 3439 778 3548 quibus
809 3438 969 3548 vespere
995 3435 1302 3543 reficiebantur,
1331 3433 1595 3519 constituisse.
1620 3441 1763 3546 Atque
1911 3510 1914 3519 .

137 3555 237 3639 adeo
265 3584 346 3639 non
376 3557 752 3670 quadragesimam,
783 3555 846 3639 sed
875 3555 1284 3667 quinquagesimam,
1318 3555 1542 3641 &sortasse
1575 3553 1767 3668 sexagesi-
1797 3560 1799 3567 '

138 3704 275 3784 mam,
303 3703 374 3759 aut
403 3676 727 3789 septuagesimam
759 3675 1005 3759 observasse.
1043 3679 1136 3759 Non
1168 3675 1277 3757 enim
1305 3670 1464 3790 jugiter
1496 3673 1765 3788 quadraginta

136 3795 297 3881 dierum
317 3796 511 3907 jejunium
533 3800 817 3902 observabant,
850 3795 911 3879 sed
933 3791 1193 3901 minutatim,
1223 3795 1298 3878 hoc
1326 3795 1379 3878 est
1401 3796 1649 3909 interpolatis
1679 3794 1765 3905 qui·

138 3918 306 4003 buldam
341 3916 477 3999 diebus
506 3946 583 4000 non
612 3918 869 4001 esurialibus.
904 3922 1005 4002 Sunt
1039 3919 1077 3998 8<
1111 3915 1189 3997 alia
1221 3915 1360 4026 plura,
1391 3944 1478 4026 quae
1509 3916 1642 4015 afferri
1679 3912 1764 4028 pos·
1910 3942 1912 3947 ·

120 4034 227 4124 sunt
257 4102 271 4145 ,
304 4036 369 4120 sed
403 4038 485 4121 liae
517 4036 596 4119 duo
630 4040 827 4122 sufficiunt
871 4033 1200 4150 adprobandum
1237 4034 1391 4119 Millale
1434 4037 1509 4118 hoc
1549 4037 1588 4117 iu
1631 4034 1765 4120 Gallia

135 4158 319 4247 Gothic-a
351 4156 545 4240 usitatum
576 4188 653 4242 non
684 4157 818 4242 fuisse.
849 4155 1005 4239 Mill-ale
1026 4149 1268 4261 Gothicum,
1303 4156 1382 4239 sive
1402 4148 1761 4241 Gallo-Gothicum
1794 4178 1874 4268 295
2019 4256 2027 4271 ,
2058 4205 2076 4221 κ

137 4278 325 4365 ordinem
367 4278 620 4363 Gallicanum
659 4278 700 4362 iri
742 4276 866 4362 Missis
906 4278 1144 4389 plerumque
1187 4276 1389 4383 retinuit,
1440 4274 1489 4357 de
1531 4274 1766 4388 qu,0‚supe·

138 4399 221 4483 rius
265 4397 359 4482 latis
392 4394 545 4481 dilium
576 4396 660 4483 est.
703 4402 768 4482 Ne
800 4396 933 4480 dicam
966 4426 1103 4480 omnes
1145 4396 1263 4503 hujus
1304 4397 1395 4480 libri
1422 4396 1558 4480 Missas
1589 4397 1766 4480 sormam
1816 4400 1822 4413 '
1931 4492 1936 4505 ι

142 4520 399 4606 Gallicanam
437 4518 654 4622 retinere,
701 4518 888 4643 prohibet
938 4519 1135 4627 rubrica,
1187 4516 1251 4599 die
1281 4517 1402 4599 tertia
1445 4516 1764 4628 Rogationum,

138 4638 226 4754 poll
247 4631 570 4737 lmmolationam
600 4635 774 4746 adjesia.
807 4628 903 4748 Post
921 4634 1115 4743 suiuus,
1131 4657 1209 4752 per
1236 4654 1347 4723 totas
1363 4658 1450 4720 tres
1471 4629 1617 4747 Missas
1636 4629 1762 4719 dicis:

138 4765 263 4845 Hanc
290 4754 427 4877 igitur
451 4750 697 4844 oblationem
720 4750 896 4865 fausta
923 4778 1004 4840 tuae
1032 4748 1113 4842 tibi
1144 4748 1347 4872 adstantis
1373 4749 1461 4844 &a
1501 4758 1540 4839 δι
1566 4752 1765 4865 subjungi·

140 4900 213 4963 tur
243 4907 371 4968 canon
408 4885 616 4965 Romanus
628 4908 649 4985 ··,
680 4874 794 4959 causa
826 4874 1086 4959 solemnitatis
1119 4877 1430 4990 Rogationum,
1462 4874 1768 4989 interpolatus,

140 5000 214 5113 qui
244 5000 410 5107 saltem,
438 5000 490 5081 ab
518 4997 579 5080 his
607 4997 738 5080 verbis
761 5059 775 5100 ,
807 4990 914 5085 uana
940 4991 1075 5110 igitur
1093 4989 1181 5083 &a
1211 4995 1483 5103 recitabatur,
1516 4993 1619 5079 unde
1646 5020 1769 5108 appa·

140 5142 208 5206 ret
235 5118 372 5203 Missas
400 5118 674 5233 Rogationum
698 5115 924 5201 Gallicanas
954 5143 1031 5198 non
1064 5115 1198 5224 fuisse,
1230 5114 1294 5201 led
1323 5114 1564 5223 Romenl'es,
1593 5116 1769 5200 eLirur·

140 5238 212 5355 gia
228 5240 460 5346 Gallicana,
492 5242 532 5324 8<
553 5242 737 5322 Romana
758 5237 1024 5349 compositas.
1051 5243 1143 5344 An,
1166 5264 1306 5350 prater
1324 5237 1458 5320 Missas
1475 5236 1767 5348 Rogationum,
1800 5241 1884 5339 296

141 5358 234 5445 alia
263 5360 339 5443 sint
366 5358 493 5445 Missa
525 5356 642 5469 liujus
674 5356 796 5463 libri,
828 5355 877 5438 ad
903 5356 1082 5439 ordinem
1113 5356 1356 5442 Romensem
1389 5356 1665 5469 pertinentes,
1699 5380 1787 5437 nec.

140 5478 336 5569 asserere·
363 5508 408 5563 ro
434 5503 570 5583 cert0,
602 5505 732 5587 neque
761 5504 901 5591 negare
923 5477 1044 5559 volo.
1074 5474 1253 5560 Dubium
1287 5502 1452 5560 movent
1475 5476 1597 5560 Missa
1621 5476 1774 5586 plures,

140 5599 185 5689 iu
205 5509 535 5717 coiitessntiouem
562 5596 807 5702 desinentes,
840 5600 878 5681 8<
899 5597 1105 5707 exemplar
1127 5591 1236 5709 Mass
1240 5626 1257 5679 e
1287 5592 1522 5682 cottidiana
1546 5587 1769 5704 Romtnjis,

141 5720 186 5807 in
208 5720 287 5805 line
302 5718 464 5805 Codicis
491 5717 736 5832 appositum.
770 5726 851 5801 Cur
880 5718 986 5798 enim
1017 5714 1109 5798 illud
1141 5740 1410 5829 apponerent,
1432 5715 1499 5797 nisi
1524 5737 1567 5796 ut
1588 5710 1675 5796 inde
1704 5706 1776 5794 de?

141 5840 352 5927 sumerent
378 5844 585 5922 (janonem
617 5842 872 5940 Romanum,
901 5835 1165 5919 &orationes
1194 5838 1379 5945 aliquot,
1412 5863 1498 5944 qua
1530 5834 1653 5917 Missis
1681 5832 1767 5943 qui·

124 5950 313 6057 'busdam
333 5955 592 6051 deficiebant.
619 5955 985 6053 sacramentarium
1007 5957 1256 6066 Bobianum,
1284 5954 1490 6049 &Missale
1511 5954 1762 6047 Gallicanum
1799 5979 1816 6034 r
1824 5981 1850 6062 9
1856 5982 1880 6068 7

829 6118 833 6125 ·
996 6154 999 6161 .
1101 6076 1118 6167 l
1448 6136 1451 6145 ι
1626 6099 1767 6184 vetus,
