4450 7209
606 754 1406 845 novrurnsnoutnm
1546 727 1551 733 ’
1668 803 1685 812 -
1803 798 1842 857 n

140 863 231 944 lesus
248 860 403 935 Christus
432 876 507 934 tutu
536 856 682 933 venisset
710 859 843 955 Betpha
871 883 890 929 e
923 860 965 930 ad
995 859 1158 933 ‘'sottabit
1175 884 1226 935 me
1247 858 1434 934 similitudo
1449 857 1514 938 lilii
1529 859 1708 948 hominist
1732 877 1768 950 dt
1788 883 1843 952 di·
1877 898 1927 972 55
1954 938 1958 943 .

93 966 97 971 ’
146 967 303 1036 'montem
317 957 472 1033 Olivetia
504 955 597 1031 mifit
614 957 701 1031 duos
715 884 898 1050 discipulos
914 956 966 1027 di·
1013 957 1067 1027 xit
1093 953 1216 1029 Daniel
1241 959 1428 1034 veritatem
1455 966 1626 1041 annuncio
1653 971 1742 1044 tibia
1772 1001 1842 1075 ego

145 1081 224 1131 cens
241 1058 321 1130 eis.
348 1057 400 1135 Ite
415 1057 450 1128 in
467 1049 636 1130 castellum
651 1057 746 1145 quod
759 1073 881 1126 contra
897 1077 964 1127 vos
1013 1052 1084 1127 sum
1095 1051 1242 1128 Michael
1260 1055 1421 1150 princeps
1446 1077 1615 1157 magnus,
1643 1069 1678 1139 δι
1707 1072 1782 1145 dixi
1799 1076 1842 1148 ad

145 1155 190 1227 eli
204 1182 215 1224 r
227 1157 263 1228 δι
277 1153 387 1235 statim
413 1151 596 1226 invenietis
616 1150 738 1224 asinam
766 1148 963 1246 alligatam:
1015 1175 1120 1227 eume
1149 1153 1331 1246 quomodo
1347 1159 1456 1247 potest
1471 1157 1589 1235 servus
1604 1159 1760 1241 Domini.
1784 1168 1840 1245 10.

106 1248 325 1349 idtpullum
340 1273 416 1327 cum
430 1246 853 1333 ea;solvite&adducite
867 1247 962 1323 mihi.
1014 1249 1160 1339 quicum
1176 1250 1605 1332 Dominosuoulocutus
1628 1263 1835 1340 elidicens.
1890 1285 1894 1300 ·

91 1408 98 1450 1
143 1349 300 1442 Etfiquis
316 1348 417 1421 vobis
433 1344 561 1444 aliquid
574 1343 728 1418 dixerit:
755 1345 861 1416 dicite
886 1345 964 1438 quia
1013 1345 1290 1421 muenedicite.
1682 1399 1684 1402 >
1869 1369 1919 1439 50

142 1446 317 1522 Dominus
330 1445 382 1518 his
397 1465 485 1538 opus
501 1446 627 1518 habet·
659 1442 702 1514 Et
717 1443 892 1517 confestim
910 1441 964 1514 di·
1101 1440 1181 1533 iffa.
1202 1446 1304 1518 Dicat
1319 1444 1439 1519 Presb.
1452 1449 1625 1528 Dominus
1641 1458 1683 1532 fit
1700 1456 1835 1560 semper

141 1543 265 1619 mittet
279 1566 366 1616 eos.
393 1545 474 1616 Hoc
488 1562 603 1617 autem
622 1540 744 1613 fadum
757 1541 827 1611 esta
850 1558 889 1610 ut
901 1537 965 1610 im·
1013 1539 1217 1615 vobiscum.
1239 1554 1287 1634 lja.
1307 1545 1457 1619 Etcum.

141 1640 299 1739 pleretur
311 1641 406 1733 quod
418 1639 546 1714 dietum
563 1640 609 1710 est
621 1637 892 1732 perProphetam
908 1635 964 1706 di·
1016 1641 1097 1818 C
1114 1640 1351 1715 Onfortentur
1365 1648 1471 1736 queso
1485 1648 1721 1729 DomineJesu
1734 1658 1839 1733 Chri·

85 1756 117 1806 ιο
141 1756 307 1816 mntem.
336 1735 454 1820 Dicite
467 1734 537 1810 filie
550 1739 671 1830 Syona
699 1756 780 1806 ecce
795 1735 872 1805 Rex
885 1752 965 1804 tuus
1124 1734 1169 1806 lle
1203 1737 1237 1808 in
1261 1741 1414 1814 adventu
1439 1764 1500 1817 tuo
1527 1751 1632 1825 corda
1655 1750 1831 1829 fidelium:
1905 1772 1911 1803 ς

85 1888 87 1895 -
141 1830 550 1911 venittibimansuetura
584 1833 701 1905 sedens
715 1831 815 1926 supet
841 1829 963 1905 asinam
1013 1848 1144 1922 tuoque
1159 1831 1193 1901 in
1219 1838 1360 1909 nomine
1376 1863 1490 1934 genua
1517 1846 1724 1921 roborentur
1740 1850 1837 1923 debi·
1866 1852 1916 1940 65

85 1946 90 1955 '
139 1929 322 2029 &pullum
346 1928 680 2025 filiumsubiugalis·
709 1928 963 2002 Euntesautem
1013 1923 1187 2002 liumztua
1199 1932 1395 2016 visitatione
1406 1958 1568 2014 curentur
1580 1940 1838 2045 vulueraegro·

138 2025 298 2127 discipuli
311 2055 322 2096 a
335 2030 509 2101 ·secerunt
538 2028 624 2099 licut
647 2026 809 2123 precepit
826 2021 890 2098 illis
907 2023 963 2107 Je·
1012 2043 1125 2099 torum
1140 2042 1272 2123 tuoque
1288 2034 1378 2107 tastu
1388 2033 1480 2107 oculi
1497 2032 1837 2118 illuminenturceco.

138 2127 220 2201 sus.
247 2123 519 2202 Etadduxerunt
534 2125 656 2200 asinam
681 2125 716 2193 ἃ
747 2122 901 2218 pulluma
926 2127 963 2200 &
1011 2146 1103 2195 rum:
1135 2141 1199 2196 tuo
1216 2128 1382 2223 regimine
1396 2132 1537 2228 velligia
1552 2138 1732 2214 firmentur
1743 2140 1836 2216 clau·

85 2247 109 2322 :5
140 2223 377 2322 imposuerunt
394 2224 493 2317 super
510 2245 571 2297 eos
590 2218 790 2297 vestimenta
818 2222 899 2296 sua:
926 2227 961 2295 &
1010 2221 1156 2292 dorum:
1189 2239 1316 2315 tuaque
1334 2228 1553 2303 miseratione
1569 2233 1705 2308 vincula
1723 2236 1836 2314 absol·
1899 2272 1903 2278 ·

138 2346 219 2399 eum
234 2319 379 2416 desuper
391 2320 511 2392 sedere
527 2320 707 2392 fecerunt·
738 2315 888 2393 Plurima
902 2346 963 2393 au·
1011 2335 1136 2389 vantur
1148 2322 1362 2405 peccantium
1378 2351 1388 2393 a
1415 2325 1566 2418 quosque
1595 2331 1758 2425 perspicis
1775 2339 1834 2408 ada
1859 2351 1908 2424 70

102 2436 109 2447 '
138 2440 212 2494 tem
226 2418 326 2492 turba
341 2418 530 2491 straverunt
547 2417 750 2488 vestimenta
762 2415 818 2489 sua
831 2417 864 2487 in
881 2415 959 2490 via.
1012 2434 1155 2486 ventum
1170 2413 1254 2490 olim
1270 2422 1408 2511 mystice
1421 2424 1561 2515 perade
1589 2425 1833 2518 incarnationis

138 2515 212 2590 nlii
229 2515 530 2597 autemcedebant
558 2535 669 2588 ramos
698 2512 742 2583 de
756 2513 958 2588 arboribus:
1011 2527 1073 2580 tue
1103 2533 1191 2583 nunc
1234 2517 1481 2610 promptlffima
1510 2521 1703 2597 devotione
1733 2525 1835 2600 susti.

138 2615 173 2687 &
186 2613 382 2686 sternebant
394 2613 428 2684 in
443 2611 502 2684 via
517 2657 528 2678 ·
541 2612 656 2684 Turbe
669 2629 784 2682 autern
801 2635 865 2705 que
881 2635 961 2707 pre·
1010 2631 1121 2699 pere:
1150 2610 1216 2682 hos
1243 2613 1348 2684 facito
1364 2613 1595 2689 infecundum
1627 2622 1747 2708 judicii
1775 2625 1827 2697 tui

87 2735 110 2787 ο
136 2712 331 2800 cedebant,
356 2712 392 2780 δι
408 2733 474 2803 que
491 2707 741 2800 sequebantur:
768 2704 959 2783 clamabant
1012 2705 1198 2779 adventum
1212 2708 1253 2778 ad
1267 2727 1302 2780 te
1316 2706 1553 2786 exultantibus
1570 2714 1688 2790 animis
1707 2742 1833 2812 perve-
1886 2728 1912 2771 ·‘-

136 2808 317 2887 dicentesa
343 2804 481 2880 Osanna
506 2803 583 2878 filio
595 2804 710 2879 David
727 2830 737 2870 a
764 2805 963 2896 benedisius
1010 2801 1111 2872 nire:
1140 2821 1243 2894 atque
1258 2803 1293 2876 in
1307 2809 1491 2883 amenitate
1505 2813 1648 2903 paradisi
1666 2817 1833 2899 iocunda·
1855 2828 1906 2900 75

136 2905 194 3003 qui
219 2907 321 2980 venit
346 2903 383 2976 in
408 2901 547 2978 nomine
576 2900 742 2975 Domina
776 2901 899 2979 osanna
924 2902 960 2973 in
1010 2918 1109 2973 turos
1139 2897 1323 2976 inducere:
1352 2925 1391 2978 ut
1417 2906 1458 2976 ab
1490 2911 1618 2980 eternis
1645 2912 1743 3005 penis
1771 2931 1833 2987 tua
1904 2898 1906 2903 ¹

135 3001 332 3079 altitunis.
356 3001 487 3074 Etcum
501 2997 650 3075 intrasset
665 2997 932 3073 Hierosolimam
948 3024 959 3067 a
1010 2993 1193 3069 clementia
1207 2992 1340 3072 liberati
1358 3030 1368 3070 a
1395 2997 1535 3094 viteque
1552 3022 1673 3077 eterne
1689 3011 1835 3102 partiti⁴

134 3118 313 3175 commota
327 3097 374 3169 r'st
391 3098 544 3171 universa
557 3097 681 3168 civitas
696 3097 840 3170 dicens.
868 3097 955 3187 Qis
1011 3116 1072 3189 pes
1089 3090 1190 3165 fadis
1216 3091 1330 3187 glorie
1348 3117 1407 3172 tue
1425 3100 1610 3174 decantent
1626 3100 1734 3176 laudis
1748 3129 1831 3178 cau·

88 3215 104 3289 5
134 3198 285 3291 esthic?
311 3192 435 3290 Populi
462 3217 578 3269 autem
606 3191 791 3268 dicebant.
817 3195 885 3266 Hic
910 3193 958 3265 est
1011 3189 1117 3264 ticum
1133 3191 1318 3262 coronati.
1414 3195 1416 3198 ’
1881 3206 1913 3250 ’ἲ

110 3302 113 3309 “
133 3293 227 3369 lesus
242 3294 417 3388 propheta
433 3291 641 3364 aNazareth
660 3289 821 3363 Galilee.
848 3294 888 3364 Et
909 3289 961 3362 in·
1060 3300 1109 3376 132·
1124 3291 1261 3360 Amen.
1854 3285 1902 3357 80

133 3388 348 3472 travitlesus
362 3388 397 3460 in
415 3387 579 3482 templum
595 3386 689 3458 Dei:
716 3390 871 3474 &ejecit
883 3411 959 3463 om·
1247 3439 1250 3445 -
1363 3388 1477 3461 Alta:

135 3512 194 3560 nes
224 3505 380 3563 ementes
404 3487 440 3556 δι
461 3485 652 3561 vendentes
681 3487 713 3557 in
742 3483 899 3580 templo,
922 3486 958 3556 dt
1118 3479 1243 3555 Omine
1266 3481 1347 3566 lesu
1365 3487 1501 3560 Christe
1521 3486 1580 3581 ¹qui
1604 3486 1689 3564 olim
1705 3488 1831 3564 venissi

135 3583 267 3658 mensas
280 3580 588 3656 nummulariorum
603 3608 612 3649 ε
631 3584 666 3652 δι
681 3583 860 3657 cathedras
876 3605 959 3658 ven·
1127 3578 1281 3654 octultus
1310 3605 1385 3656 cum
1401 3584 1596 3678 apparueris
1614 3586 1804 3659 manifestus
1818 3608 1834 3656 a·

87 3698 108 3747 ο
135 3681 290 3755 dentium
317 3678 486 3757 columbas
514 3678 670 3752 evertit.
699 3680 740 3752 Et
766 3679 850 3754 dicit
883 3680 957 3752 eis.
1005 3678 1111 3747 assille
1127 3677 1301 3769 propitius
1318 3676 1523 3752 liberaturus
1551 3683 1713 3776 populum
1733 3703 1829 3757 tuum
1898 3690 1906 3719 ¹

134 3778 311 3873 Scriptum
335 3778 407 3858 est:
435 3782 556 3861 domm
574 3800 670 3848 mear
696 3776 956 3852 domusoratio-
1006 3773 1047 3841 ab
1063 3773 1244 3868 impiorum
1273 3775 1528 3850 &acriminum
1558 3782 1669 3874 iugo:
1698 3797 1738 3851 ut
1764 3778 1827 3851 tibi
1855 3763 1900 3852 85
1953 3815 1961 3827 e

132 3875 399 3951 nisvocabitura
425 3899 490 3951 vos
505 3893 618 3948 autem
633 3874 754 3948 fecillis
769 3871 860 3947 illam
876 3874 952 3971 spe·
1004 3865 1100 3960 plebs
1117 3889 1173 3943 tua
1190 3868 1319 3944 serviat
1336 3872 1369 3943 in
1392 3875 1572 3966 equitate:
1607 3899 1626 3943 a
1657 3898 1727 3965 quo
1743 3871 1831 3946 libe·
1957 3874 1961 3880 ’

132 3973 272 4049 luncam
296 3970 488 4048 latronum·
508 3973 557 4045 st
586 3975 793 4045 accesserunt
816 3972 858 4043 ad
874 3994 953 4049 eum·
1001 3984 1121 4039 rantur
1136 3966 1176 4040 ab
1191 3968 1282 4040 Omni
1297 3966 1467 4042 malorum
1482 3970 1729 4066 oppressione.
1827 3960 1833 3998 ³

131 4069 208 4142 ceci
231 4067 392 4145 &claudi
415 4068 449 4141 in
474 4066 627 4163 temploa
652 4071 687 4140 δι
713 4067 842 4141 sanavit
867 4094 954 4146 eos·
1053 4067 1255 4152 lla-Amen.

85 4202 103 4274 5
134 4168 302 4242 videntes
325 4186 440 4240 autem
466 4166 635 4266 principes
665 4167 886 4242 Sacerdotum
916 4174 953 4244 δι
1280 4159 1535 4261 ‘Postumium
1899 4214 1907 4232 ,

132 4262 542 4359 &maceriandumque
562 4265 669 4341 fecit:
699 4266 869 4356 &pueros
886 4265 954 4341 ela·
1102 4258 1213 4332 Hrille
1227 4260 1297 4336 Dei
1314 4259 1430 4334 filius:
1454 4269 1550 4348 cujus
1565 4260 1756 4336 incarnatio
1773 4285 1828 4334 rc·
1850 4267 1899 4336 90

130 4381 264 4448 mantes
280 4358 459 4454 intemplo
474 4365 509 4435 δι
523 4361 698 4437 dicentes.
725 4360 861 4434 Osanna
874 4362 963 4439 filio·
1103 4358 1235 4451 paravit
1251 4359 1410 4436 mnodum
1426 4385 1436 4427 a
1453 4361 1613 4453 cuiusque
1630 4383 1752 4431 nomen
1768 4383 1829 4431 an-

130 4458 248 4533 David
277 4485 288 4527 s
313 4459 480 4554 indignati
508 4457 609 4534 sunt:
634 4463 671 4533 &
709 4458 870 4530 dixerunt
892 4461 947 4532 ei.
999 4469 1106 4549 getica
1123 4457 1170 4527 est
1199 4479 1285 4529 voce
1301 4456 1564 4530 denunciatum.
1591 4457 1644 4527 Tu
1679 4457 1828 4528 offeren-

130 4556 242 4630 Audis
262 4556 348 4651 ¹quid
369 4556 426 4628 ¹illi
448 4556 596 4627 dicunt?
618 4557 711 4633 lesus
726 4572 839 4629 autem
857 4553 948 4629 dixit
998 4553 1082 4628 tium
1097 4554 1236 4624 nomina
1254 4550 1506 4625 illucatscribe=
1535 4575 1605 4646 quo
1618 4550 1689 4644 ipse
1705 4562 1833 4646 prece·

85 4686 105 4736 0
130 4653 200 4725 eis.
227 4655 379 4746 Utique.
410 4653 589 4745 Nunquam
619 4650 770 4750 legistisa
798 4650 875 4744 quia
903 4676 948 4724 ex
998 4648 1071 4741 pisti
1090 4649 1124 4718 in
1139 4672 1309 4741 corpore·
1333 4651 1378 4718 Ut
1394 4672 1480 4742 quos
1494 4651 1548 4722 hic
1566 4648 1730 4720 adventus
1749 4645 1824 4740 pri·

130 4775 194 4824 ore
211 4750 391 4824 infantium
408 4753 469 4836 ,dt
486 4747 680 4823 lactentium
696 4749 863 4842 perfecisti
879 4744 947 4822 lau-¹
997 4744 1042 4819 mi
1060 4745 1172 4841 gratia
1198 4743 1362 4818 redemisti
1379 4771 1388 4810 ε
1419 4747 1453 4815 in
1488 4744 1622 4816 secundi
1649 4744 1820 4815 adventus
1846 4741 1894 4811 95

131 4851 239 4942 clema
264 4849 305 4922 Et
322 4843 450 4920 relictis
465 4843 554 4934 illisa
585 4846 670 4931 abiit
686 4847 769 4919 soris
788 4846 948 4921 extraci-
996 4842 1267 4917 examinatione:
1298 4839 1389 4912 nulla
1416 4861 1606 4913 exurantur
1632 4862 1720 4932 pena
1747 4839 1826 4931 sup·

130 4944 278 5018 vitatem
292 4945 327 5017 in
345 4943 544 5018 Bethaniatn
560 4967 570 5010 a
595 4945 710 5038 ibique
724 4944 844 5015 mansit
860 4987 873 5010 .
997 4938 1213 5034 pliciialicque
1230 4960 1317 5008 nunc
1332 4961 1397 5031 pro
1407 4938 1648 5012 defunctorum
1664 4932 1831 5006 fidelium·

133 5046 332 5134 Μυκη.
843 5031 849 5045 ’
998 5037 1112 5129 quiete
1145 5033 1400 5108 exaudiamur:
1434 5057 1506 5127 quo
1546 5055 1582 5108 te
1624 5030 1825 5125 opitulante
1903 5102 1907 5113 ,

85 5166 101 5236 5
181 5140 283 5231 Dicat
294 5136 416 5212 Presb.
427 5136 599 5215 Dominus
616 5139 656 5211 lit
684 5140 817 5231 semper
830 5135 948 5213 vobis·
996 5150 1124 5205 eterno
1145 5153 1222 5202 cum
1243 5128 1309 5212 illis
1336 5130 1468 5225 pariter
1481 5131 1629 5239 fruamur¹
1643 5127 1818 5204 consortio
1884 5133 1913 5192 s
2032 5171 2044 5181 -

100 5237 249 5326 ²scum.
270 5238 364 5330 lant
382 5240 596 5310 somnient
613 5233 949 5319 chorumnllelujt.
1002 5230 1209 5301 beatorum.
1569 5271 1571 5275 -
1853 5251 1920 5302 100

132 5335 181 5422 ll·
193 5333 347 5405 Cantate
361 5333 513 5407 Domino
528 5334 695 5405 canticum
713 5344 862 5405 novum:
890 5334 952 5403 be·
1051 5329 1251 5418 petimen.
1832 5358 1836 5367 ‚

130 5455 176 5503 ne
185 5427 317 5522 psallite
332 5429 366 5514 in
378 5428 610 5512 jubilatione.
632 5441 677 5501 1².
692 5423 840 5510 Alleluia
856 5475 865 5496 .
890 5432 951 5498 Di·
1309 5424 1371 5492 Ad
1384 5439 1498 5517 pacem
1512 5424 1523 5491 ζ
1826 5511 1828 5515 Ι

132 5545 188 5598 rar
199 5524 506 5612 Presb.Adiuvate
521 5528 577 5600 'me
594 5528 717 5600 fratres
734 5572 744 5593 .
762 5523 827 5610 fol·
841 5548 948 5599 v111.
999 5518 1093 5692 D
1112 5516 1237 5591 Omine
1250 5516 1344 5590 Deus
1353 5521 1585 5612 Omnipotens
1599 5514 1732 5586 Chrille
1746 5514 1824 5584 Rex

85 5653 100 5705 s
234 5668 237 5673 <
317 5622 778 5709 chorusdicatSacrificium.
952 5656 954 5661 =
1121 5612 1258 5709 glorie:
1287 5617 1343 5710 qui
1360 5639 1394 5686 es
1423 5639 1488 5709 pax
1516 5615 1658 5683 certa&
1675 5611 1821 5682 charitas
1898 5607 1910 5660 '1'

194 5722 361 5817 Ngreffus
381 5717 563 5794 ellDaniel
581 5719 616 5791 in
633 5721 772 5792 domum
788 5715 962 5808 Domini,¹
1000 5711 1244 5806 sempiternas
1284 5713 1462 5808 quesumus
1509 5710 1621 5780 nostra
1675 5707 1820 5778 archana
1852 5728 1917 5801 105

205 5815 413 5893 &elevavit
435 5816 635 5893 sacrificium
660 5811 790 5913 populo
805 5813 836 5883 in
868 5813 950 5891 loco
1003 5805 1186 5902 splendore
1224 5828 1282 5881 tue
1321 5808 1413 5901 pacis
1458 5805 1616 5876 irradia:
1659 5804 1821 5873 noslram·

132 5914 648 5998 unuificationisejnsdicens.
668 5909 963 5986 BenediciteDo-„
1000 5928 1064 5997 quc
1095 5903 1336 5976 conscientiam
1369 5904 1544 5974 charitatis
1576 5922 1632 5971 tue
1663 5896 1820 5970 dnlcedi-

127 6013 319 6203 minuqqu}
330 6010 544 6095 confitemini
557 6008 589 6084 ei
606 6006 766 6105 alleluiap
793 6005 842 6100 ql·
854 6007 950 6085 Con·
999 6025 1042 6073 ne
1054 6003 1162 6091 redde
1182 6000 1407 6098 purissimam:
1441 6018 1477 6070 ut
1495 5999 1636 6094 pacifice
1648 5995 1742 6094 pacis
1748 6014 1838 6167 cclx-³

239 6114 469 6202 ‚DMozar-
1316 6119 1320 6128 ·
1433 6103 1505 6175 ΒΖ
1703 6118 1744 6189 pt
1783 6115 1823 6163 e·
