4450 7209
613 714 683 795 IN
716 708 970 798 Vlcllllt'
1011 708 1497 798 PENTECOSTES.
1803 723 1886 826 '267

225 816 387 901 Paulusl
427 814 597 904 lohannes
641 817 829 916 baptizavit
853 815 1027 914 baptismo
1069 871 1073 879 ·
1423 816 1545 914 Miffie.
1918 846 1961 920 55

219 922 410 1017 penitentie
427 916 591 1016 populum
606 917 776 990 dicens.ln
786 941 862 992 eum
874 917 1027 1013 quiven·
1148 918 1270 1015 Emper
1287 916 1423 1014 quidem
1441 914 1644 995 dileetiffini
1671 917 1793 998 fratrea
1808 948 1885 998 cre·

219 1039 317 1092 turus
329 1019 412 1093 esset
427 1018 502 1114 poll
517 1017 672 1111 ipsumtut
689 1017 961 1089 crederentaboc
974 1015 1023 1088 est
1148 1020 1209 1091 bre
1226 1016 1405 1090 orationes
1417 1018 1482 1088 elle
1498 1017 1625 1090 debe'nt
1639 1021 1881 1096 unanimitatisz

218 1117 252 1189 in
265 1120 396 1194 lesum·
414 1118 479 1188 His
495 1113 620 1189 auditis
636 1113 800 1210 baptizati
814 1112 889 1187 suut
903 1115 939 1187 in
955 1136 1022 1188 no·
1070 1114 1249 1189 charitatis
1268 1116 1325 1186 t&
1339 1111 1482 1207 simplex
1510 1115 1659 1190 fraterne
1680 1117 1876 1194 diledlionis

168 1245 188 1317 5
219 1213 309 1289 mine
336 1213 486 1294 Domini
505 1214 611 1292 lesu·
641 1214 684 1286 Et
711 1236 789 1288 cum
817 1211 1026 1307 inposuisset
1075 1213 1214 1288 affectio
1241 1260 1253 1283 ·
1294 1212 1361 1284 Sed
1387 1234 1476 1290 nunc
1492 1211 1665 1309 'precipue
1693 1219 1802 1289 omnis
1834 1219 1880 1289 de

220 1309 286 1385 illis
305 1311 428 1387 Paulus
451 1335 566 1385 manus
583 1339 592 1380 t
609 1309 742 1385 venitS
772 1311 868 1383 iritus
886 1311 1025 1385 Sanetus
1075 1311 1198 1384 nostris
1228 1309 1458 1383 exhaurienda
1485 1310 1681 1406 pectoribus
1702 1312 1749 1384 est
1776 1313 1880 1388 odio-
1916 1315 1966 1390 60

223 1408 324 1504 super
342 1434 404 1484 eos
422 1413 481 1483 t&
503 1406 732 1502 loquebantur
744 1335 871 1506 linguis
894 1411 930 1483 δι
944 1431 1029 1505 pro·
1077 1432 1153 1485 rum
1169 1406 1359 1487 amaritudo
1382 1430 1457 1484 curn
1470 1408 1583 1481 sancti
1597 1408 1744 1506 Spiritus
1770 1434 1881 1506 expe·

218 1508 434 1602 phetabant.
463 1521 511 1594 132·
529 1512 663 1580 Amen.
1078 1505 1193 1580 datur
1207 1504 1331 1577 iusufio
1346 1532 1355 1573 a
1373 1503 1407 1576 δι
1423 1505 1623 1580 advenienti
1637 1506 1795 1582 Domino
1811 1510 1879 1591 ,ni-

266 1607 376 1680 Lesiio
388 1607 500 1678 sandi
508 1605 688 1705 Evangelii
697 1603 876 1694 secundum
892 1603 1024 1697 doban-
1073 1621 1151 1678 tens
1178 1604 1225 1676 est
1254 1601 1403 1698 paranda
1427 1603 1611 1697 poll'efflo·
1639 1605 1681 1677 Et
1706 1605 1784 1699 quia
1814 1631 1877 1700 pa·

139 1736 189 1796 10
217 1723 318 1776 nem.
903 1710 1024 1775 (miss.
1073 1719 1146 1777 tres
1162 1697 1388 1794 dodonesque
1403 1701 1509 1774 nostri
1535 1702 1739 1796 inquorum
1765 1699 1872 1779 corda

123 1820 127 1826 ·
279 1801 343 1875 Llo
364 1801 596 1899 intempore.
619 1800 1016 1879 ErttbomoexPhari·
1066 1797 1124 1873 vel
1137 1798 1268 1873 viscera
1294 1797 1513 1892 omnipotens
1528 1801 1621 1872 Deus
1648 1801 1716 1874 hoc
1743 1801 1872 1880 donum
1913 1803 1965 1894 65

289 1898 351 1971 seis
365 1899 601 1974 Nichodemus
617 1898 754 1973 nomine
773 1929 782 1969 ε
808 1903 843 1972 &
859 1899 928 1994 ipse
942 1914 1016 1972 erat
1068 1897 1224 1993 promisse
1241 1895 1524 1970 remunerationis
1548 1896 1699 1969 infudita
1716 1915 1753 1970 ut
1773 1901 1876 1972 remi·

215 1999 378 2093 princeps
395 1993 579 2076 judeorum
594 2044 605 2066 .
631 1997 698 2067 Hic
727 1996 823 2070 venit
856 1992 1017 2080 adJesum
1066 1995 1234 2067 niscantur
1246 1993 1337 2068 dicut
1354 2017 1535 2088 magnum:
1553 1995 1773 2069 unanimitate
1789 2019 1874 2070 con·

213 2093 469 2170 noctescunt
485 2094 530 2165 eia
546 2093 792 2167 Rabbitscimus
807 2093 884 2187 quia
900 2120 919 2167 a
934 2093 1016 2166 Deo
1067 2094 1147 2166 nexi
1171 2117 1180 2161 ε
1209 2091 1360 2163 divinam
1387 2089 1571 2184 expedisse
1593 2092 1707 2166 Sancti
1723 2092 1871 2187 Spiritus

139 2225 184 2298 15
214 2194 335 2265 venisli
350 2192 529 2290 magister.
554 2191 670 2266 Nemo
698 2193 810 2290 potest
834 2191 898 2262 bec
922 2191 1015 2287 srg'na
1065 2188 1304 2264 visitationem
1325 2215 1334 2257 s
1357 2189 1416 2285 qui
1428 2191 1510 2262 Deo
1529 2187 1729 2266 obtulerant
1757 2190 1874 2270 cbari-
2067 2240 2070 2249 -

215 2292 328 2364 facere
353 2313 417 2386 que
437 2309 476 2360 tu
504 2286 689 2362 facisanisi
717 2291 823 2364 fuerit
840 2290 1014 2363 Dominus
1063 2305 1201 2362 tatem.
1910 2308 1963 2383 7⁰
2064 2342 2069 2354 .

210 2413 288 2461 cum
312 2413 396 2463 eo·
435 2382 628 2482 Respondit
649 2388 742 2464 lesus
775 2390 811 2460 &
837 2384 925 2460 dixit
954 2386 1014 2458 ei.
1111 2388 1316 2479 nanneni
1654 2468 1658 2476 ,

211 2484 331 2561 Amen'
349 2508 447 2558 amen
474 2485 553 2558 dico
580 2483 667 2557 tibi:
691 2487 750 2558 nist
774 2483 849 2578 quis
876 2501 1012 2557 renatus
1345 2481 1435 2557 Alia
1453 2483 1601 2558 oratio}

212 2584 318 2657 fuerit
341 2586 456 2656 denuo
472 2611 482 2651 z
496 2606 567 2656 non
593 2583 709 2678 potest
722 2585 842 2657 videre
867 2603 1010 2677 regnum
1125 2577 1221 2674 Mple
1235 2604 1298 2655 nos
1312 2582 1409 2656 Deus
1422 2579 1553 2677 Spiritu
1573 2580 1723 2656 Sancto:
1742 2578 1778 2654 itt
1792 2604 1865 2678 quo

134 2714 185 2769 20
212 2683 307 2756 Dei.
336 2680 432 2755 Dicit
457 2681 499 2751 ad
525 2701 605 2751 eum
620 2680 880 2756 Nichodemus·
908 2683 1010 2770 Qo·
1132 2679 1254 2775 fignati
1273 2679 1382 2756 sumus
1414 2706 1423 2747 t
1455 2684 1611 2772 &aquo
1629 2681 1805 2774 tangimur
1830 2701 1870 2755 ut
1980 2749 1987 2757 .

211 2781 320 2854 modo
347 2778 461 2873 potest
478 2778 585 2852 homo
607 2775 783 2852 nascieum
811 2778 914 2850 senex
938 2776 1009 2848 fit?
1060 2774 1867 2873 salvemur·UthodienosidemSpirituspre·
1908 2804 1961 2883 75
2096 2859 2100 2871 ¹

208 2878 381 2972 Numquid
411 2876 522 2971 potest
551 2873 586 2945 in
615 2875 775 2951 ventrem
802 2875 921 2948 matris
953 2872 1011 2946 sue
1060 2873 1248 2948 veniensis
1266 2871 1871 2950 miserationeadelistisernundeta

211 2974 347 3049 iterato
372 2973 515 3046 introire
530 3001 539 3042 a
556 2976 592 3046 ἃ
606 2972 724 3048 nasci?
751 2970 1013 3067 Responditte-
1062 2972 1097 3043 St
1115 2994 1188 3045 cras
1215 2970 1249 3040 in
1277 2973 1425 3046 muneris
1451 2971 1649 3045 conlatione
1665 2969 1866 3067 glorificet.

210 3071 291 3147 sus.
317 3078 429 3146 Amen
460 3096 558 3145 amen
582 3070 664 3146 dico
679 3071 740 3143 tibi
755 3096 764 3138 a
780 3071 839 3143 nifi
864 3068 940 3161 quis
957 3091 1014 3141 re·
1062 3069 1179 3142 Hodie
1195 3066 1341 3140 maculas
1359 3067 1473 3143 abluat
1502 3095 1512 3135 a
1545 3089 1618 3141 cras
1647 3074 1742 3143 dona
1755 3068 1868 3142 distri·

134 3204 184 3279 ²5
213 3188 313 3245 natus
345 3169 448 3244 fuerit
473 3191 518 3239 ex
547 3189 630 3260 aqua
664 3168 699 3239 bt
722 3167 853 3263 Spiritu
865 3168 1013 3240 Sandoa
1063 3166 1174 3236 butt.
1204 3165 1320 3237 Hodie
1347 3166 1502 3265 linguam
1528 3168 1680 3244 ,nostram
1712 3165 1748 3236 in
1779 3189 1871 3242 voce

211 3292 283 3342 non
300 3269 409 3362 potest
423 3263 567 3339 introire
581 3265 614 3335 in
630 3289 772 3361 regnum
788 3266 880 3339 Dei·
906 3263 1014 3354 Qod
1066 3262 1287 3339 confessionis
1307 3266 1438 3357 aperiat
1464 3290 1474 3333 t
1505 3262 1540 3332 δι
1566 3284 1639 3337 cras
1658 3265 1801 3340 eandem
1817 3268 1869 3340 fa·
1907 3270 1960 3350 80

211 3384 330 3439 natum
347 3365 394 3438 est
408 3387 452 3436 ex
466 3385 589 3435 carne:
606 3386 689 3436 caro
705 3364 776 3436 esta
801 3366 837 3437 ὅ(
852 3361 942 3455 quod
957 3385 1018 3434 na·
1066 3361 1135 3435 ciat
1152 3358 1330 3455 predicare
1348 3359 1513 3459 magnalia
1521 3377 1580 3433 tua
1596 3409 1607 3431 .
1632 3365 1713 3453 Qu
1724 3366 1794 3448 jam
1806 3364 1873 3439 ho-

213 3479 286 3535 tum
300 3464 346 3534 est
374 3485 418 3534 ex
431 3459 551 3554 spiritu
565 3489 575 3530 t
602 3458 741 3554 spiritus
754 3463 829 3533 est.
857 3461 942 3534 Non
954 3457 1018 3532 mi·
1067 3460 1123 3533 die
1139 3470 1205 3553 per¹
1220 3457 1324 3554 ipsum
1337 3458 1419 3531 tadi
1444 3488 1454 3528 ε
1483 3457 1532 3530 ita
1547 3481 1704 3532 eruamur
1718 3485 1737 3532 a
1753 3459 1874 3535 crimi-

212 3563 299 3634 reris
314 3560 395 3655 quia
419 3558 490 3634 dixi
507 3558 586 3633 tibi:
600 3577 745 3654 oportet
759 3583 825 3633 vos
853 3557 941 3631 nasci
956 3557 1018 3628 de·
1067 3582 1129 3629 net
1145 3577 1183 3628 ut
1196 3579 1269 3629 cras
1284 3557 1467 3654 dignanter
1481 3554 1516 3628 iu
1532 3556 1654 3632 nostris
1664 3557 1873 3642 iubeatcor·

131 3691 184 3772 30
212 3681 284 3732 nuo
301 3706 311 3728 .
338 3658 485 3752 Spiritus
501 3656 557 3728 ubi
571 3656 649 3729 vult
664 3657 771 3753 spirat
797 3684 807 3728 a
838 3659 874 3731 δι
889 3677 1014 3732 vocem
1067 3655 1167 3746 dibus
1181 3654 1359 3726 babitare.
1736 3662 1758 3725 “.

215 3761 290 3841 ejus
304 3755 493 3830 audistsed
512 3755 616 3828 nescis
634 3757 722 3830 unde
740 3756 1020 3849 veniatz&qu0
1120 3756 1321 3846 sannen.
1740 3785 1742 3789 ·
1826 3765 1831 3775 ’
1907 3757 1956 3851 85
2016 3815 2019 3820 .

211 3857 342 3928 vadat.
368 3857 471 3927 Sic&
486 3854 597 3929 omnis
629 3855 686 3947 qui
702 3872 798 3929 natus
822 3854 869 3926 esl
884 3851 1017 3948 ex'spi·
1263 3846 1341 3934 Post
1355 3853 1509 3924 nomina.
1532 3855 1676 3927 oratio.
1953 3848 1957 3855 ’

202 3950 313 4026 τίω.
343 3952 535 4046 Respondit
563 3952 798 4028 Nichodemus
823 3978 834 4019 t
864 3955 900 4024 ἃ
926 3949 1014 4022 dizit
1154 3947 1257 4023 Mitte
1278 3947 1429 4021 Domine
1455 3946 1611 4042 spiritum
1639 3943 1870 4043 adoptiouiat

212 4048 271 4119 ei.
296 4053 488 4140 Quomodo
511 4053 623 4143 potest
634 4053 703 4127 boc
717 4051 826 4124 fieri?
854 4047 1015 4144 Respon·
1168 4049 1200 4119 in
1218 4069 1289 4137 quo
1302 4044 1484 4118 clamemus
1502 4045 1575 4118 tibia
1592 4047 1679 4121 abba
1694 4048 1812 4121 Pater·
1820 4049 1872 4120 Ut

133 4185 180 4264 35
212 4145 263 4219 dit
273 4147 365 4222 lesus
383 4149 441 4218 a&
466 4147 555 4219 dixit
574 4146 631 4219 ei.
657 4153 711 4223 Tu
734 4170 771 4220 es
801 4146 955 4245 magister
980 4145 1015 4218 iu
1064 4146 1299 4223 confiteamur
1325 4144 1509 4236 aquoniam
1524 4162 1611 4217 tues
1625 4142 1798 4241 unigeniti
1816 4141 1869 4217 tui

212 4241 314 4318 lsrael
339 4248 373 4318 &
390 4246 455 4315 hec
481 4245 651 4341 ignoras?
669 4252 783 4322 Amen
809 4267 907 4319 amen
931 4244 1016 4320 ¹dico
1064 4267 1168 4318 verus
1187 4246 1290 4317 Pater
1313 4270 1323 4312 a
1349 4241 1642 4339 &cognoscamus
1665 4237 1870 4336 quianullus
1903 4265 1956 4337 90·

211 4339 301 4416 tibi=
325 4340 403 4439 quia
419 4343 512 4438 quod
544 4341 666 4417 scimus
694 4372 704 4415 t
731 4340 905 4437 loquimur
938 4366 951 4411 a
976 4343 1012 4415 St
1063 4340 1095 4412 ei
1110 4337 1225 4414 similis
1239 4338 1445 4416 interFilios
1464 4340 1562 4410 Dei.
1587 4343 1700 4430 Quem
1723 4364 1790 4412 uon
1804 4337 1869 4415 tibi

209 4442 302 4535 quod
323 4439 491 4515 vidimus:
509 4439 669 4516 testamur
692 4470 703 4515 a
735 4438 1011 4512 &testimonium
1064 4437 1207 4534 adoptio
1233 4464 1243 4505 t
1273 4439 1329 4511 sed
1344 4438 1529 4534 generatio
1544 4433 1837 4512 consubstantialis
1851 4463 1868 4504 a

209 4539 358 4611 nostrum
398 4561 469 4611 non
493 4534 679 4627 accipitis.
716 4535 751 4606 Si
779 4552 915 4608 terrena
940 4533 1012 4607 dixi
1063 4558 1173 4630 neque
1186 4539 1296 4630 gratia
1311 4536 1487 4608 limilema
1519 4534 1577 4605 sed
1606 4555 1724 4605 natura
1753 4533 1778 4608 fi
1807 4549 1867 4605 nat

208 4633 311 4707 vobis
327 4636 362 4705 δι
376 4657 446 4707 non
473 4630 613 4704 creditis
630 4659 640 4700 ε
654 4632 832 4724 quomodo
847 4631 871 4702 fi
886 4631 1013 4703 dixero
1062 4629 1217 4727 equalem
1232 4678 1243 4701 .
1275 4631 1343 4704 Per
1359 4631 1459 4715 buius
1475 4630 1567 4703 enim
1590 4630 1671 4715 fidei
1686 4557 1868 4702 inviolabi-

210 4729 310 4804 vobis
328 4728 482 4803 celestia:
496 4726 673 4803 credetis?
695 4728 737 4798 Et
752 4727 1013 4801 nemoascendit
1062 4728 1095 4802 le
1109 4728 1301 4822 mysterium
1319 4726 1566 4800 :custodiamus
1585 4727 1655 4822 spei
1681 4727 1791 4799 nostre
1804 4723 1866 4801 lm·
1896 4744 1951 4825 95

210 4828 245 4901 in
263 4825 373 4903 celum
387 4856 396 4898 a
412 4829 470 4902 nisi
483 4827 541 4922 qui
556 4825 731 4899 descendit
744 4828 788 4896 de
800 4823 879 4900 celo
895 4854 905 4898 a
924 4823 1013 4900 lilius
1064 4821 1227 4900 mutabile
1242 4823 1506 4898 sacramentum.
1531 4824 1583 4896 Ex
1596 4825 1664 4914 hoc
1685 4841 1721 4896 tc
1744 4823 1867 4917 quesu-

208 4925 360 5003 hominis
378 4928 438 5023 qui
463 4925 510 5001 est
535 4926 568 4998 in
582 4922 684 4999 celo.
715 4924 757 4998 Et
772 4924 855 4999 ficut
868 4924 1009 5018 Moyses
1060 4946 1157 5001 mus:
1174 4939 1213 4995 ut
1226 4944 1303 4996 cum
1329 4920 1451 4997 nostris
1467 4919 1524 5016 qui
1538 4927 1605 5006 jam
1619 4947 1637 4994 t
1653 4920 1768 4997 seculo
1784 4945 1865 5018 pre·

209 5024 377 5100 exaltavit
395 5025 587 5121 serpentem
601 5027 635 5097 in
663 5022 804 5097 deserto
821 5051 831 5094 a
849 5022 899 5096 ita
915 5018 1012 5097 exal·
1062 5023 1229 5095 cesserunt
1256 5044 1266 5088 a
1295 5022 1352 5116 qui
1382 5020 1483 5092 etiam
1514 5017 1614 5115 ipsius
1638 5020 1785 5115 Spiritus
1812 5022 1863 5097 tui

128 5159 177 5238 45
210 5124 278 5198 tari
293 5142 439 5220 oportet
452 5121 562 5198 silium
579 5123 731 5196 bominis
748 5139 811 5193 :ut
824 5119 935 5198 omnis
950 5117 1010 5214 qui
1059 5119 1170 5196 saneti
1197 5120 1292 5191 dono
1313 5117 1421 5193 renati
1434 5116 1511 5190 sunt
1528 5147 1537 5189 t
1554 5139 1766 5213 quorumque
1782 5137 1863 5194 ante

208 5223 320 5295 credit
346 5222 381 5298 in
395 5221 469 5319 ipso
482 5247 552 5299 non
579 5218 932 5318 pereattsedbabeat
958 5217 1012 5294 vi·
1059 5215 1172 5294 altare
1189 5234 1285 5290 tuum
1300 5217 1507 5292 mentionem
1537 5240 1615 5288 cum
1632 5236 1784 5293 tremore
1813 5216 1863 5292 fa·
1899 5239 1970 5296 too

209 5338 280 5395 tam
293 5340 475 5395 eternam.
495 5326 667 5409 &Amen
684 5367 696 5390 .
1059 5318 1166 5389 cimus
1181 5345 1190 5384 a
1204 5312 1300 5389 fimul
1314 5316 1454 5394 obviam
1478 5315 1512 5386 in
1530 5314 1666 5388 secundi
1694 5319 1862 5389 adventus

255 5419 358 5490 Dicat
382 5415 558 5493 presbiter
583 5467 594 5490 .
623 5416 792 5494 Dominus
814 5414 858 5494 lit
881 5416 1013 5514 semper
1059 5412 1204 5492 Domini
1222 5414 1325 5490 nostri
1349 5412 1507 5491 claritate
1537 5412 1687 5488 felici-ter
1701 5435 1861 5490 occurra-

206 5513 651 5605 vobiscum.13nEtcutn.'
1058 5535 1160 5592 mus·
1211 5582 1213 5590 .

124 5645 178 5731 ⁷50
211 5605 215 5615 ¹
258 5610 579 5700 autumnitatem.
596 5613 644 5707 ti·
657 5616 808 5690 laudate
823 5615 1009 5692 Dominum
1108 5627 1157 5709 lja.
1171 5617 1309 5690 Amen.

121 5796 125 5803 Ι
207 5710 252 5782 de
269 5707 373 5784 celita
395 5709 532 5792 laudate
546 5736 622 5789 eum
643 5712 677 5784 iu
691 5713 859 5789 excellis.
884 5724 928 5786 P·
941 5710 1005 5789 Al·
1263 5711 1325 5784 Ad
1346 5725 1488 5806 pacem.
1509 5710 1654 5786 oratio}
1899 5728 1970 5805 105

204 5804 335 5894 leluja·
1170 5807 1377 5886 Fierentium
1419 5828 1540 5886 eterne
1568 5811 1663 5881 Deus
1702 5805 1862 5906 susceptis

254 5904 461 5992 Sacrt'ficium
478 5957 487 5981 .
514 5907 648 5984 Tollite
661 5907 811 5986 hostias.
841 5921 954 6014 Qere
969 5909 1004 5983 ia
1178 5905 1411 5983 oblationibus
1426 5938 1435 5979 a
1451 5910 1548 5981 effice
1562 5931 1625 5981 nos
1652 5905 1773 6004 spiritu
1790 5906 1862 5982 fer·

200 6007 373 6197 Dominicso
384 6002 452 6181 pff
461 6007 688 6100 Asccnssuuem
696 6010 1002 6104 Dominifo·sCLV·
1051 6027 1173 6101 ventes
1190 6009 1227 6086 δι
1249 6005 1415 6087 charitate
1424 6005 1639 6186 1gokcupletea
1654 6054 1670 6088 .,
1686 6010 1768 6102 Quo
1790 6004 1864 6079 uni·

297 6107 348 6183 Mi
363 6126 390 6175 s.
444 6130 538 6185 azar.
1755 6123 1865 6182 tatem
