4450 7209
699 709 1266 791 ermetem:
1753 722 1823 816 103⁴
1935 808 1939 815 ¹

139 808 262 887 animal
294 808 471 887 nocendi:
498 824 573 885 arte
602 804 786 910 sollicitum
818 840 828 883 e
859 836 952 889 com·
1005 816 1040 889 se
1054 817 1199 891 credere
1211 811 1322 910 podet
1337 807 1370 886 in
1384 811 1532 889 verbor
1560 812 1816 911 pntseredem-
1843 836 1888 909 55

138 910 264 983 mentis
275 907 527 984 blandientibus
542 910 722 983 innodavit
740 912 950 1008 r'proposito
1002 933 1102 1011 ptum
1117 918 1284 988 nosl'etex
1297 910 1429 985 verbo·
1460 916 1514 986 Ac
1535 912 1616 987 fidei
1644 912 1816 989 beneficio

140 1026 282 1083 terrore
308 1006 479 1083 sententie
508 1006 566 1079 sub
589 1006 736 1102 imperio
763 1011 896 1083 crucis:
914 1014 950 1085 δι
1002 1012 1136 1088 hocfibi
1149 1012 1231 1085 esset
1247 1010 1281 1083 in
1295 1009 1391 1084 cibo:
1405 1010 1617 1105 quodfuisset
1634 1012 1668 1084 in
1678 1010 1816 1106 precio.

138 1105 337 1185 testimonio
351 1104 599 1201 redemptionis
622 1104 763 1181 absolve
780 1157 790 1179 .
821 1111 868 1181 Ut
884 1132 947 1184 nos
998 1112 1126 1205 Suique
1151 1109 1312 1205 corporis
1326 1104 1509 1182 oblatione
1533 1106 1592 1179 vel
1608 1108 1778 1204 sanguinis
1795 1136 1808 1180 ι

80 1218 102 1293 5
138 1200 173 1273 in
201 1205 489 1281 necdiversitate
513 1205 682 1278 bonorum
709 1207 947 1299 omniumque
995 1208 1230 1305 quieratvita
1259 1236 1269 1279 ι
1296 1207 1363 1281 hoc
1376 1203 1474 1280 daret
1486 1206 1529 1280 ad
1546 1204 1656 1281 vitam
1680 1233 1691 1274 ι
1719 1207 1811 1279 unde

137 1302 256 1376 creasti
283 1330 293 1370 r
323 1307 367 1378 ad
390 1302 536 1401 speciem
559 1301 945 1397 paradisiconilitutosr
995 1304 1186 1379 redimeret
1200 1306 1337 1380 vitam.
1367 1304 1410 1376 Et
1432 1326 1497 1397 per
1509 1304 1576 1376 hoc
1588 1324 1807 1378 maneremus
1838 1300 1887 1374 60

135 1396 249 1474 dulcia
262 1398 335 1475 vini
350 1402 399 1474 sui
413 1400 498 1477 mala
514 1424 586 1475 non
602 1398 739 1495 capiant
754 1429 766 1471 a
781 1408 818 1477 bt
841 1401 949 1473 inter·
999 1404 1034 1475 in
1047 1400 1141 1479 illum
1163 1429 1176 1471 a
1205 1428 1269 1501 per
1281 1400 1377 1494 quod
1390 1419 1541 1476 maneret
1557 1399 1591 1472 in
1606 1399 1725 1473 nobit·
1755 1401 1813 1475 Sic

135 1494 292 1574 diuerei
308 1502 571 1599 gestumrmenr
597 1499 716 1573 sraude
742 1516 949 1593 corruptam·
1046 1497 1811 1594 tentiamretincnadeitatireficgratiamdi-

136 1593 270 1672 tonsrlii
283 1621 353 1673 uon
370 1596 666 1695 requiransicque
682 1596 837 1693 rigorem
851 1595 948 1671 suum
1011 1594 1158 1676 edsionic
1170 1599 1350 1675 ostendent
1365 1624 1377 1670 ι
1392 1614 1431 1671 ιιι
1446 1619 1510 1688 ρει
1520 1598 1621 1679 cuiue
1647 1589 1714 1666 cibi
1728 1592 1809 1669 sub·

62 1710 109 1767 ιο
137 1690 661 1793 viriliaanimuaridelispin‘tua
688 1694 861 1791 probabili
876 1698 949 1772 vir·
997 1690 1812 1785 stantiamineternumrellctviverequoevo·

136 1807 217 1865 tute
231 1792 398 1869 custodiat
413 1813 470 1868 rut
485 1793 668 1890 deceptum
678 1794 823 1869 feminee
837 1794 947 1893 fragi-
995 1796 1097 1871 casser
1115 1824 1125 1866 r
1140 1794 1247 1869 sedin
1263 1796 1373 1891 ipsum
1388 1788 1519 1868 vellent
1533 1788 1657 1864 rivere
1685 1816 1697 1857 a
1718 1809 1808 1883 quor
1835 1788 1883 1879 65

135 1886 245 1964 litatis
261 1889 946 1967 bortatumrideslcarnirlibidinemnon
996 1892 1165 1989 pavisset.
1194 1896 1263 1969 Cui
1295 1894 1424 1967 merito
1445 1911 1565 1965 omnes
1578 1881 1813 1999 angelmar-

134 1983 322 2079 sequatur.
351 1991 483 2063 Vocem
496 2010 589 2065 tuam
604 1986 751 2063 Domine
764 2019 775 2062 ε
790 1991 847 2087 qui
863 2014 944 2087 pec·
979 1990 1152 2087 ‘changeii
1170 1984 1531 2067 noncessantclamare
1543 1985 1704 2079 quotidie
1720 2008 1811 2063 runa

135 2103 191 2156 cat
205 2086 349 2184 accipiat
363 2088 422 2159 r&
446 2090 572 2165 nudum
585 2108 704 2162 coram
721 2088 753 2160 se
769 2090 836 2163 tuis
859 2113 944 2165 ocu·
993 2089 1265 2165 vocedicentes·
1278 2100 1327 2181 Bt·
1339 2078 1809 2167 Sanemsmctursmcem.

64 2195 105 2268 15
135 2177 420 2277 lisexpavescat·
451 2189 569 2281 Atque
600 2184 634 2256 in
665 2185 878 2260 conscientie
894 2187 952 2259 sue
1344 2264 1350 2277 ‚

135 2278 321 2377 agnitione
333 2282 496 2360 confusus
521 2309 530 2351 ε
553 2281 744 2379 penitentie
763 2281 952 2360 sevelami·
1280 2280 1362 2370 ⁴1¹0ss
1372 2278 1536 2359 Subur}
1833 2296 1886 2375 70

132 2402 211 2450 nea
225 2379 375 2454 sacietui
391 2384 535 2485 terrprir
548 2378 759 2456 abscondat.
776 2382 817 2455 Et
832 2382 878 2455 ita
892 2407 947 2456 ar·
1106 2388 1170 2462 Ere
1186 2383 1318 2461 sareas
1331 2411 1345 2455 r
1358 2402 1442 2461 vere
1456 2372 1812 2477 gloriosurDominut

181 2473 270 2549 entia
284 2476 524 2573 increpatione
533 2477 742 2553 conterritus
763 2506 772 2550 a
790 2502 946 2573 expave-
1117 2482 1337 2561 nosterlesut
1348 2478 1503 2558 Chrislue
1531 2475 1620 2554 filiua
1635 2475 1811 2569 tuuszqui

151 2576 518 2668 cataquodaudivitr
547 2590 587 2651 ut
602 2574 761 2673 corrigat
774 2577 868 2673 qnod
882 2576 944 2650 de·
992 2579 1187 2657 subsistendi
1217 2581 1318 2655 nobit
1343 2581 1379 2654 in
1403 2575 1525 2651 labore
1567 2572 1812 2650 fortitudinem

61 2682 110 2737 20
131 2665 257 2767 liquit·
280 2686 331 2771 32.
351 2678 490 2752 nmen.
995 2678 1103 2754 donet
1139 2710 1149 2753 a
1173 2702 1251 2754 cum
1268 2678 1381 2753 inedie
1407 2672 1524 2751 noslre
1539 2669 1808 2748 ubertatemsue

997 2775 1186 2853 dulcedinis
1208 2778 1451 2853 administrret
1481 2766 1553 2868 ipse
1580 2768 1757 2849 Domintn
1770 2788 1812 2849 at
1835 2783 1883 2865 75

340 2872 743 2962 maturrimum.
999 2874 1219 2977 Redemptor
1235 2895 1405 2954 eternus.

133 3068 223 3248 R
239 3064 345 3158 Ecipe
357 3067 509 3146 Domine
521 3070 749 3158 jejunantium
764 3070 891 3146 fidema
910 3071 949 3145 dt
1292 3069 1518 3173 Poflprr‘dr'el
1609 3097 1614 3113 ·
1795 3165 1800 3173 ι

53 3174 108 3255 25
249 3164 470 3244 offerentium
493 3192 641 3263 pronam
668 3168 902 3246 devotionem
932 3214 943 3239 ·
1083 3172 1157 3249 Elle
1169 3172 1325 3251 Domine
1357 3198 1377 3244 a
1400 3165 1509 3243 corde
1534 3169 1656 3246 nostro
1669 3161 1813 3239 scanda-
1886 3210 1893 3222 ι

136 3266 180 3335 Ut
200 3279 315 3354 quete
332 3288 409 3341 cum
427 3284 513 3341 voto
536 3265 660 3353 jejunii
687 3266 940 3357 imploramuer
1094 3272 1161 3348 lum
1190 3300 1201 3341 ι
1228 3267 1437 3347 &oblatum
1461 3264 1532 3370 ³tibi
1567 3268 1666 3352 buius
1681 3260 1803 3351 ieiunii
1832 3256 1884 3333 80

133 3356 251 3433 tamin
267 3358 652 3456 nobiaquamdeiunslia
677 3362 836 3438 fidelibus
850 3392 861 3438 ι
876 3388 940 3437 ne·
987 3370 1093 3445 nostri
1123 3369 1252 3463 suscipe
1261 3366 1494 3448 sacrificinm·
1518 3366 1603 3458 Qo
1628 3357 1808 3439 emundati

131 3454 267 3533 ceffatia
278 3459 435 3536 remedia
448 3462 758 3565 impetremus-lje·
775 3469 914 3541 Amen·
989 3467 1260 3543 delidlirbornm
1288 3464 1578 3541 sacramentorum
1605 3454 1809 3554 perceptio·

991 3590 1055 3640 net
1070 3568 1106 3641 δι
1121 3564 1325 3665 parsimonie
1335 3562 1427 3659 apud
1444 3576 1481 3634 te
1495 3580 1691 3634 mereamur
1705 3555 1807 3628 inve-²

369 3662 556 3757 Adparent
573 3660 709 3731 orario:
992 3664 1069 3737 nire
1082 3664 1279 3739 mercedem
1303 3690 1314 3733 e
1341 3662 1378 3735 dt
1393 3659 1564 3733 virtutum
1580 3650 1807 3752 spiritualium

55 3668 108 3747 30

186 3750 251 3827 Esu
279 3750 426 3832 collatio
447 3756 524 3835 vite
547 3756 731 3855 perbenhir
754 3780 765 3827 r
793 3756 944 3832 nouum
991 3762 1154 3857 consequi
1167 3762 1378 3861 dignitatem
1394 3770 1469 3848 ,ιιι
1484 3760 1621 3831 Amen.
1834 3742 1883 3839 85

197 3848 380 3942 quesumus
393 3854 560 3939 jejunium
587 3852 799 3949 acceptabile
822 3856 883 3927 fiat
906 3854 943 3926 in
1041 3863 1104 3932 Ad
1118 3860 1371 3948 confrasir‘onem
1382 3858 1480 3950 panis
1494 3900 1505 3922 .
1517 3849 1711 3939 Antb'ona.
1729 3847 1806 3923 Fiat

130 3946 240 4021 oeulis
256 3947 324 4023 tuis
339 3996 350 4020 ·
363 3974 436 4047 quo
450 3951 549 4039 huJua
563 3950 682 4039 ieiunii
701 3948 863 4027 litatione
876 3980 886 4021 e
900 3952 937 4021 dc
986 3956 1218 4034 misericordia
1233 3954 1294 4030 tna
1307 3953 1457 4030 Domine
1471 3950 1573 4050 super
1588 3964 1654 4023 not
1669 3942 1687 4015 i
1716 3944 1807 4025 ficut

131 4045 241 4121 carnit
257 4048 371 4121 nostre
388 4049 501 4123 incdit
529 4046 750 4123 convalescat
775 4078 785 4117 r
809 4048 846 4122 dt
863 4046 939 4122 ani-
985 4054 1197 4154 speravimus
1212 4053 1248 4130 iu
1261 4072 1326 4131 te·

58 4156 101 4231 35
130 4143 328 4219 madorem
344 4144 501 4242 pernen
515 4144 708 4223 diledlionit
717 4144 875 4225 obtineat
892 4192 906 4217 .

182 4254 231 4343 lje·
244 4250 385 4321 Amen.
650 4338 653 4348 Δ
1144 4254 1404 4331 Armorum
1425 4245 1662 4329 Dominiccrril
1831 4256 1886 4331 9⁰

469 4346 620 4422 relatio:
994 4356 1085 4545 R
1099 4352 1289 4451 Edemptor
1301 4348 1477 4428 fortissime
1491 4350 1588 4425 Deur
1601 4336 1807 4439 nollerequi

129 4438 226 4617 D
240 4438 364 4611 Ῐῗιιιιιιι
379 4443 416 4517 dt
429 4447 548 4532 iulium
563 4447 611 4519 est
636 4472 647 4517 e
668 4472 791 4545 equum
813 4470 899 4522 vere
910 4448 948 4521 &

255 4536 397 4639 ‚alutare
410 4544 458 4616 ess
474 4570 484 4613 r
502 4566 566 4618 nos
581 4543 642 4617 tibi
665 4548 794 4644 gratias
810 4566 940 4640 agere:
994 4548 1174 4647 probabile
1187 4549 1251 4624 tibi
1267 4550 1362 4622 effice
1375 4546 1445 4621 boc
1457 4540 1808 4629 ieiuniumnosirum·

52 4650 100 4723 40
128 4637 287 4711 Domine
312 4636 426 4712 sancte
455 4643 559 4717 Pater
583 4660 705 4717 eterne
719 4640 942 4737 omnipotens
992 4651 1038 4722 Ut
1051 4646 1110 4743 qui
1124 4666 1161 4720 te
1176 4652 1316 4725 Patrem
1325 4642 1453 4717 babere
1467 4637 1724 4736 dignoscimurc
1742 4654 1804 4728 pa·

127 4736 250 4807 Deus.
267 4734 336 4825 Qi
351 4738 578 4835 posteaquam
594 4736 719 4833 plasma
734 4760 830 4815 tuum
846 4736 941 4814 falla-
990 4746 1168 4820 ternitatic
1198 4770 1218 4819 a
1245 4762 1282 4818 tc
1307 4739 1423 4839 gratia
1433 4735 1588 4810 eteudiri
1605 4750 1806 4839 promefea·
1826 4741 1878 4825 95

128 4832 180 4903 cis
196 4828 259 4905 ribi
283 4830 514 4929 intemperant
531 4837 709 4932 appetitus
737 4864 748 4906 ι
769 4838 804 4911 in
832 4836 941 4911 trans-
988 4866 1064 4916 mur
1079 4867 1100 4915 e
1114 4842 1218 4917 terrie
1235 4887 1246 4908 .
1261 4842 1370 4913 Pater
1383 4834 1495 4907 nollet
1507 4832 1593 4931 qui.
1614 4825 1805 4905 Humillate

126 4930 306 5099 fremont
322 4932 557 5029 preceptionis
569 4934 751 5009 abdudlum
763 4928 939 5007 babitacn·
987 4964 1054 5013 voe
1071 4935 1329 5013 benedidioni·.
1352 4932 1520 5011 Domimu
1532 4932 1572 5005 sit
1587 4928 1720 5025 semper
1728 4944 1802 5039 yo-

141 5053 168 5101 o
196 5028 427 5111 iocunditatis
457 5031 606 5107 extrufit
631 5060 641 5102 e
670 5056 714 5104 ne
748 5031 939 5109 succiduam
986 5028 1806 5131 biscum.lje.Et.Benedilir'osandificeeDomtnue

49 5128 95 5206 45
125 5120 265 5221 prolem
281 5126 411 5219 peccati
427 5129 624 5202 extraduce
638 5126 695 5200 len
708 5148 939 5203 teneretrve·
987 5128 1513 5228 cordaetcorporavestm&
1533 5126 1598 5202 fibi
1615 5121 1803 5202 emsaeiat
1850 5176 1857 5187 -
1899 5221 1902 5227 ¹

127 5245 208 5297 rum
223 5220 320 5297 nobis
334 5224 501 5321 panemin
516 5224 814 5312 liliorcujutesur
828 5228 938 5303 vitam
985 5226 1483 5327 militareperabllinentiam·
1510 5240 1560 5320 gt.
1582 5229 1722 5302 Amen.
1747 5219 1807 5294 Eo
1831 5227 1906 5295 Μ

128 5320 300 5394 redderet
312 5320 510 5397 contulisti·
534 5324 605 5408 Qui
630 5325 675 5397 de
705 5322 785 5402 celo
799 5323 940 5399 descen·
985 5330 1117 5425 quippe
1128 5326 1317 5404 auxiliante
1329 5326 1373 5402 ab
1384 5320 1515 5401 illicitis
1538 5324 1709 5399 abstinete
1720 5313 1804 5412 pos·

127 5421 216 5491 dens
248 5446 259 5490 a
282 5420 427 5495 archana
440 5419 592 5499 fidelium
608 5422 721 5521 gratie
735 5423 791 5499 sue
806 5422 939 5497 conses-
986 5428 1061 5507 sstis
1090 5456 1101 5498 r
1130 5450 1202 5520 quo
1217 5424 1403 5524 inspirante
1429 5420 1551 5509 ieiunii
1565 5435 1806 5497 vormacera·

130 5514 239 5591 fionis
254 5516 411 5613 impleret
441 5548 450 5589 ι
483 5524 518 5595 dt
549 5544 614 5620 per
627 5520 730 5599 verbi
745 5522 940 5617 potentiam
992 5524 1284 5641 tioneaffligitie.
1304 5534 1353 5618 lje.
1371 5524 1507 5595 nmen.
1533 5518 1803 5625 Ab.‘⁰.‘l¹¹⁰‘l¹¹.⁸

56 5626 100 5697 50
132 5614 301 5711 prestaret
314 5613 508 5693 alimoniam
536 5644 548 5689 r
572 5642 635 5693 nec
661 5619 943 5707 sentiretenpen·
991 5621 1193 5700 reficiamini
1208 5616 1436 5719 spiritualibus
1450 5613 1662 5713 epulieaqul
1677 5608 1805 5724 ¹3⁰stf¹⁸
1877 5656 1885 5717 3

131 5713 230 5786 sam-
259 5713 488 5807 Doceretque
512 5714 561 5792 ita
575 5715 744 5811 probabili
758 5719 891 5806 jejunio
907 5715 944 5789 se
992 5720 1082 5817 apud
1097 5724 1236 5797 Patrem
1250 5716 1451 5791 interceffot
1472 5716 1523 5789 cll
1545 5736 1614 5809 pro
1625 5725 1778 5807 ptem
1791 5752 1806 5781 ·
1832 5718 1906 5803 105

132 5810 347 5905 querendum
376 5839 386 5880 r
414 5829 540 5887 utnon
555 5812 639 5885 escit
653 5814 784 5889 servire
800 5840 863 5907 nos
885 5838 947 5891 cu·
997 5836 1047 5912 nr.
1064 5822 1195 5895 Amen.
1210 5811 1554 5893 Permisericordiam
1563 5813 1636 5885 dcc·
1668 5870 1673 5885 .

129 5908 201 6004 piat
217 5932 227 5975 a
246 5907 304 5982 sed
319 5910 494 6005 preceptis
510 5957 520 5979 ·
537 5906 762 6009 Solumquesl
773 5910 947 5989 eisetsim·
1044 5918 1150 5990 Dicat
1171 5918 1323 5990 chorus.
1353 5910 1426 6006 Qu
1453 5910 1553 5986 venit
1579 5911 1625 5986 ad
1648 5929 1707 5982 me
1732 5908 1807 5981 nou

129 6002 744 6105 plexfidesrvidiritessetesuriec.
768 6014 805 6087 dc
822 6011 948 6113 viuere
995 6010 1127 6093 esuriet
1169 6040 1180 6085 e
1221 6009 1282 6109 qui
1307 6010 1421 6087 credit
1455 6008 1492 6086 iu
1520 6031 1583 6090 me
1611 6028 1685 6087 nuo
1709 6000 1810 6083 ficiet

1748 6124 1819 6194 Ψ.

1111 4452 1170 4527 ins
1165 4452 1248 4547 piris
1260 4446 1486 4527 contritionis
1499 4449 1613 4522 noslre
1626 4441 1806 4520 effrenus
