4450 7209
541 710 1391 801 'CARNustouttNDnst
1755 727 1805 818 89

152 814 281 892 dudum
297 814 464 892 redemisli
483 838 544 911 per
558 812 728 913 sanguinis
741 811 954 887 effusionem.
1004 817 1100 893 Patri
1132 818 1270 895 &Filio
1295 812 1491 915 &Spiritui
1506 814 1632 897 Sanan
1648 816 1682 895 in
1697 816 1808 901 secula
1839 846 1888 921 55

154 920 203 989 Ut
213 915 360 1011 gratiam
376 914 535 1011 corporis
549 918 583 986 dt
598 909 770 1011 sanguinis
784 911 956 985 tuisusce-
1003 914 1209 993 seculorum.
1222 923 1454 1014 lja-Ameuas’.
1462 918 1595 991 Exaudi
1611 944 1676 996 nos
1689 917 1810 997 Deus.

155 1014 279 1109 pturia
306 1036 477 1087 careamus
496 1011 624 1085 nortiaa
649 1005 774 1107 piaculi
797 1010 956 1087 consueti
1006 1012 1119 1111 Kyrie
1135 1013 1290 1091 eleison.
1312 1016 1448 1089 Christe
1464 1012 1619 1091 cleison.
1641 1017 1755 1112 Kyrie
1769 1044 1815 1093 e-

154 1110 375 1206 suscipientea
390 1109 556 1185 medelam
573 1108 701 1183 salutisa
714 1110 807 1203 quod
820 1111 867 1181 esi
882 1132 957 1203 my·
1006 1110 1115 1187 leison
1128 1159 1139 1183 ·
1165 1115 1271 1191 Pater
1283 1114 1421 1187 noller.
1448 1128 1499 1207 Bt·
1512 1116 1554 1187 Et
1568 1140 1612 1186 ne
1627 1140 1690 1189 uos
1705 1117 1809 1193 indu·

108 1219 133 1299 5
157 1208 293 1283 nerium
308 1212 419 1283 nolite
433 1209 704 1305 redemptionis:
721 1206 755 1281 in
769 1208 954 1281 visceribus
1003 1234 1083 1287 cas·
1111 1221 1159 1283 'P-
1187 1214 1284 1289 Deus
1312 1212 1512 1287 misereatur
1531 1214 1661 1288 nostri·
1691 1220 1811 1291 Tarm

154 1307 725 1404 nostris.13uAmen.Adurarioncm
736 1306 956 1379 Dominicam.
1002 1333 1078 1383 cuna
1094 1305 1217 1383 Gloria
1246 1313 1283 1383 bt
1306 1310 1425 1384 honor
1443 1310 1565 1384 Patri.
1593 1310 1640 1401 y}-
1653 1313 1805 1385 Ostende
1834 1316 1886 1395 do

238 1410 341 1503 Rope
357 1406 436 1481 sunt
450 1428 531 1485 eece
550 1406 677 1483 fratres
691 1402 871 1479 charissimi
880 1402 955 1475 dies
1006 1406 1109 1483 nobis
1121 1406 1273 1482 Domine
1289 1406 1554 1484 misericordiam
1569 1424 1664 1485 tuam
1678 1457 1688 1479 ·
1702 1422 1751 1505 qa.
1763 1411 1808 1487 Et

256 1503 307 1577 illi
322 1503 459 1580 salutisa
486 1506 667 1599 inquibus
695 1526 761 1579 nos
784 1500 954 1577 convenit
1005 1502 1152 1579 salutare
1180 1508 1345 1581 tuum-da
1368 1504 1495 1579 nobis·
1524 1499 1809 1599 qitPeccavimua

154 1626 230 1678 cum
247 1601 409 1677 litatione
420 1604 540 1695 jejunii
552 1627 570 1673 a
584 1600 818 1699 elemosynam
833 1604 867 1673 ἃ
882 1599 957 1694 pie·
1004 1602 1252 1700 compatribus
1268 1602 1409 1680 nostris.
1432 1616 1482 1702 lja.
1496 1602 1622 1687 Iniusle
1647 1604 1810 1701 egimusa

86 1710 136 1767 10
156 1719 265 1775 tatem
286 1702 447 1792 conferre
467 1702 537 1777 indi
565 1701 665 1775 enti.
694 1704 740 1773 Ut
756 1722 838 1772 caro
854 1700 956 1771 adte-
1006 1702 1224 1797 iniquitatem
1247 1702 1415 1775 fecimus.
1444 1698 1495 1797 ir.
1508 1702 1660 1775 Domine
1681 1700 1807 1776 exaudi

156 1816 256 1874 ratur
271 1801 420 1888 jejuniis:
435 1805 471 1875 dr
486 1728 722 1877 misericordie
736 1820 845 1892 opera
858 1796 956 1869 esthi-
1006 1798 1204 1875 orationem
1216 1824 1325 1875 meatu
1341 1848 1354 1871 .
1378 1813 1428 1894 qa.
1442 1800 1485 1873 Et
1497 1796 1625 1872 clamor
1637 1822 1731 1873 meus
1761 1801 1804 1873 ad
1834 1803 1861 1872 6
1863 1820 1889 1901 ς,

153 1898 303 1971 beantur
319 1896 449 1973 afflictis
466 1946 477 1970 .
506 1902 553 1971 Ut
571 1898 652 1971 dum
668 1896 700 1967 in
720 1894 774 1968 his
790 1892 955 1989 operibus
1004 1913 1041 1969 te
1056 1896 1204 1971 veniat·
1236 1896 1287 1987 y}-
1300 1898 1469 1973 Dominus
1483 1896 1527 1971 sit
1543 1895 1679 1997 semper
1692 1896 1812 1973 vobis·

154 1996 317 2089 occupati
332 2020 520 2070 manemusa
534 1993 654 2070 liberis
667 1992 803 2089 semper
815 1990 958 2064 vocibus
1006 2014 1109 2069 cum.
1143 2010 1194 2091 lja.
1210 1995 1253 2068 Et
1266 2019 1343 2074 cum
1356 1995 1480 2091 spiritu
1495 2011 1561 2067 tuo
1576 2041 1588 2065 .

153 2096 198 2167 ad
207 2092 322 2165 Deum
333 2090 959 2170 exclamemusacerris-Paternosier.
1205 2096 1347 2167 oratio.
1442 2098 1616 2170 Oremuc.

76 2198 133 2279 ἐς
204 2192 307 2262 Dicat
320 2190 441 2267 nresb.
455 2192 644 2267 Humiliate
658 2214 724 2265 vos
740 2186 960 2263 benedidio-
1106 2192 1251 2264 Oncede
1263 2190 1363 2265 nobis
1377 2190 1555 2284 quesumus
1568 2189 1715 2265 Domine
1730 2214 1811 2287 pre·

158 2288 195 2365 ni
208 2338 229 2360 n
248 2289 415 2363 Dominus
430 2290 472 2364 sit
485 2290 620 2389 semper
634 2288 830 2361 vobiscum.
857 2298 905 2375 132·
914 2284 959 2359 Et
1009 2196 1092 2377 C
1117 2289 1201 2365 lidia
1211 2286 1334 2363 militie
1349 2288 1527 2363 christiane
1538 2287 1810 2367 suuisinchoa-
1833 2305 1888 2391 γε

152 2412 235 2464 cunr
248 2386 369 2482 spiritu
385 2407 449 2463 tuo
464 2436 475 2458 .
594 2387 804 2459 deraditur.
1009 2414 1049 2465 re
1062 2386 1200 2477 jejuniis
1214 2416 1224 2459 a
1248 2406 1288 2460 ut
1300 2407 1422 2461 contra
1436 2384 1625 2483 spirituales
1635 2388 1810 2482 nequicias

156 2484 252 2663 D
272 2486 369 2561 lvina
385 2510 450 2561 nos
466 2486 575 2585 gratia
588 2482 829 2559 benedictione
844 2480 962 2577 super·
1010 2487 1220 2584 pugnaturis
1237 2484 1454 2562 continentie
1469 2487 1658 2559 muniamur
1669 2484 1813 2562 auxilio.

280 2610 323 2658 na
351 2581 575 2679 locupletet=
606 2586 664 2677 qui
693 2606 759 2657 vos
791 2576 958 2676 prospicit
1006 2588 1076 2659 Per
1087 2583 1282 2658 Christum.
1306 2593 1352 2655 Et
1372 2580 1481 2683 posita
1498 2584 1660 2657 Sacerdos
1674 2581 1812 2659 bened·

82 2700 133 2759 πο
159 2680 342 2779 proximos
358 2681 558 2756 abstinentie
581 2682 654 2755 dies
671 2676 867 2755 amabiliter
879 2699 959 2773 pre·
1006 2699 1063 2755 cat
1078 2684 1224 2757 cineres.
1238 2678 1511 2773 57.Adjutorium
1525 2682 1676 2758 nostrum
1693 2682 1729 2754 iu
1742 2684 1813 2758 nd-

156 2778 305 2854 stolare·
332 2794 382 2877 ξι.
397 2784 529 2855 Amen.
558 2778 688 2877 ipsein
712 2776 871 2855 cordibus
891 2798 955 2849 ve·
1006 2782 1098 2855 mine
1113 2779 1283 2853 Domini.
1308 2794 1358 2871 lja.
1370 2778 1442 2875 Qi
1455 2779 1540 2853 fecit
1556 2777 1668 2852 celum
1682 2785 1805 2855 &ten
1835 2802 1884 2886 75

156 2878 232 2951 iltis
254 2878 315 2951 sibi
332 2876 581 2975 beneplacitum
606 2874 768 2975 preparet
784 2874 958 2950 habitacu·
1006 2902 1106 2954 ram.
1134 2877 1184 2968 si·
1196 2877 1371 2955 Dominus
1384 2882 1426 2955 fit
1446 2875 1580 2974 semper
1600 2876 1804 2954 vobiscum.

156 2974 229 3050 lum
245 3002 255 3043 a
282 2976 340 3069 qui
357 2978 430 3049 dies
451 2976 543 3073 ipsos
554 2974 773 3050 consecravit
790 2970 962 3049 abstinen·
1009 2990 1060 3069 ¹32·
1078 2979 1122 3050 Et
1138 3000 1241 3051 cum.
1532 2978 1674 3049 oratio.

157 3072 613 3171 tiaciborum·132-Ame‘n.
637 3078 684 3147 Ut
701 3072 962 3147 tollentescru·
1010 3072 1172 3249 DEus
1183 3075 1241 3167 qui
1255 3097 1326 3147 non
1341 3094 1493 3149 mortem
1509 3070 1567 3145 sed
1584 3069 1809 3167 penitentiam
1921 3125 1928 3137 -

85 3196 132 3267 σς
158 3196 235 3249 cem
262 3174 406 3248 vestram
427 3169 610 3267 sequamini
623 3194 723 3245 eurus
753 3167 811 3264 qui
834 3168 960 3263 sponte
1131 3171 1301 3245 defideras
1316 3193 1561 3268 peccatoruma
1581 3165 1807 3266 fragilitatem

159 3294 230 3368 pro
244 3270 344 3343 vobis
357 3270 501 3365 suscepit
516 3269 637 3343 mortis
652 3264 853 3363 supplicium
867 3313 878 3336 ·
906 3276 957 3353 132·
1008 3270 1218 3344 conditionis
1233 3269 1378 3343 humane
1399 3267 1636 3367 benignissime
1651 3267 1780 3362 respice
1796 3296 1806 3336 a
1835 3273 1887 3353 8ο

155 3374 296 3441 Amen.
322 3372 390 3441 Per
403 3367 671 3443 misericordiam
689 3366 789 3461 ipsius
805 3362 874 3437 Dei
893 3378 957 3435 no·
1006 3368 1041 3438 ἃ
1068 3368 1131 3439 hos
1143 3366 1275 3440 cinerea
1301 3391 1389 3462 quos
1403 3368 1501 3441 causa
1517 3366 1728 3461 proferende
1742 3366 1809 3439 hu·

155 3468 213 3538 siri
235 3466 295 3561 qui
311 3465 569 3541 estbenedictus
584 3496 594 3535 a
621 3468 656 3537 dt
674 3464 766 3537 vivit
790 3463 826 3533 dt
841 3459 956 3536 omnia
1004 3458 1182 3539 militatisa
1202 3484 1308 3558 atque
1324 3466 1552 3560 promerende
1566 3464 1667 3542 venie
1686 3490 1696 3535 a
1712 3465 1809 3559 capi-

154 3564 250 3660 regit
265 3564 299 3636 iu
318 3562 430 3639 secula
445 3562 636 3637 seculorum
651 3610 662 3633 ·
690 3578 739 3656 qr·
749 3564 887 3637 Amen·
1004 3560 1096 3635 tibus
1111 3562 1235 3637 noslris
1248 3564 1379 3658 imponi
1391 3563 1608 3637 decrevimus
1624 3590 1634 3632 a
1652 3566 1810 3648 bene-›1‹

85 3688 130 3763 30
205 3668 306 3735 Dicat
321 3659 441 3735 arasa.
459 3662 627 3739 Dominus
642 3660 685 3733 fit
696 3662 827 3755 semper
841 3655 956 3730 vobis·
1004 3660 1122 3737 dicere
1138 3686 1205 3757 pro
1221 3681 1279 3736 tua
1293 3664 1423 3760 pietate
1437 3659 1588 3759 digneris
1603 3688 1613 3729 a
1626 3663 1730 3755 utqui
1740 3684 1806 3733 nos

154 3784 244 3835 cum.
257 3762 349 3854 &aba
363 3782 453 3833 cum.
471 3765 533 3833 Hic
545 3763 636 3833 dicat
653 3760 787 3833 chorus.
799 3756 955 3829 Guslate·
1004 3759 1156 3835 cinerem
1170 3762 1255 3835 esses
1283 3764 1319 3834 dt
1341 3761 1388 3833 ob
1402 3758 1586 3857 pravitatis
1608 3760 1722 3833 nostre
1735 3780 1807 3831 me·
1837 3765 1857 3837 8
1863 3784 1883 3857 ς

328 3854 405 3941 Post
418 3862 623 3930 communio·
642 3861 785 3930 oratio.
1004 3856 1108 3931 'titum
1125 3858 1160 3929 in
1177 3856 1322 3953 pulvere
1337 3858 1533 3931 reversuros
1547 3855 1808 3952 cognoscimusa

248 3951 958 4051 lisediiChrislicorpore&sauguinepa·
1006 3975 1230 4049 peccatorum
1253 3957 1404 4031 omnium
1432 3952 1595 4027 veniama
1625 3953 1808 4049 &premia
1909 3970 1916 3988 ‘

274 4054 385 4129 ritera
413 4052 493 4145 quia
519 4052 720 4126 sanfiificati
749 4051 831 4123 Deo
858 4048 955 4124 Patri
1006 4050 1242 4147 penitentibus
1296 4049 1492 4148 repromissa
1539 4048 1809 4127 misericorditer

86 4178 106 4257 3
113 4184 130 4255 5
158 4148 391 4248 omnipotenti
407 4150 537 4247 gratias
554 4152 741 4223 reseramus
759 4176 769 4216 a
786 4166 825 4219 ut
841 4170 905 4223 nos
920 4147 957 4219 in
1007 4148 1170 4246 consequi
1186 4172 1395 4227 mereamur.
1421 4148 1700 4229 tarentinum.

159 4254 279 4325 eadem
294 4248 489 4323 reseslione
517 4246 873 4321 &sandificationem
897 4245 957 4318 ba·
1341 4252 1480 4323 oratio.
1834 4270 1889 4343 90

157 4348 303 4460 bentesa
335 4348 391 4419 hic
408 4350 445 4421 dc
474 4349 507 4421 in
525 4346 646 4420 futuro
671 4342 788 4419 seculo
805 4343 957 4458 'gloriam
983 4350 1101 4531 O
1116 4346 1316 4443 Mnipotens
1336 4345 1540 4460 sempiterne
1551 4346 1650 4461 Deus
1666 4344 1724 4459 qui
1740 4340 1810 4415 mi·

155 4458 481 4621 §illusus
495 4446 745 4637 solstitii}
760 4442 959 4613 sitisti}
1006 4564 1082 4617 rum
1104 4442 1724 4636 alisilusistislusistis
1740 4463 1811 4607 tt:

85 4670 132 4745 40
157 4644 192 4715 δι
207 4644 300 4717 vivis
328 4643 493 4717 &omnia
512 4639 604 4739 regis
636 4640 671 4712 in
686 4634 796 4714 secula
820 4634 957 4711 seculo·
1008 4638 1138 4715 minum
1162 4662 1310 4737 propter
1334 4639 1586 4737 penitentiama
1616 4640 1674 4730 qui
1700 4633 1806 4707 etiam

157 4764 236 4815 rum
254 4786 265 4810 ·
292 4754 342 4829 132.
359 4744 496 4817 Amen.
995 4736 1275 4811 misericorditer
1288 4735 1447 4813 subvenis
1459 4734 1679 4809 clamantibus
1695 4734 1736 4807 ad
1747 4754 1805 4803 au·
1832 4756 1884 4833 95

206 4841 309 4915 Dicat
322 4836 443 4912 Pressa.
461 4838 629 4915 Dominus
645 4838 685 4911 sit
700 4835 833 4932 semper
840 4830 959 4910 vobis·
1008 4834 1257 4909 resclementie
1271 4853 1349 4911 tuea
1367 4836 1455 4907 bene
1466 4842 1506 4922 ›1‹
1520 4832 1660 4907 dicerea
1683 4834 1719 4904 dt
1730 4830 1809 4901 san·

156 4960 239 5011 cum
254 4984 265 5007 .
294 4950 343 5029 132.
358 4938 402 5011 Et
414 4960 509 5013 cum·
540 4938 635 5010 Missa
648 4934 722 5008 ada
736 4936 783 5007 est
797 4932 830 5004 in
846 4929 959 5005 nomi·
1008 4931 1160 5007 nificare
1174 4933 1324 5031 digneris
1341 4935 1404 5006 hos
1417 4932 1550 5008 cineres
1564 4961 1573 5000 a
1602 4952 1689 5025 quos
1702 4928 1803 5025 super

156 5062 201 5111 ne
220 5033 359 5111 Domini
375 5036 480 5111 nostri
503 5032 581 5117 lesu
601 5033 728 5105 Christi
742 5030 957 5128 perficiamus
1008 5030 1122 5124 capita
1137 5033 1272 5105 nostrat
1297 5029 1520 5107 causasancte
1534 5026 1736 5125 religionisa
1768 5025 1806 5096 dc

84 5160 130 5237 45
155 5159 234 5211 eum
249 5158 334 5231 pace
348 5178 359 5203 ·
390 5148 440 5231 lja.
456 5134 536 5209 Deo
548 5130 696 5231 gratias.
1008 5124 1207 5204 humilitatis
1221 5154 1287 5223 pro
1302 5130 1452 5226 peccatis
1468 5130 1588 5203 nostris
1603 5149 1702 5201 cuore
1715 5126 1807 5200 Nin-

1007 5223 1197 5302 uivitarum
1213 5229 1304 5301 ferre
1316 5227 1516 5303 constituisti
1530 5252 1540 5295 a
1570 5228 1613 5301 da
1626 5250 1689 5321 per
1702 5224 1806 5295 invo·
1839 5235 1912 5299 rod

156 5332 299 5409 FERlA
314 5330 583 5422 QlARTAlN
599 5324 959 5410 CAPITEJEJUNII.
1007 5323 1298 5400 cationemsanui
1314 5328 1366 5400 tui
1383 5326 1594 5401 nominitant
1610 5323 1804 5414 omnesqui
1845 5350 1849 5357 ·

440 5429 661 5527 Antiphone.
697 5462 702 5467 ·
1006 5446 1069 5498 eos
1086 5428 1129 5498 ad
1146 5426 1350 5519 precandam
1365 5423 1628 5499 misericordiam
1643 5418 1803 5493 tuam-su-

247 5528 356 5604 Xaudi
382 5552 447 5605 nos
474 5526 567 5599 Deus
584 5527 746 5623 quoniam
769 5524 957 5621 benigna-2
1007 5546 1071 5618 per
1099 5524 1213 5621 capita
1237 5522 1294 5597 sua
1311 5520 1476 5597 tulerint:
1505 5534 1704 5593 mereantur
1729 5532 1804 5588 ate

87 5532 234 5733 50E
276 5628 325 5699 est
358 5625 589 5701 misericordia
627 5644 723 5699 tuaa
779 5624 958 5695 secundum
1005 5618 1244 5703 Dominelesu
1256 5620 1392 5692 Christe
1424 5616 1575 5693 omnium
1600 5611 1805 5689 delictorum

159 5723 415 5801 multitudinem
441 5723 696 5797 miserationum
714 5740 874 5795 tuaruma
902 5741 958 5790 te·
1006 5718 1144 5795 suorum
1171 5717 1306 5790 veniam
1339 5714 1544 5812 percipere:
1573 5716 1608 5785 δι
1636 5709 1739 5823 hodie
1760 5712 1807 5785 sic
1839 5732 1908 5807 ¹05

160 5824 252 5917 spice
281 5824 315 5897 in
334 5820 590 5897 nosDomine·
625 5814 821 5909 qualvum
835 5816 957 5891 mefac
1009 5818 1120 5893 sanda
1151 5816 1314 5889 inchoare
1342 5814 1490 5898 jejunia:
1517 5830 1555 5885 ut
1578 5810 1619 5883 ad
1644 5810 1817 5919 duanae:

159 5920 283 5995 Deuca
319 5921 481 6015 quoniam
504 5919 717 6005 intrauerunt
739 5940 825 6012 aque
856 5914 959 6005 usque
1008 5912 1230 5989 surrectionis
1254 5909 1441 6009 purificatis
1470 5907 1639 5983 mentibus
1666 5908 1807 6002 digno

162 6022 205 6097 ad
237 6018 380 6095 animam
408 6032 543 6093 meam.
569 6010 620 6115 p
632 6011 757 6095 Gloria
783 6020 819 6091 δι
843 6012 960 6091 honor
1008 6028 1205 6093 mereantur
1228 6008 1393 6085 accedere
1414 6036 1424 6080 a
1460 6009 1495 6082 dt
1521 6008 1557 6083 iu
1585 6007 1704 6081 futuro
1729 6026 1811 6097 per-¹

257 6118 495 6215 misceretur·
1340 6106 1382 6203 Μ
1672 6120 1812 6200 petuam
1919 6176 1927 6194 .
