<?xml version="1.0" encoding="UTF-8"?>
<!DOCTYPE html PUBLIC "-//W3C//DTD XHTML 1.0 Transitional//EN"
    "http://www.w3.org/TR/xhtml1/DTD/xhtml1-transitional.dtd">
<html xmlns="http://www.w3.org/1999/xhtml" xml:lang="en" lang="en">
 <head>
  <title>
</title>
<meta http-equiv="Content-Type" content="text/html;charset=utf-8" />
  <meta name='ocr-system' content='tesseract 3.04.00' />
  <meta name='ocr-capabilities' content='ocr_page ocr_carea ocr_par ocr_line ocrx_word'/>
</head>
<body>
  <div class='ocr_page' id='page_1' title='image "./missalemixtumse00leslgoog_0175.png"; bbox 0 0 4450 7209; ppageno 0'>
   <div class='ocr_carea' id='block_1_1' title="bbox 97 798 1906 1679">
    <p class='ocr_par' dir='ltr' id='par_1_1' title="bbox 97 798 1906 1679">
     <span class='ocr_line' id='line_1_1' title="bbox 443 798 1827 888; baseline 0.004 -12"><span class='ocrx_word' id='word_1_1' title='bbox 443 801 690 880; x_wconf 71' lang='lat' dir='ltr'>DOMINI</span> <span class='ocrx_word' id='word_1_2' title='bbox 722 802 971 881; x_wconf 71' lang='lat' dir='ltr'>Nosrsts</span> <span class='ocrx_word' id='word_1_3' title='bbox 1005 800 1150 888; x_wconf 81' lang='lat' dir='ltr'>JEsn</span> <span class='ocrx_word' id='word_1_4' title='bbox 1187 798 1485 875; x_wconf 77' lang='lat' dir='ltr'>cflntsrt.</span> <span class='ocrx_word' id='word_1_5' title='bbox 1781 818 1827 887; x_wconf 74' lang='lat'>53</span> 
     </span>
     <span class='ocr_line' id='line_1_2' title="bbox 110 893 1905 1003; baseline -0.007 -26"><span class='ocrx_word' id='word_1_6' title='bbox 110 958 112 963; x_wconf 85' lang='lat'>-</span> <span class='ocrx_word' id='word_1_7' title='bbox 144 902 235 979; x_wconf 84' lang='lat' dir='ltr'>bunt</span> <span class='ocrx_word' id='word_1_8' title='bbox 251 900 370 981; x_wconf 89' lang='lat' dir='ltr'>simul.</span> <span class='ocrx_word' id='word_1_9' title='bbox 397 901 670 1003; x_wconf 74' lang='lat' dir='ltr'>congregamini</span> <span class='ocrx_word' id='word_1_10' title='bbox 684 928 806 981; x_wconf 90' lang='lat' dir='ltr'>omnes</span> <span class='ocrx_word' id='word_1_11' title='bbox 817 928 880 980; x_wconf 86' lang='lat' dir='ltr'>vos</span> <span class='ocrx_word' id='word_1_12' title='bbox 895 933 905 974; x_wconf 89' lang='lat'>:</span> <span class='ocrx_word' id='word_1_13' title='bbox 919 908 957 979; x_wconf 81' lang='lat' dir='ltr'>dt</span> <span class='ocrx_word' id='word_1_14' title='bbox 1190 902 1371 971; x_wconf 82' lang='lat' dir='ltr'>Secundum</span> <span class='ocrx_word' id='word_1_15' title='bbox 1388 893 1540 969; x_wconf 75' lang='lat' dir='ltr'>Lucam-¹</span> <span class='ocrx_word' id='word_1_16' title='bbox 1696 900 1820 989; x_wconf 71' lang='lat' dir='ltr'>capis.</span> <span class='ocrx_word' id='word_1_17' title='bbox 1862 912 1905 985; x_wconf 87' lang='lat'>55</span> 
     </span>
     <span class='ocr_line' id='line_1_3' title="bbox 144 988 1816 1095; baseline -0.005 -18"><span class='ocrx_word' id='word_1_18' title='bbox 144 1003 290 1077; x_wconf 89' lang='lat' dir='ltr'>audite:</span> <span class='ocrx_word' id='word_1_19' title='bbox 315 1000 390 1095; x_wconf 88' lang='lat' dir='ltr'>quis</span> <span class='ocrx_word' id='word_1_20' title='bbox 405 1002 449 1076; x_wconf 93' lang='lat' dir='ltr'>de</span> <span class='ocrx_word' id='word_1_21' title='bbox 464 1004 513 1075; x_wconf 87' lang='lat' dir='ltr'>eis</span> <span class='ocrx_word' id='word_1_22' title='bbox 529 1002 744 1077; x_wconf 76' lang='lat' dir='ltr'>annunciavit</span> <span class='ocrx_word' id='word_1_23' title='bbox 761 1002 858 1077; x_wconf 79' lang='lat' dir='ltr'>hec?</span> <span class='ocrx_word' id='word_1_24' title='bbox 878 1004 957 1081; x_wconf 91' lang='lat' dir='ltr'>Do-</span> <span class='ocrx_word' id='word_1_25' title='bbox 1059 996 1123 1074; x_wconf 89' lang='lat' dir='ltr'>Llo</span> <span class='ocrx_word' id='word_1_26' title='bbox 1139 996 1174 1070; x_wconf 92' lang='lat' dir='ltr'>in</span> <span class='ocrx_word' id='word_1_27' title='bbox 1190 1016 1374 1091; x_wconf 86' lang='lat' dir='ltr'>tempore:</span> <span class='ocrx_word' id='word_1_28' title='bbox 1402 994 1577 1092; x_wconf 77' lang='lat' dir='ltr'>postquam</span> <span class='ocrx_word' id='word_1_29' title='bbox 1590 988 1816 1065; x_wconf 81' lang='lat' dir='ltr'>consummati</span> 
     </span>
     <span class='ocr_line' id='line_1_4' title="bbox 143 1090 1820 1179; baseline -0.007 -4"><span class='ocrx_word' id='word_1_30' title='bbox 143 1099 256 1175; x_wconf 90' lang='lat' dir='ltr'>minus</span> <span class='ocrx_word' id='word_1_31' title='bbox 294 1096 417 1171; x_wconf 85' lang='lat' dir='ltr'>dilexit</span> <span class='ocrx_word' id='word_1_32' title='bbox 449 1122 566 1177; x_wconf 90' lang='lat' dir='ltr'>eum.</span> <span class='ocrx_word' id='word_1_33' title='bbox 601 1099 720 1174; x_wconf 82' lang='lat' dir='ltr'>Faciet</span> <span class='ocrx_word' id='word_1_34' title='bbox 746 1097 961 1179; x_wconf 88' lang='lat' dir='ltr'>voluntatem</span> <span class='ocrx_word' id='word_1_35' title='bbox 1082 1098 1158 1171; x_wconf 93' lang='lat' dir='ltr'>sunt</span> <span class='ocrx_word' id='word_1_36' title='bbox 1183 1095 1256 1167; x_wconf 87' lang='lat' dir='ltr'>dies</span> <span class='ocrx_word' id='word_1_37' title='bbox 1285 1092 1403 1169; x_wconf 72' lang='lat' dir='ltr'>osio:</span> <span class='ocrx_word' id='word_1_38' title='bbox 1436 1112 1475 1168; x_wconf 92' lang='lat' dir='ltr'>ut</span> <span class='ocrx_word' id='word_1_39' title='bbox 1512 1090 1820 1167; x_wconf 82' lang='lat' dir='ltr'>circumcideretur</span> 
     </span>
     <span class='ocr_line' id='line_1_5' title="bbox 144 1186 1817 1290; baseline 0.004 -36"><span class='ocrx_word' id='word_1_40' title='bbox 144 1193 238 1269; x_wconf 67' lang='lat' dir='ltr'>suam</span> <span class='ocrx_word' id='word_1_41' title='bbox 254 1196 288 1266; x_wconf 79' lang='lat' dir='ltr'>in</span> <span class='ocrx_word' id='word_1_42' title='bbox 314 1194 492 1290; x_wconf 63' lang='lat' dir='ltr'>Babylone</span> <span class='ocrx_word' id='word_1_43' title='bbox 508 1224 518 1268; x_wconf 92' lang='lat'>:</span> <span class='ocrx_word' id='word_1_44' title='bbox 538 1198 575 1270; x_wconf 63' lang='grc' dir='ltr'>ἃ</span> <span class='ocrx_word' id='word_1_45' title='bbox 601 1198 778 1273; x_wconf 63' lang='lat' dir='ltr'>brabium</span> <span class='ocrx_word' id='word_1_46' title='bbox 802 1197 897 1277; x_wconf 80' lang='lat' dir='ltr'>suum</span> <span class='ocrx_word' id='word_1_47' title='bbox 923 1199 959 1273; x_wconf 77' lang='lat' dir='ltr'>in</span> <span class='ocrx_word' id='word_1_48' title='bbox 1010 1218 1096 1289; x_wconf 92' lang='lat' dir='ltr'>puer</span> <span class='ocrx_word' id='word_1_49' title='bbox 1111 1224 1122 1265; x_wconf 82' lang='lat' dir='ltr'>a</span> <span class='ocrx_word' id='word_1_50' title='bbox 1136 1211 1297 1267; x_wconf 87' lang='lat' dir='ltr'>vocatum</span> <span class='ocrx_word' id='word_1_51' title='bbox 1310 1194 1357 1265; x_wconf 81' lang='lat' dir='ltr'>esi</span> <span class='ocrx_word' id='word_1_52' title='bbox 1372 1212 1495 1265; x_wconf 86' lang='lat' dir='ltr'>nomen</span> <span class='ocrx_word' id='word_1_53' title='bbox 1510 1186 1684 1271; x_wconf 79' lang='lat' dir='ltr'>eiuslcsus</span> <span class='ocrx_word' id='word_1_54' title='bbox 1697 1217 1707 1256; x_wconf 92' lang='lat'>:</span> <span class='ocrx_word' id='word_1_55' title='bbox 1722 1190 1817 1285; x_wconf 91' lang='lat' dir='ltr'>quod</span> 
     </span>
     <span class='ocr_line' id='line_1_6' title="bbox 97 1284 1820 1396; baseline -0.003 -31"><span class='ocrx_word' id='word_1_56' title='bbox 97 1322 115 1396; x_wconf 82' lang='lat'><em>5</em></span> <span class='ocrx_word' id='word_1_57' title='bbox 146 1290 346 1367; x_wconf 84' lang='lat' dir='ltr'>Chaldeis.</span> <span class='ocrx_word' id='word_1_58' title='bbox 387 1295 462 1393; x_wconf 82' lang='lat' dir='ltr'>Ego</span> <span class='ocrx_word' id='word_1_59' title='bbox 493 1292 630 1369; x_wconf 85' lang='lat' dir='ltr'>locutus</span> <span class='ocrx_word' id='word_1_60' title='bbox 656 1296 725 1374; x_wconf 91' lang='lat' dir='ltr'>sum</span> <span class='ocrx_word' id='word_1_61' title='bbox 764 1299 800 1370; x_wconf 79' lang='lat' dir='ltr'>dt</span> <span class='ocrx_word' id='word_1_62' title='bbox 830 1299 957 1375; x_wconf 88' lang='lat' dir='ltr'>vocavi</span> <span class='ocrx_word' id='word_1_63' title='bbox 1009 1311 1170 1367; x_wconf 89' lang='lat' dir='ltr'>vocatum</span> <span class='ocrx_word' id='word_1_64' title='bbox 1184 1292 1231 1362; x_wconf 81' lang='lat' dir='ltr'>esi</span> <span class='ocrx_word' id='word_1_65' title='bbox 1245 1290 1286 1363; x_wconf 87' lang='lat' dir='ltr'>ab</span> <span class='ocrx_word' id='word_1_66' title='bbox 1303 1284 1428 1386; x_wconf 82' lang='lat' dir='ltr'>angelo</span> <span class='ocrx_word' id='word_1_67' title='bbox 1444 1285 1636 1382; x_wconf 88' lang='lat' dir='ltr'>priusquam</span> <span class='ocrx_word' id='word_1_68' title='bbox 1651 1284 1686 1356; x_wconf 88' lang='lat' dir='ltr'>iu</span> <span class='ocrx_word' id='word_1_69' title='bbox 1715 1306 1820 1359; x_wconf 91' lang='lat' dir='ltr'>utero</span> 
     </span>
     <span class='ocr_line' id='line_1_7' title="bbox 109 1378 1906 1485; baseline -0.003 -21"><span class='ocrx_word' id='word_1_70' title='bbox 109 1466 115 1471; x_wconf 80' lang='grc'>,</span> <span class='ocrx_word' id='word_1_71' title='bbox 147 1414 249 1466; x_wconf 84' lang='lat' dir='ltr'>eum:</span> <span class='ocrx_word' id='word_1_72' title='bbox 280 1389 406 1465; x_wconf 83' lang='lat' dir='ltr'>adduxi</span> <span class='ocrx_word' id='word_1_73' title='bbox 419 1414 520 1466; x_wconf 85' lang='lat' dir='ltr'>eum:</span> <span class='ocrx_word' id='word_1_74' title='bbox 540 1390 720 1465; x_wconf 73' lang='lat' dir='ltr'>&amp;directa</span> <span class='ocrx_word' id='word_1_75' title='bbox 733 1395 780 1467; x_wconf 84' lang='lat' dir='ltr'>esi</span> <span class='ocrx_word' id='word_1_76' title='bbox 795 1396 959 1483; x_wconf 80' lang='lat' dir='ltr'>viarius.</span> <span class='ocrx_word' id='word_1_77' title='bbox 1008 1390 1276 1485; x_wconf 87' lang='lat' dir='ltr'>conciperetur.</span> <span class='ocrx_word' id='word_1_78' title='bbox 1301 1386 1342 1457; x_wconf 77' lang='lat' dir='ltr'>n:</span> <span class='ocrx_word' id='word_1_79' title='bbox 1370 1385 1545 1479; x_wconf 86' lang='lat' dir='ltr'>postquam</span> <span class='ocrx_word' id='word_1_80' title='bbox 1580 1378 1712 1477; x_wconf 90' lang='lat' dir='ltr'>impleti</span> <span class='ocrx_word' id='word_1_81' title='bbox 1739 1381 1817 1455; x_wconf 89' lang='lat' dir='ltr'>suut</span> <span class='ocrx_word' id='word_1_82' title='bbox 1856 1386 1906 1458; x_wconf 84' lang='lat'>60</span> 
     </span>
     <span class='ocr_line' id='line_1_8' title="bbox 145 1476 1822 1656; baseline -0.007 -93"><span class='ocrx_word' id='word_1_83' title='bbox 145 1488 320 1563; x_wconf 85' lang='lat' dir='ltr'>Accedite</span> <span class='ocrx_word' id='word_1_84' title='bbox 335 1491 376 1561; x_wconf 84' lang='lat' dir='ltr'>ad</span> <span class='ocrx_word' id='word_1_85' title='bbox 391 1510 446 1561; x_wconf 91' lang='lat' dir='ltr'>me</span> <span class='ocrx_word' id='word_1_86' title='bbox 462 1492 498 1563; x_wconf 78' lang='grc' dir='ltr'>δι</span> <span class='ocrx_word' id='word_1_87' title='bbox 515 1491 632 1565; x_wconf 89' lang='lat' dir='ltr'>audite</span> <span class='ocrx_word' id='word_1_88' title='bbox 646 1491 715 1563; x_wconf 92' lang='lat' dir='ltr'>hoc</span> <span class='ocrx_word' id='word_1_89' title='bbox 729 1515 850 1567; x_wconf 91' lang='lat' dir='ltr'>:nona</span> <span class='ocrx_word' id='word_1_90' title='bbox 866 1495 960 1591; x_wconf 88' lang='lat' dir='ltr'>prin·</span> <span class='ocrx_word' id='word_1_91' title='bbox 1010 1488 1083 1561; x_wconf 88' lang='lat' dir='ltr'>dies</span> <span class='ocrx_word' id='word_1_92' title='bbox 1112 1483 1328 1656; x_wconf 50' lang='lat' dir='ltr'>purgationis</span> <span class='ocrx_word' id='word_1_93' title='bbox 1356 1489 1430 1569; x_wconf 85' lang='lat' dir='ltr'>ejus</span> <span class='ocrx_word' id='word_1_94' title='bbox 1446 1509 1456 1551; x_wconf 95' lang='lat'>:</span> <span class='ocrx_word' id='word_1_95' title='bbox 1492 1483 1677 1556; x_wconf 90' lang='lat' dir='ltr'>secundum</span> <span class='ocrx_word' id='word_1_96' title='bbox 1706 1476 1822 1575; x_wconf 88' lang='lat' dir='ltr'>legem</span> 
     </span>
     <span class='ocr_line' id='line_1_9' title="bbox 146 1574 1820 1679; baseline -0.006 -22"><span class='ocrx_word' id='word_1_97' title='bbox 146 1585 243 1679; x_wconf 85' lang='lat' dir='ltr'>cipio</span> <span class='ocrx_word' id='word_1_98' title='bbox 257 1586 293 1658; x_wconf 92' lang='lat' dir='ltr'>in</span> <span class='ocrx_word' id='word_1_99' title='bbox 307 1584 513 1663; x_wconf 88' lang='lat' dir='ltr'>abscondito</span> <span class='ocrx_word' id='word_1_100' title='bbox 530 1586 664 1663; x_wconf 87' lang='lat' dir='ltr'>locutus</span> <span class='ocrx_word' id='word_1_101' title='bbox 687 1585 781 1662; x_wconf 86' lang='lat' dir='ltr'>sum:</span> <span class='ocrx_word' id='word_1_102' title='bbox 804 1612 849 1663; x_wconf 85' lang='lat' dir='ltr'>ex</span> <span class='ocrx_word' id='word_1_103' title='bbox 866 1612 959 1665; x_wconf 87' lang='lat' dir='ltr'>rem·</span> <span class='ocrx_word' id='word_1_104' title='bbox 1010 1585 1130 1679; x_wconf 90' lang='lat' dir='ltr'>Moysi</span> <span class='ocrx_word' id='word_1_105' title='bbox 1150 1601 1165 1656; x_wconf 93' lang='lat' dir='ltr'>t</span> <span class='ocrx_word' id='word_1_106' title='bbox 1202 1599 1306 1658; x_wconf 91' lang='lat' dir='ltr'>erunt</span> <span class='ocrx_word' id='word_1_107' title='bbox 1328 1577 1426 1653; x_wconf 90' lang='lat' dir='ltr'>illum</span> <span class='ocrx_word' id='word_1_108' title='bbox 1456 1578 1494 1653; x_wconf 91' lang='lat' dir='ltr'>in</span> <span class='ocrx_word' id='word_1_109' title='bbox 1510 1574 1722 1654; x_wconf 81' lang='lat' dir='ltr'>Hierusalem</span> <span class='ocrx_word' id='word_1_110' title='bbox 1742 1603 1761 1645; x_wconf 81' lang='lat'>:-</span> <span class='ocrx_word' id='word_1_111' title='bbox 1782 1595 1820 1649; x_wconf 91' lang='lat' dir='ltr'>ut</span> 
     </span>
    </p>
   </div>
   <div class='ocr_carea' id='block_1_2' title="bbox 78 1673 1819 1880">
    <p class='ocr_par' dir='ltr' id='par_1_2' title="bbox 78 1673 1819 1880">
     <span class='ocr_line' id='line_1_10' title="bbox 147 1673 1819 1853; baseline 0.004 -98"><span class='ocrx_word' id='word_1_112' title='bbox 147 1703 436 1853; x_wconf 48' lang='lat' dir='ltr'>&amp;reantequam</span> <span class='ocrx_word' id='word_1_113' title='bbox 464 1686 567 1759; x_wconf 87' lang='lat' dir='ltr'>fieret</span> <span class='ocrx_word' id='word_1_114' title='bbox 584 1684 630 1761; x_wconf 92' lang='lat' dir='ltr'>ibi</span> <span class='ocrx_word' id='word_1_115' title='bbox 658 1709 777 1761; x_wconf 88' lang='lat' dir='ltr'>eram.</span> <span class='ocrx_word' id='word_1_116' title='bbox 803 1689 846 1761; x_wconf 81' lang='lat' dir='ltr'>Et</span> <span class='ocrx_word' id='word_1_117' title='bbox 871 1713 960 1765; x_wconf 90' lang='lat' dir='ltr'>nunc</span> <span class='ocrx_word' id='word_1_118' title='bbox 1010 1684 1163 1757; x_wconf 84' lang='lat' dir='ltr'>sisterent</span> <span class='ocrx_word' id='word_1_119' title='bbox 1177 1704 1256 1755; x_wconf 75' lang='lat' dir='ltr'>tum</span> <span class='ocrx_word' id='word_1_120' title='bbox 1271 1680 1422 1753; x_wconf 76' lang='lat' dir='ltr'>Domino</span> <span class='ocrx_word' id='word_1_121' title='bbox 1446 1725 1457 1748; x_wconf 91' lang='lat'><strong>·</strong></span> <span class='ocrx_word' id='word_1_122' title='bbox 1485 1678 1579 1755; x_wconf 86' lang='lat' dir='ltr'>Sicut</span> <span class='ocrx_word' id='word_1_123' title='bbox 1594 1673 1819 1767; x_wconf 87' lang='lat' dir='ltr'>scriptumest</span> 
     </span>
     <span class='ocr_line' id='line_1_11' title="bbox 78 1769 1819 1880; baseline -0.006 -24"><span class='ocrx_word' id='word_1_124' title='bbox 78 1808 117 1867; x_wconf 73' lang='grc' dir='ltr'>ιο</span> <span class='ocrx_word' id='word_1_125' title='bbox 184 1781 322 1854; x_wconf 85' lang='lat' dir='ltr'>ominus</span> <span class='ocrx_word' id='word_1_126' title='bbox 340 1784 434 1855; x_wconf 90' lang='lat' dir='ltr'>Deus</span> <span class='ocrx_word' id='word_1_127' title='bbox 459 1783 635 1858; x_wconf 88' lang='lat' dir='ltr'>misitme:</span> <span class='ocrx_word' id='word_1_128' title='bbox 663 1788 698 1858; x_wconf 89' lang='lat'>&amp;</span> <span class='ocrx_word' id='word_1_129' title='bbox 713 1783 858 1880; x_wconf 84' lang='lat' dir='ltr'>Spiritus</span> <span class='ocrx_word' id='word_1_130' title='bbox 873 1792 959 1873; x_wconf 83' lang='lat' dir='ltr'>ejus.</span> <span class='ocrx_word' id='word_1_131' title='bbox 1010 1780 1046 1854; x_wconf 91' lang='lat' dir='ltr'>in</span> <span class='ocrx_word' id='word_1_132' title='bbox 1061 1780 1141 1878; x_wconf 91' lang='lat' dir='ltr'>lege</span> <span class='ocrx_word' id='word_1_133' title='bbox 1170 1776 1339 1853; x_wconf 84' lang='lat' dir='ltr'>Domini:</span> <span class='ocrx_word' id='word_1_134' title='bbox 1367 1775 1445 1868; x_wconf 90' lang='lat' dir='ltr'>quia</span> <span class='ocrx_word' id='word_1_135' title='bbox 1470 1800 1572 1853; x_wconf 91' lang='lat' dir='ltr'>omne</span> <span class='ocrx_word' id='word_1_136' title='bbox 1599 1769 1819 1851; x_wconf 86' lang='lat' dir='ltr'>masculinum</span> 
     </span>
    </p>
   </div>
   <div class='ocr_carea' id='block_1_3' title="bbox 68 1869 1943 6085">
    <p class='ocr_par' dir='ltr' id='par_1_3' title="bbox 147 1869 1903 2267">
     <span class='ocr_line' id='line_1_12' title="bbox 152 1869 1903 1977; baseline -0.007 -23"><span class='ocrx_word' id='word_1_137' title='bbox 152 1881 230 1954; x_wconf 86' lang='lat' dir='ltr'>Hec</span> <span class='ocrx_word' id='word_1_138' title='bbox 245 1878 331 1951; x_wconf 91' lang='lat' dir='ltr'>dicit</span> <span class='ocrx_word' id='word_1_139' title='bbox 352 1880 523 1955; x_wconf 83' lang='lat' dir='ltr'>Dominus</span> <span class='ocrx_word' id='word_1_140' title='bbox 538 1882 757 1977; x_wconf 85' lang='lat' dir='ltr'>Redemptor</span> <span class='ocrx_word' id='word_1_141' title='bbox 780 1902 860 1956; x_wconf 86' lang='lat' dir='ltr'>tuus</span> <span class='ocrx_word' id='word_1_142' title='bbox 886 1884 960 1957; x_wconf 89' lang='lat' dir='ltr'>san·</span> <span class='ocrx_word' id='word_1_143' title='bbox 1008 1880 1208 1975; x_wconf 91' lang='lat' dir='ltr'>adaperiens</span> <span class='ocrx_word' id='word_1_144' title='bbox 1223 1875 1362 1952; x_wconf 80' lang='lat' dir='ltr'>vulvam</span> <span class='ocrx_word' id='word_1_145' title='bbox 1377 1872 1570 1949; x_wconf 73' lang='lat' dir='ltr'>:sructura</span> <span class='ocrx_word' id='word_1_146' title='bbox 1579 1869 1738 1947; x_wconf 90' lang='lat' dir='ltr'>Domino</span> <span class='ocrx_word' id='word_1_147' title='bbox 1753 1893 1819 1943; x_wconf 92' lang='lat' dir='ltr'>vo·</span> <span class='ocrx_word' id='word_1_148' title='bbox 1854 1872 1903 1964; x_wconf 88' lang='lat'>65</span> 
     </span>
     <span class='ocr_line' id='line_1_13' title="bbox 151 1968 1821 2077; baseline -0.002 -30"><span class='ocrx_word' id='word_1_149' title='bbox 151 1976 226 2049; x_wconf 76' lang='lat' dir='ltr'>dius</span> <span class='ocrx_word' id='word_1_150' title='bbox 248 1974 371 2050; x_wconf 86' lang='lat' dir='ltr'>lsrael.</span> <span class='ocrx_word' id='word_1_151' title='bbox 392 1978 468 2077; x_wconf 84' lang='lat' dir='ltr'>Ego</span> <span class='ocrx_word' id='word_1_152' title='bbox 484 1980 655 2053; x_wconf 82' lang='lat' dir='ltr'>Dominus</span> <span class='ocrx_word' id='word_1_153' title='bbox 678 1980 771 2055; x_wconf 88' lang='lat' dir='ltr'>Deus</span> <span class='ocrx_word' id='word_1_154' title='bbox 797 2001 875 2056; x_wconf 84' lang='lat' dir='ltr'>tuuc</span> <span class='ocrx_word' id='word_1_155' title='bbox 890 1984 962 2061; x_wconf 81' lang='lat' dir='ltr'>do·</span> <span class='ocrx_word' id='word_1_156' title='bbox 1005 1980 1167 2052; x_wconf 86' lang='lat' dir='ltr'>cabitur.</span> <span class='ocrx_word' id='word_1_157' title='bbox 1191 1978 1234 2049; x_wconf 85' lang='lat' dir='ltr'>Et</span> <span class='ocrx_word' id='word_1_158' title='bbox 1257 1994 1298 2048; x_wconf 93' lang='lat' dir='ltr'>ut</span> <span class='ocrx_word' id='word_1_159' title='bbox 1320 1975 1443 2047; x_wconf 88' lang='lat' dir='ltr'>darent</span> <span class='ocrx_word' id='word_1_160' title='bbox 1474 1973 1615 2045; x_wconf 87' lang='lat' dir='ltr'>hostiam</span> <span class='ocrx_word' id='word_1_161' title='bbox 1638 1968 1821 2044; x_wconf 87' lang='lat' dir='ltr'>secundum</span> 
     </span>
     <span class='ocr_line' id='line_1_14' title="bbox 147 2067 1819 2173; baseline -0.007 -26"><span class='ocrx_word' id='word_1_162' title='bbox 147 2096 230 2147; x_wconf 91' lang='lat' dir='ltr'>cens</span> <span class='ocrx_word' id='word_1_163' title='bbox 244 2090 282 2147; x_wconf 88' lang='lat' dir='ltr'>te</span> <span class='ocrx_word' id='word_1_164' title='bbox 298 2072 415 2149; x_wconf 90' lang='lat' dir='ltr'>utilia:</span> <span class='ocrx_word' id='word_1_165' title='bbox 435 2076 625 2173; x_wconf 89' lang='lat' dir='ltr'>gubernans</span> <span class='ocrx_word' id='word_1_166' title='bbox 640 2095 677 2150; x_wconf 92' lang='lat' dir='ltr'>te</span> <span class='ocrx_word' id='word_1_167' title='bbox 691 2076 725 2150; x_wconf 91' lang='lat' dir='ltr'>in</span> <span class='ocrx_word' id='word_1_168' title='bbox 739 2078 795 2151; x_wconf 88' lang='lat' dir='ltr'>via</span> <span class='ocrx_word' id='word_1_169' title='bbox 812 2100 877 2172; x_wconf 88' lang='lat' dir='ltr'>qua</span> <span class='ocrx_word' id='word_1_170' title='bbox 889 2104 960 2156; x_wconf 90' lang='lat' dir='ltr'>arn·</span> <span class='ocrx_word' id='word_1_171' title='bbox 1010 2078 1103 2168; x_wconf 92' lang='lat' dir='ltr'>quod</span> <span class='ocrx_word' id='word_1_172' title='bbox 1117 2071 1246 2148; x_wconf 74' lang='lat' dir='ltr'>dissum</span> <span class='ocrx_word' id='word_1_173' title='bbox 1261 2073 1309 2145; x_wconf 86' lang='lat' dir='ltr'>est</span> <span class='ocrx_word' id='word_1_174' title='bbox 1322 2075 1358 2147; x_wconf 92' lang='lat' dir='ltr'>in</span> <span class='ocrx_word' id='word_1_175' title='bbox 1381 2069 1458 2168; x_wconf 81' lang='lat' dir='ltr'>lege</span> <span class='ocrx_word' id='word_1_176' title='bbox 1472 2067 1637 2145; x_wconf 78' lang='lat' dir='ltr'>Domini:</span> <span class='ocrx_word' id='word_1_177' title='bbox 1665 2091 1726 2164; x_wconf 90' lang='lat' dir='ltr'>par</span> <span class='ocrx_word' id='word_1_178' title='bbox 1742 2084 1819 2137; x_wconf 89' lang='lat' dir='ltr'>tur·</span> 
     </span>
     <span class='ocr_line' id='line_1_15' title="bbox 150 2162 1818 2267; baseline -0.005 -24"><span class='ocrx_word' id='word_1_179' title='bbox 150 2169 272 2243; x_wconf 86' lang='lat' dir='ltr'>bulas.</span> <span class='ocrx_word' id='word_1_180' title='bbox 304 2173 440 2248; x_wconf 85' lang='lat' dir='ltr'>Utinam</span> <span class='ocrx_word' id='word_1_181' title='bbox 461 2173 670 2248; x_wconf 80' lang='lat' dir='ltr'>adtendisses</span> <span class='ocrx_word' id='word_1_182' title='bbox 685 2176 839 2250; x_wconf 88' lang='lat' dir='ltr'>mandata</span> <span class='ocrx_word' id='word_1_183' title='bbox 853 2201 956 2253; x_wconf 83' lang='lat' dir='ltr'>mea:</span> <span class='ocrx_word' id='word_1_184' title='bbox 1008 2174 1121 2248; x_wconf 87' lang='lat' dir='ltr'>turum</span> <span class='ocrx_word' id='word_1_185' title='bbox 1145 2191 1207 2248; x_wconf 88' lang='lat' dir='ltr'>aut</span> <span class='ocrx_word' id='word_1_186' title='bbox 1229 2171 1318 2250; x_wconf 90' lang='lat' dir='ltr'>duos</span> <span class='ocrx_word' id='word_1_187' title='bbox 1345 2167 1455 2267; x_wconf 92' lang='lat' dir='ltr'>pullos</span> <span class='ocrx_word' id='word_1_188' title='bbox 1483 2164 1744 2243; x_wconf 91' lang='lat' dir='ltr'>columbarum.</span> <span class='ocrx_word' id='word_1_189' title='bbox 1773 2162 1818 2237; x_wconf 87' lang='lat' dir='ltr'>Et</span> 
     </span>
    </p>

    <p class='ocr_par' dir='ltr' id='par_1_4' title="bbox 76 2262 1814 2373">
     <span class='ocr_line' id='line_1_16' title="bbox 76 2262 1814 2373; baseline -0.007 -30"><span class='ocrx_word' id='word_1_190' title='bbox 76 2296 115 2373; x_wconf 81' lang='lat'>15</span> <span class='ocrx_word' id='word_1_191' title='bbox 149 2268 238 2343; x_wconf 68' lang='lat' dir='ltr'>sassa</span> <span class='ocrx_word' id='word_1_192' title='bbox 261 2269 373 2343; x_wconf 83' lang='lat' dir='ltr'>fuisset</span> <span class='ocrx_word' id='word_1_193' title='bbox 385 2270 476 2365; x_wconf 89' lang='lat' dir='ltr'>quasi</span> <span class='ocrx_word' id='word_1_194' title='bbox 493 2272 620 2345; x_wconf 92' lang='lat' dir='ltr'>flumen</span> <span class='ocrx_word' id='word_1_195' title='bbox 648 2293 803 2368; x_wconf 83' lang='lat' dir='ltr'>paxtua:</span> <span class='ocrx_word' id='word_1_196' title='bbox 818 2279 854 2349; x_wconf 81' lang='lat' dir='ltr'>dr</span> <span class='ocrx_word' id='word_1_197' title='bbox 866 2277 960 2361; x_wconf 81' lang='lat' dir='ltr'>jusii-</span> <span class='ocrx_word' id='word_1_198' title='bbox 1007 2294 1089 2345; x_wconf 83' lang='lat' dir='ltr'>ecce</span> <span class='ocrx_word' id='word_1_199' title='bbox 1105 2274 1299 2348; x_wconf 92' lang='lat' dir='ltr'>homoerat</span> <span class='ocrx_word' id='word_1_200' title='bbox 1314 2270 1348 2343; x_wconf 91' lang='lat' dir='ltr'>in</span> <span class='ocrx_word' id='word_1_201' title='bbox 1362 2264 1575 2342; x_wconf 78' lang='lat' dir='ltr'>Hierusalem</span> <span class='ocrx_word' id='word_1_202' title='bbox 1592 2292 1603 2336; x_wconf 83' lang='lat' dir='ltr'>r</span> <span class='ocrx_word' id='word_1_203' title='bbox 1619 2262 1674 2334; x_wconf 90' lang='lat' dir='ltr'>cui</span> <span class='ocrx_word' id='word_1_204' title='bbox 1687 2284 1814 2337; x_wconf 90' lang='lat' dir='ltr'>nomeu</span> 
     </span>
    </p>

    <p class='ocr_par' dir='ltr' id='par_1_5' title="bbox 111 2362 1903 2765">
     <span class='ocr_line' id='line_1_17' title="bbox 111 2362 1903 2469; baseline -0.005 -30"><span class='ocrx_word' id='word_1_205' title='bbox 111 2460 114 2469; x_wconf 12' lang='lat' dir='ltr'>A</span> <span class='ocrx_word' id='word_1_206' title='bbox 148 2367 201 2440; x_wconf 89' lang='lat' dir='ltr'>cia</span> <span class='ocrx_word' id='word_1_207' title='bbox 216 2386 275 2443; x_wconf 92' lang='lat' dir='ltr'>tua</span> <span class='ocrx_word' id='word_1_208' title='bbox 290 2368 374 2443; x_wconf 83' lang='lat' dir='ltr'>ficut</span> <span class='ocrx_word' id='word_1_209' title='bbox 389 2392 520 2465; x_wconf 83' lang='lat' dir='ltr'>gurges</span> <span class='ocrx_word' id='word_1_210' title='bbox 531 2368 652 2443; x_wconf 87' lang='lat' dir='ltr'>maris.</span> <span class='ocrx_word' id='word_1_211' title='bbox 678 2372 719 2443; x_wconf 85' lang='lat' dir='ltr'>Et</span> <span class='ocrx_word' id='word_1_212' title='bbox 737 2372 850 2446; x_wconf 85' lang='lat' dir='ltr'>fuisset</span> <span class='ocrx_word' id='word_1_213' title='bbox 865 2377 960 2466; x_wconf 80' lang='lat' dir='ltr'>quast</span> <span class='ocrx_word' id='word_1_214' title='bbox 1007 2370 1169 2445; x_wconf 82' lang='lat' dir='ltr'>Simeon:</span> <span class='ocrx_word' id='word_1_215' title='bbox 1196 2368 1356 2443; x_wconf 89' lang='lat' dir='ltr'>&amp;homo</span> <span class='ocrx_word' id='word_1_216' title='bbox 1380 2367 1439 2439; x_wconf 82' lang='lat' dir='ltr'>isle</span> <span class='ocrx_word' id='word_1_217' title='bbox 1451 2366 1555 2451; x_wconf 86' lang='lat' dir='ltr'>julius</span> <span class='ocrx_word' id='word_1_218' title='bbox 1577 2362 1813 2439; x_wconf 85' lang='lat' dir='ltr'>&amp;timoratus</span> <span class='ocrx_word' id='word_1_219' title='bbox 1853 2383 1903 2456; x_wconf 83' lang='lat'>70</span> 
     </span>
     <span class='ocr_line' id='line_1_18' title="bbox 149 2455 1830 2565; baseline -0.007 -26"><span class='ocrx_word' id='word_1_220' title='bbox 149 2488 254 2539; x_wconf 90' lang='lat' dir='ltr'>arena</span> <span class='ocrx_word' id='word_1_221' title='bbox 269 2464 380 2541; x_wconf 86' lang='lat' dir='ltr'>semen</span> <span class='ocrx_word' id='word_1_222' title='bbox 397 2485 518 2544; x_wconf 86' lang='lat' dir='ltr'>trmm:</span> <span class='ocrx_word' id='word_1_223' title='bbox 543 2472 580 2543; x_wconf 81' lang='lat' dir='ltr'>dt</span> <span class='ocrx_word' id='word_1_224' title='bbox 596 2468 692 2565; x_wconf 84' lang='lat' dir='ltr'>stirps</span> <span class='ocrx_word' id='word_1_225' title='bbox 721 2471 813 2546; x_wconf 85' lang='lat' dir='ltr'>uteri</span> <span class='ocrx_word' id='word_1_226' title='bbox 840 2473 889 2546; x_wconf 90' lang='lat' dir='ltr'>tui</span> <span class='ocrx_word' id='word_1_227' title='bbox 918 2494 956 2551; x_wconf 90' lang='lat' dir='ltr'>ut</span> <span class='ocrx_word' id='word_1_228' title='bbox 1008 2473 1193 2565; x_wconf 71' lang='lat' dir='ltr'>capessans</span> <span class='ocrx_word' id='word_1_229' title='bbox 1210 2465 1486 2543; x_wconf 83' lang='lat' dir='ltr'>consolationem</span> <span class='ocrx_word' id='word_1_230' title='bbox 1509 2458 1634 2537; x_wconf 79' lang='lat' dir='ltr'>lsrael:</span> <span class='ocrx_word' id='word_1_231' title='bbox 1655 2461 1691 2530; x_wconf 74' lang='grc' dir='ltr'>δι</span> <span class='ocrx_word' id='word_1_232' title='bbox 1704 2455 1830 2552; x_wconf 79' lang='lat' dir='ltr'>Spiri..</span> 
     </span>
     <span class='ocr_line' id='line_1_19' title="bbox 151 2554 1819 2657; baseline -0.005 -22"><span class='ocrx_word' id='word_1_233' title='bbox 151 2559 263 2657; x_wconf 90' lang='lat' dir='ltr'>lapilli</span> <span class='ocrx_word' id='word_1_234' title='bbox 281 2569 367 2651; x_wconf 76' lang='lat' dir='ltr'>eius:</span> <span class='ocrx_word' id='word_1_235' title='bbox 383 2589 450 2639; x_wconf 90' lang='lat' dir='ltr'>non</span> <span class='ocrx_word' id='word_1_236' title='bbox 465 2564 639 2643; x_wconf 81' lang='lat' dir='ltr'>interisset:</span> <span class='ocrx_word' id='word_1_237' title='bbox 654 2571 689 2643; x_wconf 70' lang='grc' dir='ltr'><strong>ἃ</strong></span> <span class='ocrx_word' id='word_1_238' title='bbox 707 2567 817 2645; x_wconf 86' lang='lat' dir='ltr'>fuisset</span> <span class='ocrx_word' id='word_1_239' title='bbox 830 2595 955 2647; x_wconf 90' lang='lat' dir='ltr'>nomen</span> <span class='ocrx_word' id='word_1_240' title='bbox 1006 2585 1061 2642; x_wconf 87' lang='lat' dir='ltr'>tus</span> <span class='ocrx_word' id='word_1_241' title='bbox 1074 2566 1215 2643; x_wconf 71' lang='lat' dir='ltr'>sancus</span> <span class='ocrx_word' id='word_1_242' title='bbox 1240 2566 1451 2641; x_wconf 87' lang='lat' dir='ltr'>eratineo.</span> <span class='ocrx_word' id='word_1_243' title='bbox 1480 2564 1523 2636; x_wconf 85' lang='lat' dir='ltr'>Et</span> <span class='ocrx_word' id='word_1_244' title='bbox 1549 2554 1746 2657; x_wconf 87' lang='lat' dir='ltr'>responsum</span> <span class='ocrx_word' id='word_1_245' title='bbox 1761 2576 1819 2628; x_wconf 89' lang='lat' dir='ltr'>ac·</span> 
     </span>
     <span class='ocr_line' id='line_1_20' title="bbox 146 2649 1816 2765; baseline -0.005 -34"><span class='ocrx_word' id='word_1_246' title='bbox 146 2665 221 2746; x_wconf 86' lang='lat' dir='ltr'>ejus</span> <span class='ocrx_word' id='word_1_247' title='bbox 236 2664 392 2741; x_wconf 86' lang='lat' dir='ltr'>attritum</span> <span class='ocrx_word' id='word_1_248' title='bbox 418 2691 436 2739; x_wconf 93' lang='lat' dir='ltr'>a</span> <span class='ocrx_word' id='word_1_249' title='bbox 453 2666 545 2741; x_wconf 77' lang='lat' dir='ltr'>facie</span> <span class='ocrx_word' id='word_1_250' title='bbox 572 2690 671 2741; x_wconf 89' lang='lat' dir='ltr'>mea.</span> <span class='ocrx_word' id='word_1_251' title='bbox 696 2666 906 2765; x_wconf 86' lang='lat' dir='ltr'>Egredimini</span> <span class='ocrx_word' id='word_1_252' title='bbox 937 2698 957 2745; x_wconf 91' lang='lat' dir='ltr'>a</span> <span class='ocrx_word' id='word_1_253' title='bbox 1007 2686 1180 2763; x_wconf 83' lang='lat' dir='ltr'>ceperas:</span> <span class='ocrx_word' id='word_1_254' title='bbox 1197 2664 1328 2760; x_wconf 88' lang='lat' dir='ltr'>Spiritu</span> <span class='ocrx_word' id='word_1_255' title='bbox 1352 2659 1503 2737; x_wconf 71' lang='lat' dir='ltr'>Sancto:</span> <span class='ocrx_word' id='word_1_256' title='bbox 1529 2681 1599 2735; x_wconf 91' lang='lat' dir='ltr'>non</span> <span class='ocrx_word' id='word_1_257' title='bbox 1613 2655 1764 2732; x_wconf 86' lang='lat' dir='ltr'>visurum</span> <span class='ocrx_word' id='word_1_258' title='bbox 1780 2649 1816 2723; x_wconf 91' lang='lat' dir='ltr'>se</span> 
     </span>
    </p>

    <p class='ocr_par' dir='ltr' id='par_1_6' title="bbox 75 2753 1900 3252">
     <span class='ocr_line' id='line_1_21' title="bbox 75 2753 1813 2859; baseline -0.007 -23"><span class='ocrx_word' id='word_1_259' title='bbox 75 2784 116 2837; x_wconf 88' lang='lat' dir='ltr'>an</span> <span class='ocrx_word' id='word_1_260' title='bbox 146 2759 357 2852; x_wconf 80' lang='lat' dir='ltr'>Babylone:</span> <span class='ocrx_word' id='word_1_261' title='bbox 386 2762 498 2859; x_wconf 86' lang='lat' dir='ltr'>fugite</span> <span class='ocrx_word' id='word_1_262' title='bbox 519 2780 544 2840; x_wconf 86' lang='lat' dir='ltr'>&#39;a</span> <span class='ocrx_word' id='word_1_263' title='bbox 571 2762 766 2841; x_wconf 84' lang='lat' dir='ltr'>Chaldeis.</span> <span class='ocrx_word' id='word_1_264' title='bbox 794 2768 832 2839; x_wconf 90' lang='lat' dir='ltr'>ln</span> <span class='ocrx_word' id='word_1_265' title='bbox 861 2793 956 2844; x_wconf 90' lang='lat' dir='ltr'>voce</span> <span class='ocrx_word' id='word_1_266' title='bbox 1006 2786 1178 2839; x_wconf 88' lang='lat' dir='ltr'>mortem:</span> <span class='ocrx_word' id='word_1_267' title='bbox 1202 2764 1263 2837; x_wconf 81' lang='lat' dir='ltr'>nist</span> <span class='ocrx_word' id='word_1_268' title='bbox 1279 2759 1524 2857; x_wconf 84' lang='lat' dir='ltr'>priusvideret</span> <span class='ocrx_word' id='word_1_269' title='bbox 1549 2756 1720 2829; x_wconf 88' lang='lat' dir='ltr'>Chrislum</span> <span class='ocrx_word' id='word_1_270' title='bbox 1734 2753 1813 2824; x_wconf 92' lang='lat' dir='ltr'>Do-</span> 
     </span>
     <span class='ocr_line' id='line_1_22' title="bbox 145 2848 1900 2953; baseline -0.008 -18"><span class='ocrx_word' id='word_1_271' title='bbox 145 2856 376 2937; x_wconf 81' lang='lat' dir='ltr'>exultationi:</span> <span class='ocrx_word' id='word_1_272' title='bbox 404 2862 605 2935; x_wconf 86' lang='lat' dir='ltr'>annunciate</span> <span class='ocrx_word' id='word_1_273' title='bbox 620 2891 629 2933; x_wconf 92' lang='lat'>:</span> <span class='ocrx_word' id='word_1_274' title='bbox 647 2867 683 2935; x_wconf 76' lang='grc' dir='ltr'>δι</span> <span class='ocrx_word' id='word_1_275' title='bbox 699 2863 856 2939; x_wconf 89' lang='lat' dir='ltr'>auditum</span> <span class='ocrx_word' id='word_1_276' title='bbox 874 2867 957 2941; x_wconf 71' lang='lat' dir='ltr'>mci·</span> <span class='ocrx_word' id='word_1_277' title='bbox 1007 2863 1089 2935; x_wconf 90' lang='lat' dir='ltr'>mini</span> <span class='ocrx_word' id='word_1_278' title='bbox 1108 2910 1120 2933; x_wconf 90' lang='lat'>.</span> <span class='ocrx_word' id='word_1_279' title='bbox 1147 2862 1298 2940; x_wconf 80' lang='lat' dir='ltr'>Etvenit</span> <span class='ocrx_word' id='word_1_280' title='bbox 1315 2862 1350 2933; x_wconf 90' lang='lat' dir='ltr'>in</span> <span class='ocrx_word' id='word_1_281' title='bbox 1368 2857 1489 2953; x_wconf 85' lang='lat' dir='ltr'>spiritu</span> <span class='ocrx_word' id='word_1_282' title='bbox 1514 2854 1550 2925; x_wconf 91' lang='lat' dir='ltr'>in</span> <span class='ocrx_word' id='word_1_283' title='bbox 1568 2848 1757 2947; x_wconf 89' lang='lat' dir='ltr'>templum:</span> <span class='ocrx_word' id='word_1_284' title='bbox 1779 2849 1816 2922; x_wconf 78' lang='lat' dir='ltr'>dt</span> <span class='ocrx_word' id='word_1_285' title='bbox 1850 2870 1900 2947; x_wconf 18' lang='lat'>75·</span> 
     </span>
     <span class='ocr_line' id='line_1_23' title="bbox 149 2950 1813 3055; baseline -0.007 -26"><span class='ocrx_word' id='word_1_286' title='bbox 149 2958 273 3037; x_wconf 83' lang='lat' dir='ltr'>:ehoe</span> <span class='ocrx_word' id='word_1_287' title='bbox 289 2985 300 3027; x_wconf 90' lang='lat'>:</span> <span class='ocrx_word' id='word_1_288' title='bbox 319 2958 459 3035; x_wconf 84' lang='lat' dir='ltr'>&amp;ferte</span> <span class='ocrx_word' id='word_1_289' title='bbox 477 2957 571 3035; x_wconf 91' lang='lat' dir='ltr'>illum</span> <span class='ocrx_word' id='word_1_290' title='bbox 593 2960 750 3055; x_wconf 91' lang='lat' dir='ltr'>usquead</span> <span class='ocrx_word' id='word_1_291' title='bbox 765 2982 958 3041; x_wconf 85' lang='lat' dir='ltr'>extremum</span> <span class='ocrx_word' id='word_1_292' title='bbox 1006 2982 1083 3038; x_wconf 87' lang='lat' dir='ltr'>cum</span> <span class='ocrx_word' id='word_1_293' title='bbox 1111 2960 1314 3036; x_wconf 87' lang='lat' dir='ltr'>inducerent</span> <span class='ocrx_word' id='word_1_294' title='bbox 1340 2978 1480 3053; x_wconf 89' lang='lat' dir='ltr'>puerum</span> <span class='ocrx_word' id='word_1_295' title='bbox 1503 2950 1614 3029; x_wconf 86' lang='lat' dir='ltr'>lesum</span> <span class='ocrx_word' id='word_1_296' title='bbox 1652 2966 1813 3043; x_wconf 81' lang='lat' dir='ltr'>parentes</span> 
     </span>
     <span class='ocr_line' id='line_1_24' title="bbox 150 3042 1814 3144; baseline -0.007 -19"><span class='ocrx_word' id='word_1_297' title='bbox 150 3070 276 3127; x_wconf 89' lang='lat' dir='ltr'>terre.</span> <span class='ocrx_word' id='word_1_298' title='bbox 298 3058 340 3129; x_wconf 85' lang='lat' dir='ltr'>Et</span> <span class='ocrx_word' id='word_1_299' title='bbox 367 3055 496 3130; x_wconf 85' lang='lat' dir='ltr'>dicite.</span> <span class='ocrx_word' id='word_1_300' title='bbox 521 3058 683 3131; x_wconf 88' lang='lat' dir='ltr'>Redemit</span> <span class='ocrx_word' id='word_1_301' title='bbox 696 3058 868 3137; x_wconf 89' lang='lat' dir='ltr'>Dominus</span> <span class='ocrx_word' id='word_1_302' title='bbox 886 3061 958 3135; x_wconf 89' lang='lat' dir='ltr'>ser.</span> <span class='ocrx_word' id='word_1_303' title='bbox 1007 3064 1105 3144; x_wconf 83' lang='lat' dir='ltr'>ejus:</span> <span class='ocrx_word' id='word_1_304' title='bbox 1134 3077 1172 3132; x_wconf 89' lang='lat' dir='ltr'>ut</span> <span class='ocrx_word' id='word_1_305' title='bbox 1196 3058 1349 3131; x_wconf 83' lang='lat' dir='ltr'>facerent</span> <span class='ocrx_word' id='word_1_306' title='bbox 1378 3053 1563 3124; x_wconf 88' lang='lat' dir='ltr'>secundum</span> <span class='ocrx_word' id='word_1_307' title='bbox 1592 3042 1814 3121; x_wconf 89' lang='lat' dir='ltr'>consuetudi·</span> 
     </span>
     <span class='ocr_line' id='line_1_25' title="bbox 145 3143 1814 3252; baseline -0.008 -27"><span class='ocrx_word' id='word_1_308' title='bbox 145 3172 233 3225; x_wconf 86' lang='lat' dir='ltr'>vum</span> <span class='ocrx_word' id='word_1_309' title='bbox 246 3150 474 3230; x_wconf 83' lang='lat' dir='ltr'>suumsacob.</span> <span class='ocrx_word' id='word_1_310' title='bbox 512 3168 561 3250; x_wconf 73' lang='lat'>152.</span> <span class='ocrx_word' id='word_1_311' title='bbox 577 3160 715 3227; x_wconf 87' lang='lat' dir='ltr'>Amen.</span> <span class='ocrx_word' id='word_1_312' title='bbox 811 3205 815 3213; x_wconf 80' lang='lat'><em>-</em></span> <span class='ocrx_word' id='word_1_313' title='bbox 1006 3178 1083 3232; x_wconf 88' lang='lat' dir='ltr'>nem</span> <span class='ocrx_word' id='word_1_314' title='bbox 1097 3154 1187 3252; x_wconf 81' lang='lat' dir='ltr'>legis</span> <span class='ocrx_word' id='word_1_315' title='bbox 1200 3177 1267 3250; x_wconf 93' lang='lat' dir='ltr'>pro</span> <span class='ocrx_word' id='word_1_316' title='bbox 1280 3176 1351 3225; x_wconf 87' lang='lat' dir='ltr'>eo·</span> <span class='ocrx_word' id='word_1_317' title='bbox 1381 3152 1424 3225; x_wconf 83' lang='lat' dir='ltr'>Et</span> <span class='ocrx_word' id='word_1_318' title='bbox 1451 3146 1521 3246; x_wconf 90' lang='lat' dir='ltr'>ipse</span> <span class='ocrx_word' id='word_1_319' title='bbox 1535 3143 1668 3239; x_wconf 90' lang='lat' dir='ltr'>accepit</span> <span class='ocrx_word' id='word_1_320' title='bbox 1684 3166 1761 3215; x_wconf 89' lang='lat' dir='ltr'>eum</span> <span class='ocrx_word' id='word_1_321' title='bbox 1776 3143 1814 3214; x_wconf 91' lang='lat' dir='ltr'>in</span> 
     </span>
    </p>

    <p class='ocr_par' dir='ltr' id='par_1_7' title="bbox 72 3238 1897 3749">
     <span class='ocr_line' id='line_1_26' title="bbox 72 3238 1815 3347; baseline -0.011 -20"><span class='ocrx_word' id='word_1_322' title='bbox 72 3270 110 3347; x_wconf 72' lang='grc' dir='ltr'>ις</span> <span class='ocrx_word' id='word_1_323' title='bbox 199 3248 405 3337; x_wconf 75' lang='lat' dir='ltr'>Pscrssrnao.</span> <span class='ocrx_word' id='word_1_324' title='bbox 428 3250 560 3323; x_wconf 92' lang='lat' dir='ltr'>Notum</span> <span class='ocrx_word' id='word_1_325' title='bbox 578 3252 840 3328; x_wconf 88' lang='lat' dir='ltr'>secitDominus</span> <span class='ocrx_word' id='word_1_326' title='bbox 868 3254 956 3332; x_wconf 89' lang='lat' dir='ltr'>salu·</span> <span class='ocrx_word' id='word_1_327' title='bbox 1004 3254 1098 3329; x_wconf 88' lang='lat' dir='ltr'>ulnas</span> <span class='ocrx_word' id='word_1_328' title='bbox 1114 3251 1216 3327; x_wconf 87' lang='lat' dir='ltr'>suas:</span> <span class='ocrx_word' id='word_1_329' title='bbox 1242 3252 1278 3323; x_wconf 78' lang='grc' dir='ltr'>δι</span> <span class='ocrx_word' id='word_1_330' title='bbox 1304 3247 1483 3323; x_wconf 84' lang='lat' dir='ltr'>benedixit</span> <span class='ocrx_word' id='word_1_331' title='bbox 1500 3244 1613 3315; x_wconf 91' lang='lat' dir='ltr'>Deum</span> <span class='ocrx_word' id='word_1_332' title='bbox 1637 3242 1673 3312; x_wconf 80' lang='lat' dir='ltr'>dr</span> <span class='ocrx_word' id='word_1_333' title='bbox 1698 3238 1815 3312; x_wconf 89' lang='lat' dir='ltr'>dixit.</span> 
     </span>
     <span class='ocr_line' id='line_1_27' title="bbox 145 3334 1897 3447; baseline -0.007 -30"><span class='ocrx_word' id='word_1_334' title='bbox 145 3362 226 3417; x_wconf 90' lang='lat' dir='ltr'>tare</span> <span class='ocrx_word' id='word_1_335' title='bbox 252 3345 371 3419; x_wconf 90' lang='lat' dir='ltr'>suum:</span> <span class='ocrx_word' id='word_1_336' title='bbox 397 3349 706 3445; x_wconf 71' lang='lat' dir='ltr'>anteconspedurn</span> <span class='ocrx_word' id='word_1_337' title='bbox 729 3352 956 3447; x_wconf 85' lang='lat' dir='ltr'>gentiumre-</span> <span class='ocrx_word' id='word_1_338' title='bbox 1003 3347 1551 3430; x_wconf 77' lang='lat' dir='ltr'>Nunc-dimittisseruum,tuum</span> <span class='ocrx_word' id='word_1_339' title='bbox 1563 3339 1738 3415; x_wconf 85' lang='lat' dir='ltr'>Domine:</span> <span class='ocrx_word' id='word_1_340' title='bbox 1758 3335 1811 3407; x_wconf 90' lang='lat' dir='ltr'>sc·</span> <span class='ocrx_word' id='word_1_341' title='bbox 1848 3334 1897 3408; x_wconf 77' lang='lat'>80</span> 
     </span>
     <span class='ocr_line' id='line_1_28' title="bbox 143 3434 1812 3537; baseline -0.007 -20"><span class='ocrx_word' id='word_1_342' title='bbox 143 3438 283 3517; x_wconf 84' lang='lat' dir='ltr'>velavit</span> <span class='ocrx_word' id='word_1_343' title='bbox 293 3442 456 3529; x_wconf 82' lang='lat' dir='ltr'>justiciam</span> <span class='ocrx_word' id='word_1_344' title='bbox 471 3444 581 3520; x_wconf 90' lang='lat' dir='ltr'>suam.</span> <span class='ocrx_word' id='word_1_345' title='bbox 597 3446 816 3536; x_wconf 57' lang='lat' dir='ltr'>nividerunt</span> <span class='ocrx_word' id='word_1_346' title='bbox 829 3469 951 3524; x_wconf 83' lang='lat' dir='ltr'>omnes</span> <span class='ocrx_word' id='word_1_347' title='bbox 1002 3452 1149 3525; x_wconf 90' lang='lat' dir='ltr'>cundum</span> <span class='ocrx_word' id='word_1_348' title='bbox 1172 3447 1317 3524; x_wconf 84' lang='lat' dir='ltr'>verbum</span> <span class='ocrx_word' id='word_1_349' title='bbox 1333 3443 1472 3520; x_wconf 90' lang='lat' dir='ltr'>tuumin</span> <span class='ocrx_word' id='word_1_350' title='bbox 1485 3463 1588 3537; x_wconf 79' lang='lat' dir='ltr'>pace.</span> <span class='ocrx_word' id='word_1_351' title='bbox 1611 3438 1701 3527; x_wconf 73' lang='lat' dir='ltr'>oui:</span> <span class='ocrx_word' id='word_1_352' title='bbox 1714 3434 1812 3509; x_wconf 85' lang='lat' dir='ltr'>vide·</span> 
     </span>
     <span class='ocr_line' id='line_1_29' title="bbox 142 3536 1813 3631; baseline -0.005 -16"><span class='ocrx_word' id='word_1_353' title='bbox 142 3540 234 3615; x_wconf 87' lang='lat' dir='ltr'>fines</span> <span class='ocrx_word' id='word_1_354' title='bbox 258 3560 353 3614; x_wconf 89' lang='lat' dir='ltr'>terre</span> <span class='ocrx_word' id='word_1_355' title='bbox 379 3538 525 3616; x_wconf 89' lang='lat' dir='ltr'>salutare</span> <span class='ocrx_word' id='word_1_356' title='bbox 551 3542 620 3615; x_wconf 92' lang='lat' dir='ltr'>Dei</span> <span class='ocrx_word' id='word_1_357' title='bbox 650 3548 778 3622; x_wconf 86' lang='lat' dir='ltr'>nostri:</span> <span class='ocrx_word' id='word_1_358' title='bbox 809 3544 953 3631; x_wconf 73' lang='lat' dir='ltr'>substate</span> <span class='ocrx_word' id='word_1_359' title='bbox 1002 3545 1194 3624; x_wconf 83' lang='lat' dir='ltr'>suntoculi</span> <span class='ocrx_word' id='word_1_360' title='bbox 1220 3544 1285 3626; x_wconf 90' lang='lat' dir='ltr'>mei</span> <span class='ocrx_word' id='word_1_361' title='bbox 1301 3540 1444 3620; x_wconf 90' lang='lat' dir='ltr'>salutare</span> <span class='ocrx_word' id='word_1_362' title='bbox 1473 3559 1595 3616; x_wconf 88' lang='lat' dir='ltr'>tuum.</span> <span class='ocrx_word' id='word_1_363' title='bbox 1623 3536 1733 3629; x_wconf 75' lang='lat' dir='ltr'>Quod</span> <span class='ocrx_word' id='word_1_364' title='bbox 1748 3559 1813 3628; x_wconf 89' lang='lat' dir='ltr'>pa·</span> 
     </span>
     <span class='ocr_line' id='line_1_30' title="bbox 141 3634 1809 3749; baseline -0.002 -38"><span class='ocrx_word' id='word_1_365' title='bbox 141 3635 305 3749; x_wconf 81' lang='lat' dir='ltr'>Domino</span> <span class='ocrx_word' id='word_1_366' title='bbox 315 3638 424 3712; x_wconf 89' lang='lat' dir='ltr'>omnis</span> <span class='ocrx_word' id='word_1_367' title='bbox 439 3656 531 3715; x_wconf 89' lang='lat' dir='ltr'>terra</span> <span class='ocrx_word' id='word_1_368' title='bbox 548 3670 558 3713; x_wconf 90' lang='lat'>:</span> <span class='ocrx_word' id='word_1_369' title='bbox 585 3662 720 3718; x_wconf 86' lang='lat' dir='ltr'>cantate</span> <span class='ocrx_word' id='word_1_370' title='bbox 742 3647 778 3721; x_wconf 78' lang='grc' dir='ltr'>δι</span> <span class='ocrx_word' id='word_1_371' title='bbox 802 3642 958 3722; x_wconf 86' lang='lat' dir='ltr'>exultate</span> <span class='ocrx_word' id='word_1_372' title='bbox 1008 3650 1086 3725; x_wconf 81' lang='lat' dir='ltr'>ralii</span> <span class='ocrx_word' id='word_1_373' title='bbox 1101 3668 1180 3724; x_wconf 89' lang='lat' dir='ltr'>ante</span> <span class='ocrx_word' id='word_1_374' title='bbox 1193 3648 1313 3723; x_wconf 86' lang='lat' dir='ltr'>faciem</span> <span class='ocrx_word' id='word_1_375' title='bbox 1330 3644 1482 3721; x_wconf 91' lang='lat' dir='ltr'>omnium</span> <span class='ocrx_word' id='word_1_376' title='bbox 1493 3634 1809 3738; x_wconf 71' lang='lat' dir='ltr'>populorumLu·</span> 
     </span>
    </p>

    <p class='ocr_par' dir='ltr' id='par_1_8' title="bbox 73 3727 1811 3838">
     <span class='ocr_line' id='line_1_31' title="bbox 73 3727 1811 3838; baseline -0.003 -29"><span class='ocrx_word' id='word_1_377' title='bbox 73 3764 112 3838; x_wconf 81' lang='lat'>30</span> <span class='ocrx_word' id='word_1_378' title='bbox 144 3735 183 3806; x_wconf 76' lang='lat' dir='ltr'>da</span> <span class='ocrx_word' id='word_1_379' title='bbox 196 3730 355 3831; x_wconf 81' lang='lat' dir='ltr'>psallite.</span> <span class='ocrx_word' id='word_1_380' title='bbox 378 3739 557 3813; x_wconf 69' lang='lat' dir='ltr'>manre.</span> <span class='ocrx_word' id='word_1_381' title='bbox 1009 3770 1088 3823; x_wconf 90' lang='lat' dir='ltr'>men</span> <span class='ocrx_word' id='word_1_382' title='bbox 1116 3750 1159 3820; x_wconf 89' lang='lat' dir='ltr'>ad</span> <span class='ocrx_word' id='word_1_383' title='bbox 1186 3742 1438 3821; x_wconf 86' lang='lat' dir='ltr'>revelationem</span> <span class='ocrx_word' id='word_1_384' title='bbox 1465 3740 1643 3837; x_wconf 88' lang='lat' dir='ltr'>gentium:</span> <span class='ocrx_word' id='word_1_385' title='bbox 1665 3734 1702 3805; x_wconf 70' lang='grc' dir='ltr'>ἃ</span> <span class='ocrx_word' id='word_1_386' title='bbox 1724 3727 1811 3828; x_wconf 87' lang='lat' dir='ltr'>glo·</span> 
     </span>
    </p>

    <p class='ocr_par' dir='ltr' id='par_1_9' title="bbox 140 3827 1891 4233">
     <span class='ocr_line' id='line_1_32' title="bbox 1004 3827 1891 3941; baseline -0.002 -20"><span class='ocrx_word' id='word_1_387' title='bbox 1004 3847 1088 3925; x_wconf 89' lang='lat' dir='ltr'>riam</span> <span class='ocrx_word' id='word_1_388' title='bbox 1104 3844 1285 3941; x_wconf 89' lang='lat' dir='ltr'>plebistue</span> <span class='ocrx_word' id='word_1_389' title='bbox 1312 3838 1436 3916; x_wconf 86' lang='lat' dir='ltr'>lsrael.</span> <span class='ocrx_word' id='word_1_390' title='bbox 1455 3838 1498 3911; x_wconf 82' lang='lat' dir='ltr'>Et</span> <span class='ocrx_word' id='word_1_391' title='bbox 1513 3854 1589 3909; x_wconf 89' lang='lat' dir='ltr'>crat</span> <span class='ocrx_word' id='word_1_392' title='bbox 1615 3833 1805 3927; x_wconf 77' lang='lat' dir='ltr'>patereius</span> <span class='ocrx_word' id='word_1_393' title='bbox 1846 3827 1891 3919; x_wconf 87' lang='lat'>85</span> 
     </span>
     <span class='ocr_line' id='line_1_33' title="bbox 197 3925 1809 4040; baseline -0.016 -19"><span class='ocrx_word' id='word_1_394' title='bbox 197 3936 377 4030; x_wconf 83' lang='lat' dir='ltr'>Sequentia</span> <span class='ocrx_word' id='word_1_395' title='bbox 390 3932 519 4032; x_wconf 67' lang='lat' dir='ltr'>spissole</span> <span class='ocrx_word' id='word_1_396' title='bbox 533 3940 643 4014; x_wconf 76' lang='lat' dir='ltr'>nauti</span> <span class='ocrx_word' id='word_1_397' title='bbox 655 3939 791 4040; x_wconf 65' lang='lat' dir='ltr'>aposloli</span> <span class='ocrx_word' id='word_1_398' title='bbox 807 3946 851 4018; x_wconf 87' lang='lat' dir='ltr'>ad</span> <span class='ocrx_word' id='word_1_399' title='bbox 863 3942 951 4015; x_wconf 81' lang='lat' dir='ltr'>Phi·</span> <span class='ocrx_word' id='word_1_400' title='bbox 1006 3950 1041 4020; x_wconf 80' lang='grc' dir='ltr'>δι</span> <span class='ocrx_word' id='word_1_401' title='bbox 1057 3963 1168 4017; x_wconf 90' lang='lat' dir='ltr'>mater</span> <span class='ocrx_word' id='word_1_402' title='bbox 1182 3942 1343 4013; x_wconf 89' lang='lat' dir='ltr'>mirantes</span> <span class='ocrx_word' id='word_1_403' title='bbox 1370 3933 1538 4031; x_wconf 87' lang='lat' dir='ltr'>superbis</span> <span class='ocrx_word' id='word_1_404' title='bbox 1562 3953 1628 4025; x_wconf 89' lang='lat' dir='ltr'>que</span> <span class='ocrx_word' id='word_1_405' title='bbox 1645 3925 1809 3998; x_wconf 89' lang='lat' dir='ltr'>diceban·</span> 
     </span>
     <span class='ocr_line' id='line_1_34' title="bbox 140 4023 1808 4133; baseline -0.016 -12"><span class='ocrx_word' id='word_1_406' title='bbox 140 4024 329 4127; x_wconf 62' lang='lat' dir='ltr'>ssss‘sfis·</span> <span class='ocrx_word' id='word_1_407' title='bbox 355 4033 492 4125; x_wconf 60' lang='lat'>&amp;0⁰00</span> <span class='ocrx_word' id='word_1_408' title='bbox 511 4039 660 4133; x_wconf 69' lang='lat' dir='ltr'>gratias·</span> <span class='ocrx_word' id='word_1_409' title='bbox 889 4048 957 4111; x_wconf 78' lang='lat' dir='ltr'>Ill·</span> <span class='ocrx_word' id='word_1_410' title='bbox 1006 4064 1065 4118; x_wconf 87' lang='lat' dir='ltr'>tur</span> <span class='ocrx_word' id='word_1_411' title='bbox 1078 4046 1122 4117; x_wconf 88' lang='lat' dir='ltr'>de</span> <span class='ocrx_word' id='word_1_412' title='bbox 1134 4038 1222 4113; x_wconf 92' lang='lat' dir='ltr'>illo.</span> <span class='ocrx_word' id='word_1_413' title='bbox 1248 4039 1293 4109; x_wconf 82' lang='lat' dir='ltr'>Et</span> <span class='ocrx_word' id='word_1_414' title='bbox 1316 4030 1496 4107; x_wconf 84' lang='lat' dir='ltr'>benedixit</span> <span class='ocrx_word' id='word_1_415' title='bbox 1521 4024 1571 4100; x_wconf 92' lang='lat' dir='ltr'>illi</span> <span class='ocrx_word' id='word_1_416' title='bbox 1584 4026 1746 4097; x_wconf 88' lang='lat' dir='ltr'>Simeon:</span> <span class='ocrx_word' id='word_1_417' title='bbox 1771 4023 1808 4095; x_wconf 77' lang='lat' dir='ltr'>ds</span> 
     </span>
     <span class='ocr_line' id='line_1_35' title="bbox 1008 4118 1806 4233; baseline -0.031 -17"><span class='ocrx_word' id='word_1_418' title='bbox 1008 4141 1097 4216; x_wconf 78' lang='lat' dir='ltr'>dixit</span> <span class='ocrx_word' id='word_1_419' title='bbox 1115 4140 1158 4212; x_wconf 93' lang='lat' dir='ltr'>ad</span> <span class='ocrx_word' id='word_1_420' title='bbox 1173 4134 1319 4209; x_wconf 89' lang='lat' dir='ltr'>Mariam</span> <span class='ocrx_word' id='word_1_421' title='bbox 1332 4152 1477 4209; x_wconf 88' lang='lat' dir='ltr'>matrem</span> <span class='ocrx_word' id='word_1_422' title='bbox 1488 4130 1586 4213; x_wconf 77' lang='lat' dir='ltr'>eius.</span> <span class='ocrx_word' id='word_1_423' title='bbox 1611 4123 1700 4233; x_wconf 78' lang='lat' dir='ltr'>Ecce</span> <span class='ocrx_word' id='word_1_424' title='bbox 1713 4118 1806 4217; x_wconf 85' lang='lat' dir='ltr'>posi-</span> 
     </span>
    </p>

    <p class='ocr_par' dir='ltr' id='par_1_10' title="bbox 74 4216 1807 4325">
     <span class='ocr_line' id='line_1_36' title="bbox 74 4216 1807 4325; baseline -0.004 -27"><span class='ocrx_word' id='word_1_425' title='bbox 74 4250 110 4325; x_wconf 88' lang='lat'>35</span> <span class='ocrx_word' id='word_1_426' title='bbox 223 4227 374 4299; x_wconf 87' lang='lat' dir='ltr'>Ratres.</span> <span class='ocrx_word' id='word_1_427' title='bbox 398 4228 559 4306; x_wconf 90' lang='lat' dir='ltr'>Gaudete</span> <span class='ocrx_word' id='word_1_428' title='bbox 585 4233 619 4305; x_wconf 90' lang='lat' dir='ltr'>in</span> <span class='ocrx_word' id='word_1_429' title='bbox 637 4232 806 4311; x_wconf 90' lang='lat' dir='ltr'>Domino.</span> <span class='ocrx_word' id='word_1_430' title='bbox 828 4235 952 4311; x_wconf 87' lang='lat' dir='ltr'>Eadem</span> <span class='ocrx_word' id='word_1_431' title='bbox 1003 4259 1058 4316; x_wconf 87' lang='lat' dir='ltr'>tus</span> <span class='ocrx_word' id='word_1_432' title='bbox 1082 4238 1130 4309; x_wconf 87' lang='lat' dir='ltr'>est</span> <span class='ocrx_word' id='word_1_433' title='bbox 1161 4236 1217 4309; x_wconf 86' lang='lat' dir='ltr'>hic</span> <span class='ocrx_word' id='word_1_434' title='bbox 1242 4232 1277 4305; x_wconf 94' lang='lat' dir='ltr'>in</span> <span class='ocrx_word' id='word_1_435' title='bbox 1306 4232 1436 4305; x_wconf 88' lang='lat' dir='ltr'>ruinam</span> <span class='ocrx_word' id='word_1_436' title='bbox 1463 4226 1498 4299; x_wconf 72' lang='grc' dir='ltr'>δι</span> <span class='ocrx_word' id='word_1_437' title='bbox 1523 4216 1807 4303; x_wconf 72' lang='lat' dir='ltr'>resurredronem</span> 
     </span>
    </p>

    <p class='ocr_par' dir='ltr' id='par_1_11' title="bbox 142 4316 1891 4721">
     <span class='ocr_line' id='line_1_37' title="bbox 244 4316 1891 4427; baseline -0.005 -32"><span class='ocrx_word' id='word_1_438' title='bbox 244 4322 346 4397; x_wconf 88' lang='lat' dir='ltr'>uobis</span> <span class='ocrx_word' id='word_1_439' title='bbox 375 4324 520 4401; x_wconf 88' lang='lat' dir='ltr'>scribere</span> <span class='ocrx_word' id='word_1_440' title='bbox 542 4330 622 4404; x_wconf 89' lang='lat' dir='ltr'>mihi</span> <span class='ocrx_word' id='word_1_441' title='bbox 645 4331 783 4423; x_wconf 89' lang='lat' dir='ltr'>quidem</span> <span class='ocrx_word' id='word_1_442' title='bbox 811 4359 880 4411; x_wconf 91' lang='lat' dir='ltr'>non</span> <span class='ocrx_word' id='word_1_443' title='bbox 899 4334 952 4427; x_wconf 87' lang='lat' dir='ltr'>pi·</span> <span class='ocrx_word' id='word_1_444' title='bbox 1002 4331 1188 4411; x_wconf 91' lang='lat' dir='ltr'>multorum</span> <span class='ocrx_word' id='word_1_445' title='bbox 1204 4332 1237 4404; x_wconf 90' lang='lat' dir='ltr'>in</span> <span class='ocrx_word' id='word_1_446' title='bbox 1253 4328 1381 4405; x_wconf 89' lang='lat' dir='ltr'>lsrael:</span> <span class='ocrx_word' id='word_1_447' title='bbox 1404 4327 1440 4398; x_wconf 77' lang='lat' dir='ltr'>dt</span> <span class='ocrx_word' id='word_1_448' title='bbox 1456 4324 1490 4395; x_wconf 91' lang='lat' dir='ltr'>in</span> <span class='ocrx_word' id='word_1_449' title='bbox 1504 4322 1637 4419; x_wconf 77' lang='lat' dir='ltr'>signum</span> <span class='ocrx_word' id='word_1_450' title='bbox 1650 4316 1707 4389; x_wconf 91' lang='lat' dir='ltr'>cui</span> <span class='ocrx_word' id='word_1_451' title='bbox 1722 4340 1808 4390; x_wconf 90' lang='lat' dir='ltr'>con·</span> <span class='ocrx_word' id='word_1_452' title='bbox 1839 4338 1891 4405; x_wconf 89' lang='lat' dir='ltr'>9o</span> 
     </span>
     <span class='ocr_line' id='line_1_38' title="bbox 144 4420 1808 4525; baseline -0.005 -30"><span class='ocrx_word' id='word_1_453' title='bbox 144 4444 274 4517; x_wconf 82' lang='lat' dir='ltr'>grum:</span> <span class='ocrx_word' id='word_1_454' title='bbox 300 4420 401 4525; x_wconf 85' lang='lat' dir='ltr'>vobis</span> <span class='ocrx_word' id='word_1_455' title='bbox 423 4444 537 4500; x_wconf 89' lang='lat' dir='ltr'>autern</span> <span class='ocrx_word' id='word_1_456' title='bbox 558 4428 778 4501; x_wconf 86' lang='lat' dir='ltr'>necessarium</span> <span class='ocrx_word' id='word_1_457' title='bbox 794 4434 953 4518; x_wconf 21' lang='lat' dir='ltr'>.=Videte</span> <span class='ocrx_word' id='word_1_458' title='bbox 1003 4433 1223 4509; x_wconf 88' lang='lat' dir='ltr'>tradicetur:</span> <span class='ocrx_word' id='word_1_459' title='bbox 1243 4432 1279 4503; x_wconf 76' lang='grc' dir='ltr'>ὅτ</span> <span class='ocrx_word' id='word_1_460' title='bbox 1303 4447 1394 4501; x_wconf 88' lang='lat' dir='ltr'>tuam</span> <span class='ocrx_word' id='word_1_461' title='bbox 1424 4421 1525 4517; x_wconf 89' lang='lat' dir='ltr'>ipsius</span> <span class='ocrx_word' id='word_1_462' title='bbox 1554 4420 1701 4492; x_wconf 90' lang='lat' dir='ltr'>animam</span> <span class='ocrx_word' id='word_1_463' title='bbox 1729 4440 1808 4509; x_wconf 90' lang='lat' dir='ltr'>per·</span> 
     </span>
     <span class='ocr_line' id='line_1_39' title="bbox 146 4509 1809 4626; baseline -0.005 -37"><span class='ocrx_word' id='word_1_464' title='bbox 146 4540 275 4590; x_wconf 87' lang='lat' dir='ltr'>canes:</span> <span class='ocrx_word' id='word_1_465' title='bbox 302 4518 422 4595; x_wconf 89' lang='lat' dir='ltr'>videte</span> <span class='ocrx_word' id='word_1_466' title='bbox 452 4520 557 4598; x_wconf 88' lang='lat' dir='ltr'>malos</span> <span class='ocrx_word' id='word_1_467' title='bbox 593 4526 799 4621; x_wconf 87' lang='lat' dir='ltr'>operarios:</span> <span class='ocrx_word' id='word_1_468' title='bbox 832 4529 953 4603; x_wconf 85' lang='lat' dir='ltr'>videte</span> <span class='ocrx_word' id='word_1_469' title='bbox 1004 4529 1157 4605; x_wconf 84' lang='lat' dir='ltr'>transibit</span> <span class='ocrx_word' id='word_1_470' title='bbox 1173 4522 1328 4626; x_wconf 86' lang='lat' dir='ltr'>gladius:</span> <span class='ocrx_word' id='word_1_471' title='bbox 1352 4544 1392 4597; x_wconf 89' lang='lat' dir='ltr'>ut</span> <span class='ocrx_word' id='word_1_472' title='bbox 1410 4516 1607 4593; x_wconf 88' lang='lat' dir='ltr'>revelentur</span> <span class='ocrx_word' id='word_1_473' title='bbox 1636 4509 1809 4585; x_wconf 77' lang='lat' dir='ltr'>etmulti:</span> 
     </span>
     <span class='ocr_line' id='line_1_40' title="bbox 142 4615 1808 4721; baseline 0.01 -36"><span class='ocrx_word' id='word_1_474' title='bbox 142 4616 407 4690; x_wconf 86' lang='lat' dir='ltr'>concisionem.</span> <span class='ocrx_word' id='word_1_475' title='bbox 428 4618 503 4696; x_wconf 90' lang='lat' dir='ltr'>Nos</span> <span class='ocrx_word' id='word_1_476' title='bbox 531 4620 621 4695; x_wconf 89' lang='lat' dir='ltr'>enim</span> <span class='ocrx_word' id='word_1_477' title='bbox 644 4623 753 4695; x_wconf 86' lang='lat' dir='ltr'>sumus</span> <span class='ocrx_word' id='word_1_478' title='bbox 776 4624 954 4699; x_wconf 90' lang='lat' dir='ltr'>circumci·</span> <span class='ocrx_word' id='word_1_479' title='bbox 1002 4628 1165 4703; x_wconf 86' lang='lat' dir='ltr'>cordibus</span> <span class='ocrx_word' id='word_1_480' title='bbox 1180 4622 1434 4721; x_wconf 85' lang='lat' dir='ltr'>cogitationes.</span> <span class='ocrx_word' id='word_1_481' title='bbox 1458 4616 1501 4687; x_wconf 80' lang='lat' dir='ltr'>Et</span> <span class='ocrx_word' id='word_1_482' title='bbox 1515 4630 1590 4685; x_wconf 86' lang='lat' dir='ltr'>erat</span> <span class='ocrx_word' id='word_1_483' title='bbox 1608 4615 1707 4683; x_wconf 81' lang='lat' dir='ltr'>Anna</span> <span class='ocrx_word' id='word_1_484' title='bbox 1725 4631 1808 4701; x_wconf 89' lang='lat' dir='ltr'>pro·</span> 
     </span>
    </p>

    <p class='ocr_par' dir='ltr' id='par_1_12' title="bbox 71 4704 1884 5204">
     <span class='ocr_line' id='line_1_41' title="bbox 71 4704 1807 4825; baseline -0.012 -34"><span class='ocrx_word' id='word_1_485' title='bbox 71 4737 113 4810; x_wconf 79' lang='lat'>40</span> <span class='ocrx_word' id='word_1_486' title='bbox 143 4712 196 4783; x_wconf 92' lang='lat' dir='ltr'>sio</span> <span class='ocrx_word' id='word_1_487' title='bbox 213 4738 243 4825; x_wconf 42' lang='lat' dir='ltr'>e·</span> <span class='ocrx_word' id='word_1_488' title='bbox 258 4712 315 4807; x_wconf 88' lang='lat' dir='ltr'>qui</span> <span class='ocrx_word' id='word_1_489' title='bbox 344 4713 466 4807; x_wconf 86' lang='lat' dir='ltr'>spiritu</span> <span class='ocrx_word' id='word_1_490' title='bbox 494 4716 702 4793; x_wconf 90' lang='lat' dir='ltr'>deservimus</span> <span class='ocrx_word' id='word_1_491' title='bbox 728 4721 797 4793; x_wconf 76' lang='lat' dir='ltr'>:dt</span> <span class='ocrx_word' id='word_1_492' title='bbox 823 4720 954 4820; x_wconf 90' lang='lat' dir='ltr'>gloria·</span> <span class='ocrx_word' id='word_1_493' title='bbox 1003 4724 1146 4821; x_wconf 79' lang='lat' dir='ltr'>pherida</span> <span class='ocrx_word' id='word_1_494' title='bbox 1162 4719 1230 4794; x_wconf 86' lang='lat' dir='ltr'>filia</span> <span class='ocrx_word' id='word_1_495' title='bbox 1254 4715 1402 4795; x_wconf 86' lang='lat' dir='ltr'>Phanuel</span> <span class='ocrx_word' id='word_1_496' title='bbox 1420 4716 1462 4785; x_wconf 93' lang='lat' dir='ltr'>de</span> <span class='ocrx_word' id='word_1_497' title='bbox 1481 4710 1575 4783; x_wconf 91' lang='lat' dir='ltr'>tribu</span> <span class='ocrx_word' id='word_1_498' title='bbox 1598 4706 1706 4780; x_wconf 83' lang='lat' dir='ltr'>Aser.</span> <span class='ocrx_word' id='word_1_499' title='bbox 1731 4704 1807 4774; x_wconf 91' lang='lat' dir='ltr'>Hec</span> 
     </span>
     <span class='ocr_line' id='line_1_42' title="bbox 143 4802 1884 4917; baseline -0.007 -36"><span class='ocrx_word' id='word_1_500' title='bbox 143 4810 529 4889; x_wconf 85' lang='lat' dir='ltr'>murtnChrilioiesu:</span> <span class='ocrx_word' id='word_1_501' title='bbox 556 4816 674 4887; x_wconf 85' lang='lat' dir='ltr'>&amp;non</span> <span class='ocrx_word' id='word_1_502' title='bbox 693 4817 842 4891; x_wconf 89' lang='lat' dir='ltr'>incarne</span> <span class='ocrx_word' id='word_1_503' title='bbox 866 4821 952 4892; x_wconf 92' lang='lat' dir='ltr'>sidu·</span> <span class='ocrx_word' id='word_1_504' title='bbox 1001 4822 1210 4917; x_wconf 88' lang='lat' dir='ltr'>processerat</span> <span class='ocrx_word' id='word_1_505' title='bbox 1243 4818 1276 4887; x_wconf 93' lang='lat' dir='ltr'>in</span> <span class='ocrx_word' id='word_1_506' title='bbox 1301 4814 1420 4887; x_wconf 89' lang='lat' dir='ltr'>diebus</span> <span class='ocrx_word' id='word_1_507' title='bbox 1441 4804 1576 4881; x_wconf 88' lang='lat' dir='ltr'>multis:</span> <span class='ocrx_word' id='word_1_508' title='bbox 1606 4807 1640 4877; x_wconf 69' lang='grc' dir='ltr'>δι</span> <span class='ocrx_word' id='word_1_509' title='bbox 1669 4802 1805 4874; x_wconf 77' lang='lat' dir='ltr'>vixerat</span> <span class='ocrx_word' id='word_1_510' title='bbox 1837 4818 1884 4889; x_wconf 84' lang='lat'>95</span> 
     </span>
     <span class='ocr_line' id='line_1_43' title="bbox 147 4898 1807 5011; baseline -0.007 -34"><span class='ocrx_word' id='word_1_511' title='bbox 147 4906 236 4980; x_wconf 88' lang='lat' dir='ltr'>ciam</span> <span class='ocrx_word' id='word_1_512' title='bbox 253 4908 441 4983; x_wconf 90' lang='lat' dir='ltr'>habentes:</span> <span class='ocrx_word' id='word_1_513' title='bbox 463 4915 950 5011; x_wconf 81' lang='lat' dir='ltr'>quamquam&amp;egohabearn</span> <span class='ocrx_word' id='word_1_514' title='bbox 999 4940 1076 4993; x_wconf 81' lang='lat' dir='ltr'>cum</span> <span class='ocrx_word' id='word_1_515' title='bbox 1090 4921 1173 4993; x_wconf 88' lang='lat' dir='ltr'>vito</span> <span class='ocrx_word' id='word_1_516' title='bbox 1189 4913 1251 4989; x_wconf 91' lang='lat' dir='ltr'>suo</span> <span class='ocrx_word' id='word_1_517' title='bbox 1266 4938 1373 4989; x_wconf 76' lang='lat' dir='ltr'>annos</span> <span class='ocrx_word' id='word_1_518' title='bbox 1400 4912 1532 5002; x_wconf 90' lang='lat' dir='ltr'>septem</span> <span class='ocrx_word' id='word_1_519' title='bbox 1555 4928 1574 4977; x_wconf 85' lang='lat' dir='ltr'>a</span> <span class='ocrx_word' id='word_1_520' title='bbox 1600 4898 1807 4996; x_wconf 86' lang='lat' dir='ltr'>virginitate</span> 
     </span>
     <span class='ocr_line' id='line_1_44' title="bbox 149 4995 1804 5104; baseline -0.006 -30"><span class='ocrx_word' id='word_1_521' title='bbox 149 5004 401 5079; x_wconf 88' lang='lat' dir='ltr'>confidentiam</span> <span class='ocrx_word' id='word_1_522' title='bbox 415 5005 447 5077; x_wconf 92' lang='lat' dir='ltr'>in</span> <span class='ocrx_word' id='word_1_523' title='bbox 462 5032 564 5081; x_wconf 89' lang='lat' dir='ltr'>carne</span> <span class='ocrx_word' id='word_1_524' title='bbox 579 5036 588 5077; x_wconf 93' lang='lat'>:</span> <span class='ocrx_word' id='word_1_525' title='bbox 612 5009 725 5104; x_wconf 88' lang='lat' dir='ltr'>siquis</span> <span class='ocrx_word' id='word_1_526' title='bbox 741 5008 825 5085; x_wconf 85' lang='lat' dir='ltr'>alius</span> <span class='ocrx_word' id='word_1_527' title='bbox 851 5014 949 5087; x_wconf 89' lang='lat' dir='ltr'>vide·</span> <span class='ocrx_word' id='word_1_528' title='bbox 998 5015 1055 5091; x_wconf 91' lang='lat' dir='ltr'>sua</span> <span class='ocrx_word' id='word_1_529' title='bbox 1071 5062 1082 5084; x_wconf 91' lang='lat'>.</span> <span class='ocrx_word' id='word_1_530' title='bbox 1105 5016 1141 5085; x_wconf 83' lang='lat' dir='ltr'>dt</span> <span class='ocrx_word' id='word_1_531' title='bbox 1157 5014 1221 5084; x_wconf 89' lang='lat' dir='ltr'>hec</span> <span class='ocrx_word' id='word_1_532' title='bbox 1231 5010 1335 5086; x_wconf 87' lang='lat' dir='ltr'>vidua</span> <span class='ocrx_word' id='word_1_533' title='bbox 1350 5005 1507 5100; x_wconf 89' lang='lat' dir='ltr'>usquead</span> <span class='ocrx_word' id='word_1_534' title='bbox 1522 5024 1627 5075; x_wconf 89' lang='lat' dir='ltr'>annos</span> <span class='ocrx_word' id='word_1_535' title='bbox 1641 4995 1804 5095; x_wconf 69' lang='lat' dir='ltr'>obiogin·</span> 
     </span>
     <span class='ocr_line' id='line_1_45' title="bbox 142 5095 1807 5204; baseline -0.005 -31"><span class='ocrx_word' id='word_1_536' title='bbox 142 5104 393 5177; x_wconf 91' lang='lat' dir='ltr'>turconlidere</span> <span class='ocrx_word' id='word_1_537' title='bbox 409 5096 584 5177; x_wconf 88' lang='lat' dir='ltr'>incarne:</span> <span class='ocrx_word' id='word_1_538' title='bbox 603 5128 672 5203; x_wconf 89' lang='lat' dir='ltr'>ego</span> <span class='ocrx_word' id='word_1_539' title='bbox 690 5109 950 5204; x_wconf 86' lang='lat' dir='ltr'>magiscireum·</span> <span class='ocrx_word' id='word_1_540' title='bbox 1000 5132 1037 5186; x_wconf 88' lang='lat' dir='ltr'>ta</span> <span class='ocrx_word' id='word_1_541' title='bbox 1074 5129 1263 5204; x_wconf 88' lang='lat' dir='ltr'>quatuor.</span> <span class='ocrx_word' id='word_1_542' title='bbox 1301 5132 1370 5203; x_wconf 88' lang='lat' dir='ltr'>que</span> <span class='ocrx_word' id='word_1_543' title='bbox 1401 5127 1468 5175; x_wconf 91' lang='lat' dir='ltr'>non</span> <span class='ocrx_word' id='word_1_544' title='bbox 1508 5098 1734 5173; x_wconf 88' lang='lat' dir='ltr'>descendebat</span> <span class='ocrx_word' id='word_1_545' title='bbox 1761 5095 1807 5166; x_wconf 91' lang='lat' dir='ltr'>dc</span> 
     </span>
    </p>

    <p class='ocr_par' dir='ltr' id='par_1_13' title="bbox 68 5194 1908 5689">
     <span class='ocr_line' id='line_1_46' title="bbox 68 5194 1799 5303; baseline -0.005 -35"><span class='ocrx_word' id='word_1_546' title='bbox 68 5220 108 5294; x_wconf 74' lang='lat'>45</span> <span class='ocrx_word' id='word_1_547' title='bbox 146 5197 235 5271; x_wconf 89' lang='lat' dir='ltr'>cisus</span> <span class='ocrx_word' id='word_1_548' title='bbox 251 5198 381 5274; x_wconf 77' lang='lat' dir='ltr'>octavo</span> <span class='ocrx_word' id='word_1_549' title='bbox 397 5201 510 5275; x_wconf 81' lang='lat' dir='ltr'>diecx</span> <span class='ocrx_word' id='word_1_550' title='bbox 536 5226 665 5303; x_wconf 88' lang='lat' dir='ltr'>genere</span> <span class='ocrx_word' id='word_1_551' title='bbox 680 5203 780 5277; x_wconf 91' lang='lat' dir='ltr'>lsrael</span> <span class='ocrx_word' id='word_1_552' title='bbox 801 5208 950 5282; x_wconf 88' lang='lat' dir='ltr'>detribu</span> <span class='ocrx_word' id='word_1_553' title='bbox 1000 5206 1158 5303; x_wconf 92' lang='lat' dir='ltr'>templo:</span> <span class='ocrx_word' id='word_1_554' title='bbox 1187 5207 1322 5293; x_wconf 77' lang='lat' dir='ltr'>ieiuniis</span> <span class='ocrx_word' id='word_1_555' title='bbox 1347 5197 1613 5276; x_wconf 82' lang='lat' dir='ltr'>&amp;orationibus</span> <span class='ocrx_word' id='word_1_556' title='bbox 1649 5194 1799 5267; x_wconf 85' lang='lat' dir='ltr'>serviens</span> 
     </span>
     <span class='ocr_line' id='line_1_47' title="bbox 139 5293 1908 5392; baseline -0.012 -16"><span class='ocrx_word' id='word_1_557' title='bbox 139 5297 345 5382; x_wconf 73' lang='lat' dir='ltr'>beniamin.</span> <span class='ocrx_word' id='word_1_558' title='bbox 369 5297 523 5373; x_wconf 89' lang='lat' dir='ltr'>Hebreus</span> <span class='ocrx_word' id='word_1_559' title='bbox 551 5324 597 5375; x_wconf 81' lang='lat' dir='ltr'>ex</span> <span class='ocrx_word' id='word_1_560' title='bbox 630 5300 775 5374; x_wconf 89' lang='lat' dir='ltr'>Hebreis</span> <span class='ocrx_word' id='word_1_561' title='bbox 798 5332 808 5373; x_wconf 93' lang='lat'>:</span> <span class='ocrx_word' id='word_1_562' title='bbox 831 5305 949 5379; x_wconf 88' lang='lat' dir='ltr'>secun·</span> <span class='ocrx_word' id='word_1_563' title='bbox 998 5304 1258 5381; x_wconf 70' lang='lat' dir='ltr'>nostraene.</span> <span class='ocrx_word' id='word_1_564' title='bbox 1286 5308 1327 5379; x_wconf 83' lang='lat' dir='ltr'>Et</span> <span class='ocrx_word' id='word_1_565' title='bbox 1353 5302 1417 5373; x_wconf 89' lang='lat' dir='ltr'>hec</span> <span class='ocrx_word' id='word_1_566' title='bbox 1437 5296 1510 5392; x_wconf 89' lang='lat' dir='ltr'>ipsa</span> <span class='ocrx_word' id='word_1_567' title='bbox 1526 5297 1614 5369; x_wconf 88' lang='lat' dir='ltr'>hora</span> <span class='ocrx_word' id='word_1_568' title='bbox 1639 5293 1803 5386; x_wconf 90' lang='lat' dir='ltr'>supervc·</span> <span class='ocrx_word' id='word_1_569' title='bbox 1839 5305 1908 5357; x_wconf 88' lang='lat'>100</span> 
     </span>
     <span class='ocr_line' id='line_1_48' title="bbox 140 5389 1807 5489; baseline 0 -26"><span class='ocrx_word' id='word_1_570' title='bbox 140 5393 224 5465; x_wconf 90' lang='lat' dir='ltr'>dum</span> <span class='ocrx_word' id='word_1_571' title='bbox 238 5390 349 5489; x_wconf 87' lang='lat' dir='ltr'>legem</span> <span class='ocrx_word' id='word_1_572' title='bbox 359 5396 535 5473; x_wconf 83' lang='lat' dir='ltr'>Phariseus</span> <span class='ocrx_word' id='word_1_573' title='bbox 550 5426 560 5468; x_wconf 92' lang='lat'>:</span> <span class='ocrx_word' id='word_1_574' title='bbox 573 5398 751 5471; x_wconf 91' lang='lat' dir='ltr'>secundum</span> <span class='ocrx_word' id='word_1_575' title='bbox 764 5401 948 5479; x_wconf 87' lang='lat' dir='ltr'>emulatio·</span> <span class='ocrx_word' id='word_1_576' title='bbox 999 5403 1097 5476; x_wconf 88' lang='lat' dir='ltr'>niens</span> <span class='ocrx_word' id='word_1_577' title='bbox 1109 5403 1339 5476; x_wconf 85' lang='lat' dir='ltr'>confitebatur</span> <span class='ocrx_word' id='word_1_578' title='bbox 1354 5397 1507 5471; x_wconf 92' lang='lat' dir='ltr'>Domino</span> <span class='ocrx_word' id='word_1_579' title='bbox 1524 5421 1533 5460; x_wconf 73' lang='grc' dir='ltr'><strong>ε</strong></span> <span class='ocrx_word' id='word_1_580' title='bbox 1548 5396 1584 5465; x_wconf 89' lang='lat'>&amp;</span> <span class='ocrx_word' id='word_1_581' title='bbox 1600 5389 1807 5481; x_wconf 74' lang='lat' dir='ltr'>loquebatur</span> 
     </span>
     <span class='ocr_line' id='line_1_49' title="bbox 140 5481 1803 5594; baseline -0.006 -33"><span class='ocrx_word' id='word_1_582' title='bbox 140 5512 223 5565; x_wconf 91' lang='lat' dir='ltr'>nem</span> <span class='ocrx_word' id='word_1_583' title='bbox 238 5491 440 5584; x_wconf 78' lang='lat' dir='ltr'>persequens</span> <span class='ocrx_word' id='word_1_584' title='bbox 459 5491 634 5569; x_wconf 87' lang='lat' dir='ltr'>ecclesram</span> <span class='ocrx_word' id='word_1_585' title='bbox 650 5495 745 5569; x_wconf 89' lang='lat' dir='ltr'>Dei:</span> <span class='ocrx_word' id='word_1_586' title='bbox 769 5498 948 5577; x_wconf 91' lang='lat' dir='ltr'>secundum</span> <span class='ocrx_word' id='word_1_587' title='bbox 998 5502 1041 5573; x_wconf 88' lang='lat' dir='ltr'>dc</span> <span class='ocrx_word' id='word_1_588' title='bbox 1052 5499 1109 5573; x_wconf 93' lang='lat' dir='ltr'>illo</span> <span class='ocrx_word' id='word_1_589' title='bbox 1122 5498 1276 5575; x_wconf 83' lang='lat' dir='ltr'>omnibus</span> <span class='ocrx_word' id='word_1_590' title='bbox 1287 5500 1345 5594; x_wconf 91' lang='lat' dir='ltr'>qui</span> <span class='ocrx_word' id='word_1_591' title='bbox 1356 5493 1577 5589; x_wconf 72' lang='lat' dir='ltr'>enpefiabant</span> <span class='ocrx_word' id='word_1_592' title='bbox 1593 5481 1803 5593; x_wconf 83' lang='lat' dir='ltr'>redemptio·</span> 
     </span>
     <span class='ocr_line' id='line_1_50' title="bbox 139 5588 1803 5689; baseline -0.007 -29"><span class='ocrx_word' id='word_1_593' title='bbox 139 5588 305 5674; x_wconf 85' lang='lat' dir='ltr'>iusticiam</span> <span class='ocrx_word' id='word_1_594' title='bbox 320 5612 384 5685; x_wconf 90' lang='lat' dir='ltr'>que</span> <span class='ocrx_word' id='word_1_595' title='bbox 401 5612 446 5667; x_wconf 79' lang='lat' dir='ltr'>ex</span> <span class='ocrx_word' id='word_1_596' title='bbox 473 5588 553 5689; x_wconf 86' lang='lat' dir='ltr'>lege</span> <span class='ocrx_word' id='word_1_597' title='bbox 569 5592 617 5665; x_wconf 85' lang='lat' dir='ltr'>esi</span> <span class='ocrx_word' id='word_1_598' title='bbox 641 5594 864 5671; x_wconf 87' lang='lat' dir='ltr'>conversatus</span> <span class='ocrx_word' id='word_1_599' title='bbox 879 5596 949 5670; x_wconf 90' lang='lat' dir='ltr'>sine</span> <span class='ocrx_word' id='word_1_600' title='bbox 1002 5622 1078 5671; x_wconf 91' lang='lat' dir='ltr'>nem</span> <span class='ocrx_word' id='word_1_601' title='bbox 1095 5595 1328 5674; x_wconf 83' lang='lat' dir='ltr'>Hierusalem.</span> <span class='ocrx_word' id='word_1_602' title='bbox 1352 5595 1441 5667; x_wconf 80' lang='lat' dir='ltr'>litut</span> <span class='ocrx_word' id='word_1_603' title='bbox 1457 5589 1673 5685; x_wconf 81' lang='lat' dir='ltr'>perfecerunt</span> <span class='ocrx_word' id='word_1_604' title='bbox 1688 5600 1803 5653; x_wconf 87' lang='lat' dir='ltr'>omma</span> 
     </span>
    </p>

    <p class='ocr_par' dir='ltr' id='par_1_14' title="bbox 71 5676 1943 6085">
     <span class='ocr_line' id='line_1_51' title="bbox 71 5676 1932 5797; baseline -0.005 -42"><span class='ocrx_word' id='word_1_605' title='bbox 71 5700 112 5773; x_wconf 84' lang='lat'>50</span> <span class='ocrx_word' id='word_1_606' title='bbox 142 5682 305 5797; x_wconf 72' lang='lat' dir='ltr'>querela,</span> <span class='ocrx_word' id='word_1_607' title='bbox 329 5690 386 5761; x_wconf 88' lang='lat' dir='ltr'>sed</span> <span class='ocrx_word' id='word_1_608' title='bbox 413 5689 949 5782; x_wconf 70' lang='lat' dir='ltr'>quemshisueruntlucraihec</span> <span class='ocrx_word' id='word_1_609' title='bbox 1002 5694 1184 5772; x_wconf 88' lang='lat' dir='ltr'>secundum</span> <span class='ocrx_word' id='word_1_610' title='bbox 1208 5693 1323 5788; x_wconf 87' lang='lat' dir='ltr'>legem</span> <span class='ocrx_word' id='word_1_611' title='bbox 1339 5689 1506 5766; x_wconf 86' lang='lat' dir='ltr'>Domini:</span> <span class='ocrx_word' id='word_1_612' title='bbox 1528 5677 1742 5755; x_wconf 90' lang='lat' dir='ltr'>reversisunt</span> <span class='ocrx_word' id='word_1_613' title='bbox 1767 5676 1822 5763; x_wconf 77' lang='lat' dir='ltr'>in¹</span> <span class='ocrx_word' id='word_1_614' title='bbox 1928 5776 1932 5781; x_wconf 91' lang='lat'>.</span> 
     </span>
     <span class='ocr_line' id='line_1_52' title="bbox 142 5778 1943 5883; baseline -0.01 -27"><span class='ocrx_word' id='word_1_615' title='bbox 142 5781 330 5858; x_wconf 75' lang='lat' dir='ltr'>arbitratus</span> <span class='ocrx_word' id='word_1_616' title='bbox 355 5784 428 5857; x_wconf 88' lang='lat' dir='ltr'>sum</span> <span class='ocrx_word' id='word_1_617' title='bbox 468 5807 614 5883; x_wconf 84' lang='lat' dir='ltr'>propter</span> <span class='ocrx_word' id='word_1_618' title='bbox 640 5788 810 5863; x_wconf 81' lang='lat' dir='ltr'>Christum</span> <span class='ocrx_word' id='word_1_619' title='bbox 840 5792 949 5864; x_wconf 78' lang='lat' dir='ltr'>detri-</span> <span class='ocrx_word' id='word_1_620' title='bbox 998 5790 1190 5869; x_wconf 90' lang='lat' dir='ltr'>Galileam:</span> <span class='ocrx_word' id='word_1_621' title='bbox 1216 5790 1405 5862; x_wconf 88' lang='lat' dir='ltr'>incivitate</span> <span class='ocrx_word' id='word_1_622' title='bbox 1423 5778 1801 5856; x_wconf 86' lang='lat' dir='ltr'>suaNazareth.Puer</span> <span class='ocrx_word' id='word_1_623' title='bbox 1838 5784 1904 5860; x_wconf 85' lang='lat'>105</span> <span class='ocrx_word' id='word_1_624' title='bbox 1925 5792 1943 5805; x_wconf 59' lang='lat'>¹·</span> 
     </span>
     <span class='ocr_line' id='line_1_53' title="bbox 142 5868 1803 5970; baseline -0.009 -13"><span class='ocrx_word' id='word_1_625' title='bbox 142 5900 282 5957; x_wconf 87' lang='lat' dir='ltr'>menta.</span> <span class='ocrx_word' id='word_1_626' title='bbox 310 5880 548 5959; x_wconf 91' lang='lat' dir='ltr'>Verumtamen</span> <span class='ocrx_word' id='word_1_627' title='bbox 563 5885 718 5960; x_wconf 84' lang='lat' dir='ltr'>existimo</span> <span class='ocrx_word' id='word_1_628' title='bbox 743 5890 857 5962; x_wconf 87' lang='lat' dir='ltr'>omnia</span> <span class='ocrx_word' id='word_1_629' title='bbox 887 5893 948 5964; x_wconf 91' lang='lat' dir='ltr'>de·</span> <span class='ocrx_word' id='word_1_630' title='bbox 997 5908 1110 5965; x_wconf 92' lang='lat' dir='ltr'>autem</span> <span class='ocrx_word' id='word_1_631' title='bbox 1135 5886 1306 5961; x_wconf 89' lang='lat' dir='ltr'>crescebat</span> <span class='ocrx_word' id='word_1_632' title='bbox 1331 5886 1366 5955; x_wconf 81' lang='lat' dir='ltr'>dt</span> <span class='ocrx_word' id='word_1_633' title='bbox 1392 5880 1653 5957; x_wconf 83' lang='lat' dir='ltr'>confortabatur</span> <span class='ocrx_word' id='word_1_634' title='bbox 1683 5868 1803 5970; x_wconf 86' lang='lat' dir='ltr'>plenus</span> 
     </span>
     <span class='ocr_line' id='line_1_54' title="bbox 143 5970 1705 6085; baseline -0.003 -34"><span class='ocrx_word' id='word_1_635' title='bbox 143 5978 426 6055; x_wconf 79' lang='lat' dir='ltr'>trimeutumessc</span> <span class='ocrx_word' id='word_1_636' title='bbox 443 6003 589 6075; x_wconf 90' lang='lat' dir='ltr'>propter</span> <span class='ocrx_word' id='word_1_637' title='bbox 606 5984 810 6061; x_wconf 87' lang='lat' dir='ltr'>eminentem</span> <span class='ocrx_word' id='word_1_638' title='bbox 844 5984 953 6057; x_wconf 86' lang='lat' dir='ltr'>scien·</span> <span class='ocrx_word' id='word_1_639' title='bbox 1000 5985 1183 6085; x_wconf 86' lang='lat' dir='ltr'>sapientia:</span> <span class='ocrx_word' id='word_1_640' title='bbox 1207 5985 1242 6056; x_wconf 81' lang='lat' dir='ltr'>dt</span> <span class='ocrx_word' id='word_1_641' title='bbox 1258 5980 1366 6081; x_wconf 87' lang='lat' dir='ltr'>gratia</span> <span class='ocrx_word' id='word_1_642' title='bbox 1388 5980 1456 6056; x_wconf 89' lang='lat' dir='ltr'>Dei</span> <span class='ocrx_word' id='word_1_643' title='bbox 1477 6000 1551 6053; x_wconf 88' lang='lat' dir='ltr'>etat</span> <span class='ocrx_word' id='word_1_644' title='bbox 1565 5976 1600 6049; x_wconf 92' lang='lat' dir='ltr'>in</span> <span class='ocrx_word' id='word_1_645' title='bbox 1616 5970 1705 6049; x_wconf 90' lang='lat' dir='ltr'>illo.</span> 
     </span>
    </p>
   </div>
   <div class='ocr_carea' id='block_1_4' title="bbox 147 6076 1814 6241">
    <p class='ocr_par' dir='ltr' id='par_1_15' title="bbox 147 6076 1814 6241">
     <span class='ocr_line' id='line_1_55' title="bbox 147 6076 1814 6241; baseline 0.041 -92"><span class='ocrx_word' id='word_1_646' title='bbox 147 6076 233 6153; x_wconf 87' lang='lat' dir='ltr'>tiam</span> <span class='ocrx_word' id='word_1_647' title='bbox 244 6076 386 6156; x_wconf 85' lang='lat' dir='ltr'>Domini</span> <span class='ocrx_word' id='word_1_648' title='bbox 404 6078 727 6161; x_wconf 76' lang='lat' dir='ltr'>mnrisesucnnm</span> <span class='ocrx_word' id='word_1_649' title='bbox 742 6095 814 6182; x_wconf 75' lang='lat' dir='ltr'>.15r.</span> <span class='ocrx_word' id='word_1_650' title='bbox 827 6084 950 6189; x_wconf 76' lang='lat' dir='ltr'>nmen.</span> <span class='ocrx_word' id='word_1_651' title='bbox 1047 6096 1098 6185; x_wconf 67' lang='lat' dir='ltr'>bi·</span> <span class='ocrx_word' id='word_1_652' title='bbox 1115 6086 1250 6179; x_wconf 58' lang='lat' dir='ltr'>Amen!</span> <span class='ocrx_word' id='word_1_653' title='bbox 1726 6176 1814 6241; x_wconf 60' lang='grc' dir='ltr'>Μ.</span> 
     </span>
    </p>
   </div>
   <div class='ocr_carea' id='block_1_5' title="bbox 0 0 2230 7204">
    <p class='ocr_par' dir='ltr' id='par_1_16' title="bbox 0 0 2230 7204">
     <span class='ocr_line' id='line_1_56' title="bbox 0 0 2230 7204; baseline 0 0"><span class='ocrx_word' id='word_1_654' title='bbox 0 0 2230 7204; x_wconf 95' lang='lat' dir='ltr'> </span> 
     </span>
    </p>
   </div>
  </div>
 </body>
</html>
