4450 7209
475 763 566 828 χιιι
926 735 1680 826 rRAErA'rro.

478 858 530 944 de
555 853 769 972 Hispana,
799 877 929 968 neque
958 850 1008 937 de
1037 859 1224 940 Romana
1250 852 1373 941 Missa
1404 853 1624 966 loquatur,
1665 845 1811 937 exinde
1840 847 2002 967 probari
2031 880 2099 940 ue·

480 977 572 1092 quit
597 975 825 1091 Liturgiarn
866 971 1102 1089 primevam
1133 971 1393 1090 Hispanam,
1430 972 1599 1060 eandem
1642 969 1759 1058 fuisse
1797 991 1923 1084 atque
1945 979 2100 1062 Roma·

267 1197 270 1204 Ι
367 1099 452 1216 ¹158
487 1123 614 1184 nant.
645 1101 739 1184 Eur.
760 1101 868 1182 Bona
887 1085 949 1206 (a)
979 1091 1167 1208 opinatur
1196 1091 1441 1182 &Isidorum
1470 1089 1522 1181 de
1541 1123 1610 1202 ra,
1635 1096 1676 1179 dt
1695 1080 1929 1222 [adsientia
1947 1091 2106 1202 ulisse,

481 1218 662 1304 locutum
692 1209 771 1297 esse
802 1239 882 1300 aaa
909 1207 961 1300 de
989 1206 1212 1301 verborum
1237 1234 1401 1333 tenore,
1426 1205 1481 1304 (θ’
1496 1205 1773 1302 ceremoniis.
1804 1218 1897 1319 At,
1925 1240 2020 1298 cum
2050 1210 2102 1298 de

480 1331 758 1446 Liturgier'um
790 1329 985 1416 varietate
1014 1331 1180 1446 agitur,
1218 1348 1299 1418 non
1329 1330 1378 1418 de
1404 1331 1485 1449 ipsa
1514 1361 1590 1443 re,
1621 1334 1661 1418 dt
1691 1328 1908 1434 substantia
1936 1329 2108 1442 Missa,

482 1479 609 1564 quam
641 1448 811 1537 eandem
843 1450 990 1564 ubique
1029 1449 1108 1534 else
1148 1479 1288 1537 omnes
1327 1475 1506 1563 norunt,
1547 1449 1612 1537 sed
1641 1447 1690 1536 de
1719 1450 1894 1560 ritibus,
1920 1453 1961 1538 dt
1984 1477 2103 1537 cere·

482 1569 633 1658 moniis
672 1567 803 1655 sermo
833 1568 921 1680 est,
962 1567 1011 1654 de
1042 1568 1186 1683 quibus
1216 1570 1247 1658 sr
1277 1569 1443 1660 Sanbius
1473 1571 1645 1660 Isidorus
1676 1597 1758 1655 non
1787 1570 2006 1682 loquatur,
2043 1571 2106 1656 lo·

484 1717 552 1776 cus
581 1689 727 1774 citatus
767 1686 817 1776 ad
848 1717 932 1775 rem
962 1688 1195 1804 praesentem
1237 1690 1404 1777 omnino
1434 1718 1514 1777 non
1545 1689 1761 1807 pertinet.
1800 1687 2106 1776 Eruditiffimus

368 1837 451 1930 159
483 1808 744 1898 Mabillonius
773 1798 868 1925 (b),
898 1837 992 1895 cum
1023 1807 1130 1892 hunc
1161 1808 1328 1922 locum,
1358 1838 1411 1896 ex
1440 1811 1638 1920 Etherio,
1668 1811 1709 1896 dt
1739 1816 1865 1897 Beato
1883 1800 1966 1922 (c),
1996 1830 2108 1894 retu·

485 1928 625 2036 iisset,
665 1955 759 2013 eum
798 1947 917 2042 putat
959 1924 1265 2040 intelligendum
1304 1926 1384 2014 esse
1424 1926 1474 2015 de
1504 1928 1690 2042 Liturg'ia
1725 1922 1906 2016 Ecclesia
1946 1927 2109 2013 univer·

485 2046 607 2155 salis,
648 2041 865 2133 secundum
905 2073 969 2132 eas
1009 2069 1143 2161 partes
1184 2070 1393 2162 accepta,
1431 2075 1520 2161 que
1559 2047 1601 2133 in
1640 2046 1827 2131 omnibus
1865 2045 1994 2134 Millis
2041 2047 2105 2132 in·

484 2166 738 2274 veniuntur,
779 2165 914 2275 quales
953 2163 1044 2250 sunt
1085 2166 1384 2282 scriptutarum
1433 2163 1584 2275 lediio,
1622 2165 1950 2276 elementorum,
1988 2165 2101 2251 obla·

482 2285 584 2393 tio,
627 2287 666 2370 dt
706 2283 986 2393 consecratio,
1033 2285 1283 2372 communio
1313 2349 1328 2393 ,
1359 2289 1400 2373 de
1437 2284 1524 2371 alia
1563 2281 1748 2396 quadam
1787 2306 1966 2400 partes,
2007 2313 2104 2396 quae

482 2403 527 2492 in
565 2403 751 2488 omnibus
777 2421 813 2513 ,¹
834 2403 1019 2488 omnium
1059 2405 1245 2518 gentiunt
1277 2403 1509 2518 Liturgiis,
1541 2402 1802 2490 inveniuntur
1828 2463 1840 2490 .
1879 2402 1999 2490 Ponit
2029 2397 2100 2518 (d)

484 2521 595 2606 enirn
627 2523 691 2607 vir
721 2520 929 2630 eruditus,
961 2521 1155 2609 Ecclesiae
1187 2544 1273 2609 tam
1304 2523 1517 2632 Orientis,
1548 2551 1674 2636 quam
1702 2520 1934 2612 Occidentis
1964 2515 2011 2609 in
2036 2549 2099 2610 cr·

484 2632 680 2750 lebraudo
697 2636 959 2755 sacrosandio
984 2637 1055 2726 Mi
1089 2668 1123 2726 a
1149 2629 1363 2756 Sacrificio
1382 2704 1396 2751 ,
1414 2637 1573 2731 modum
1599 2636 1844 2757 quemdam,
1875 2633 1921 2728 in
1938 2637 2104 2754 summo

486 2785 731 2848 communem
767 2752 819 2847 ab
847 2753 974 2848 initio
1003 2753 1056 2846 ba
1085 2753 1189 2875 utffe
1214 2756 1312 2875 (e);
1345 2764 1385 2847 8t
1417 2761 1532 2846 sunul
1563 2760 1758 2848 Ecclesras
1793 2759 1960 2874 lingulas
1990 2754 2104 2847 ritus

420 2927 424 2934 ·
483 2869 908 3006 aliquarſsngularer,
927 2873 982 2966 (9¹
1001 2873 1193 2991 diversor
1207 2880 1260 2965 ab
1279 2879 1396 2965 initio
1412 2883 1537 2964 etiam
1558 2877 1754 2966 habuisse.
1772 2876 1994 2989 subditque
2012 2905 2098 2987 eos,

484 3021 559 3113 qut
576 2989 633 3082 ad
650 2989 784 3106 ritus,
792 2989 973 3126 singulis
990 2991 1207 3110 Ecclestir,
1222 2993 1301 3112 seu
1319 2991 1576 3114 regionibus,
1631 2990 1791 3114 ueprius
1808 2992 2102 3107 attenderunt,

481 3104 658 3202 multum
688 3108 946 3228 discriminis
980 3108 1026 3202 in
1051 3109 1190 3229 sacris
1218 3109 1369 3233 afflciir
1404 3018 1650 3234 agnovisti,
1684 3143 1766 3202 nan
1791 3135 1956 3205 tautum
1983 3109 2100 3204 iuter

482 3224 772 3342 Orientem,
803 3229 858 3322 (θ’
885 3227 1191 3321 occidentalem
1218 3235 1438 3324 Ecclelram
1459 3265 1472 3348 3
1495 3230 1574 3349 sed
1608 3228 1735 3322 etiarn
1770 3227 1885 3322 inter
1920 3227 2102 3322 Latinas

482 3343 667 3438 invicem
707 3344 944 3464 Ecclestas.
983 3357 1064 3440 Eos
1095 3380 1236 3463 vero,
1277 3357 1350 3467 qui
1380 3355 1640 3440 attenderunt
1681 3350 1732 3438 ad
1773 3350 1942 3440 modum
1983 3351 2102 3440 iilum

479 3495 765 3579 communem,
797 3465 932 3585 Miffae
950 3465 1135 3558 ordinem
1161 3465 1309 3589 ubique
1324 3467 1565 3583 uniformem
1586 3466 1664 3586 effe
1681 3470 1844 3557 dixisse.
1877 3479 1929 3558 In
1946 3472 2097 3558 horum

481 3615 581 3672 vero
598 3615 767 3673 nurnero
785 3617 863 3674 una
883 3617 977 3675 cum
996 3595 1035 3678 S.
1054 3588 1228 3696 Isidoro,
1261 3593 1418 3706 reponit
1436 3593 1678 3700 Etherium,
1709 3595 1749 3678 &
1768 3599 1965 3700 Beatum,
1998 3590 2097 3702 qui,

482 3703 576 3822 ipfis
613 3706 823 3795 S.1stdori
861 3708 992 3794 verbis
1033 3707 1089 3793 ufi
1117 3769 1131 3818 ,
1160 3708 1323 3794 alierere
1361 3739 1441 3796 non
1473 3710 1708 3798 dubitarunt
1740 3709 1871 3796 Missa
1909 3705 2129 3796 ordinent‘

482 3853 563 3914 uua
590 3819 803 3942 eodemque
830 3822 946 3916 mado
974 3827 1131 3938 Orbem
1165 3828 1394 3913 universum
1425 3857 1614 3945 peragere
1641 3887 1653 3914 .
1685 3833 1779 3916 Nan
1804 3818 2056 3945 ignorabunt
2083 3890 2097 3939 ,

483 3941 654 4056 inquit,
684 3939 841 4035 eruditi
876 3940 949 4036 illi
974 3941 1174 4036 Auliorer
1208 3940 1529 4062 discrepantiam
1567 3942 1692 4035 Litur
1721 3941 1770 4033 ia
1798 3939 2035 4063 Hispaniae
2072 3973 2099 4034 a

482 4070 670 4152 Romarm
697 4127 712 4176 ,
738 4063 819 4179 sed
844 4061 909 4155 ita
935 4057 1229 4181 loquebantur,
1262 4058 1407 4154 habita
1428 4060 1589 4155 ratione
1610 3977 1720 4154 maii
1747 4059 1867 4154 illius
1887 4057 2100 4184 generalis

242 4237 250 4244 ·
369 4187 453 4276 160
482 4177 725 4298 uniformis.
749 4187 845 4270 Non
876 4184 943 4270 hic
960 4182 1143 4295 inquiro,
1172 4211 1224 4269 en
1255 4207 1387 4299 partes
1418 4187 1492 4271 illae
1523 4186 1753 4300 precipue,
1783 4211 1871 4296 qua
1901 4209 2099 4296 tauquam

482 4299 633 4419 pundia
648 4299 833 4413 quadam
852 4300 931 4388 fixa
950 4364 965 4415 ,
995 4303 1161 4388 &certa
1180 4365 1196 4414 ,
1226 4302 1268 4390 in
1285 4305 1471 4390 omnibus
1487 4305 1673 4390 omniurn
1692 4305 1880 4417 gentium
1897 4302 2094 4418 Liturgiis
2202 4298 2204 4309 ’

484 4425 618 4512 locum
650 4421 834 4531 habent,
865 4419 945 4508 dici
970 4417 1142 4507 debeant
1173 4419 1315 4512 modus
1348 4418 1598 4530 eommunis,
1631 4426 1671 4509 8<
1698 4417 1797 4509 orda
1827 4419 1995 4533 quidam
2027 4449 2097 4535 ge·

479 4541 627 4632 neralis
654 4532 804 4658 ubique
830 4535 1049 4652 uniformis
1074 4541 1298 4630 celebrandi
1317 4541 1644 4632 Eucharistianr.
1673 4537 1798 4662 Quod
1817 4540 1982 4627 fortasse
2013 4567 2097 4625 non

480 4659 650 4748 deerunt
687 4661 759 4773 qui
789 4659 993 4776 negabunt
1019 4719 1031 4746 .
1061 4659 1140 4750 Sed
1168 4660 1338 4749 admisso
1377 4662 1455 4749 hoe
1495 4657 1685 4772 loquendi
1715 4658 1882 4766 modo,
1913 4657 2009 4747 inde
2040 4659 2096 4743 se·

479 4782 622 4894 quitur
652 4779 937 4893 S.ls1dorum,
967 4779 1129 4894 quando
1157 4780 1306 4899 scripiit
1338 4775 1474 4896 Mrffae
1500 4776 1684 4868 ordinem
1713 4807 1738 4866 a
1769 4784 1809 4869 S
1836 4786 1959 4866 Petro
1989 4776 2098 4863 insti·

481 4905 621 4987 t'uturn
652 4897 810 5015 fuisse,
850 4929 925 4994 neo
964 4900 1014 4985 de
1044 4897 1274 5011 Romano,
1306 4927 1437 5014 neque
1475 4897 1525 4984 de
1557 4898 1739 5014 Hispano
1768 4895 1909 4984 ordine
1949 4896 2097 4984 intelli·

480 5017 658 5136 gendum
689 5017 808 5128 esse,
839 5019 904 5106 sed
944 5017 995 5104 de
1026 5017 1159 5108 Missa
1188 5019 1394 5137 precipuis
1424 5017 1605 5135 partibus
1633 5081 1649 5125 ,
1680 5045 1771 5130 qua
1796 5079 1811 5128 ,
1841 5045 1867 5103 a
1899 5016 2097 5128 Divina,

397 5253 404 5262 ι
479 5143 521 5229 te
560 5139 611 5227 ab
640 5137 870 5256 Apostolica
910 5139 1127 5228 traditione
1165 5139 1393 5261 profetia,
1434 5142 1479 5230 iu
1517 5139 1705 5228 omuibus
1744 5161 1832 5227 tam
1870 5136 2098 5246 Orientis,

1968 5281 2098 5373 quam

523 5479 562 5562 (a
606 5467 726 5534 Rerum
742 5467 971 5554 liturgicarum
988 5467 1082 5536 lib-t·
1095 5487 1202 5556 cape.
1323 5467 1441 5537 dionis
1464 5467 1691 5557 Liturgiarurn
1718 5461 1947 5534 Orientalium
1972 5487 2046 5556 cap.
2059 5491 2095 5550 ς.

521 5565 562 5651 (b
605 5559 656 5622 De
670 5559 799 5646 Liturg.
809 5557 932 5622 Gallie.
948 5558 1042 5624 liba.
1057 5578 1197 5624 camna.
1323 5563 1639 5627 conaturoltendere
1651 5604 1664 5637 ,
1676 5569 1800 5626 veteres
1811 5560 1981 5643 Litargr'as
1993 5561 2094 5632 Gran

524 5662 561 5742 (c
604 5646 772 5714 Adversus
791 5646 952 5734 Elipand.
965 5648 1059 5713 liba.
1322 5669 1399 5723 tar,
1424 5655 1469 5736 (1)·
1483 5652 1667 5717 Orr'eutales
1682 5651 1812 5716 Latinis
1828 5648 2024 5721 conuenire,
2047 5650 2095 5732 ὁ·

522 5747 584 5834 (l)
609 5733 743 5802 Mabill.
772 5739 812 5802 de
839 5737 970 5822 Liturg.
994 5733 1122 5802 Gallie.
1151 5735 1213 5802 lib.
1228 5755 1260 5802 r.
1319 5739 1667 5827 utrasqurApoJlalr'eae
1683 5741 1907 5824 Myslerr'aruuu
1931 5737 2098 5806 celebran-

482 5851 592 5924 sapm.
606 5830 714 5894 nm&
729 5849 764 5890 ι.
1323 5831 1433 5896 darum
1452 5826 1573 5911 soture
1597 5831 1634 5898 t'u
1651 5831 1821 5921 preripuit
1847 5825 2008 5918 capitibus
2034 5844 2093 5896 rt·

527 5927 583 6012 (e)
607 5913 772 5983 Eusebius
795 5911 1027 5984 Renaudotiu's
1054 5911 1086 5980 iu
1111 5913 1265 5979 differta·
1316 5918 1495 6012 spondere.
1561 5923 1566 5931 '

484 6009 602 6090 tiooe,
632 6006 792 6102 promitte
816 6003 1050 6100 lomoprimo
1069 5997 1266 6101 suaqolleg
1484 6005 1494 6008 ”
