4450 7209
582 811 591 835 ι
634 715 888 794 DOMINICA
914 717 1101 812 QJINTA
1126 720 1248 800 POST
1274 721 1642 803 PENTECOSTEN·
1747 813 1752 819 ,
1898 751 1969 829 273

234 872 244 903 a
321 823 467 895 heretut
499 831 674 912 captivum
700 845 709 887 a
736 818 881 892 eundem
909 819 1128 919 unigenitum
1177 823 1250 895 dita
1265 823 1312 895 est
1328 822 1384 897 via
1398 823 1878 901 meaaDomino=&aDeo
1894 855 1974 906 meo
2012 853 2054 930 55

323 933 419 990 tuum
434 914 551 1012 dedisti
566 915 727 991 vicarium
749 936 809 989 aut
824 916 933 989 crucis
955 917 1129 1013 perpessus
1175 919 1343 1006 judicium
1359 944 1468 995 meum
1483 924 1637 996 transabit
1652 927 1667 991 ἒ
1681 925 1844 1016 Nunquid
1873 929 1979 1002 nescis

322 1013 480 1101 iniuriam
498 1043 507 1083 a
520 1014 693 1108 perditum
702 1012 878 1088 hominem
896 1037 1070 1111 repararet
1085 1022 1128 1094 ad
1178 1039 1320 1092 autnon
1335 1019 1453 1093 audisti
1469 1021 1594 1092 iDeus
1612 1021 1839 1116 sempiternus
1853 1025 1982 1097 Domi-

313 1113 431 1184 sitan
446 1161 457 1182 .
482 1115 634 1205 Propter
653 1113 745 1207 quod
760 1110 967 1210 Evangellce
978 1115 1129 1206 potesta·
1176 1139 1238 1189 nus
1248 1116 1306 1209 qui
1320 1117 1454 1191 creavit
1468 1119 1638 1192 terminos
1650 1136 1742 1191 terre
1754 1143 1824 1193 nou
1839 1122 1983 1193 deliciet

273 1228 297 1309 '5
325 1224 378 1282 tes
406 1233 475 1283 non
504 1211 628 1284 cessant
655 1209 790 1285 laudare
816 1211 888 1285 :ita
911 1208 1106 1290 dicentes.
1178 1237 1290 1309 neque
1303 1213 1472 1288 laborabit
1490 1246 1500 1287 a
1518 1237 1582 1288 nec
1599 1214 1646 1286 est
1676 1215 1898 1313 investigatio
1927 1220 1981 1292 sa·

323 1322 373 1400 132.
389 1304 530 1382 Sanetus
546 1353 557 1376 ·
572 1307 712 1383 sannas
730 1308 920 1383 manuus.
1175 1311 1310 1405 pientie
1331 1314 1405 1397 ejus
1417 1359 1428 1381 .
1441 1313 1512 1403 Qi
1536 1319 1596 1388 dat
1623 1308 1705 1386 lasso
1730 1311 1898 1386 virtutem
1916 1341 1925 1379 ε
1945 1317 1981 1389 &
2010 1321 2059 1392 60

589 1402 666 1490 Poll
686 1408 847 1478 Sanetus.
1176 1409 1230 1480 his
1258 1410 1315 1503 qui
1348 1432 1417 1481 non
1441 1410 1518 1483 sunt
1536 1440 1545 1480 ι
1560 1408 1801 1484 fortitudinem
1818 1412 1852 1481 &
1871 1411 1979 1489 robur

429 1503 494 1578 Ere
503 1501 633 1576 sanetus
642 1528 738 1579 :vere
750 1504 946 1580 beneditus
954 1503 1127 1581 Dominus
1176 1503 1584 1603 multiplicat.1)eficient
1600 1507 1695 1602 pueri
1712 1511 1748 1582 δι
1761 1504 1980 1589 laborabunts

440 1602 650 1679 nolierJesus
660 1600 815 1676 Christus
828 1603 916 1677 iilius
932 1622 1011 1681 tuus
1029 1654 1039 1675 .
1054 1603 1125 1701 Qi
1172 1607 1209 1676 δι
1221 1608 1366 1689 juvenes
1384 1603 1419 1675 in
1444 1605 1645 1683 infirmitate
1667 1606 1794 1678 cadent
1820 1608 1900 1700 aqui
1917 1630 1979 1678 au·

247 1725 296 1785 10
321 1695 417 1773 solus
434 1703 481 1774 est
494 1699 566 1775 vita
578 1697 775 1776 mortalium
789 1729 799 1770 ε
814 1702 851 1774 &
873 1698 1122 1778 immortalitas
1172 1721 1244 1776 tem
1259 1701 1394 1798 sperant
1411 1702 1447 1773 in
1460 1704 1617 1780 Domino
1635 1730 1644 1772 a
1661 1706 1842 1778 mutabunt
1872 1703 1976 1777 forti·

317 1798 612 1893 redemptorum.
637 1798 790 1872 Chritlus
815 1799 985 1874 Dominus
1009 1825 1049 1876 ac
1069 1824 1126 1875 re·
1172 1799 1347 1878 tudinem·
1361 1802 1536 1876 Alsument
1552 1825 1678 1898 pennas
1695 1820 1732 1876 ut
1745 1798 1855 1894 aquile
1872 1824 1973 1874 :cur-
2008 1809 2055 1902 65

317 1898 483 1994 demptor
498 1916 665 1970 eternus.
811 1895 888 1984 Poll
899 1899 1027 1996 pridie.
1173 1919 1254 1975 rent
1279 1901 1316 1973 δι
1342 1921 1413 1971 non
1439 1896 1907 1975 laborabuntaambulabunt
1935 1899 1974 1975 ἃ

319 1992 623 2174 SAnslifitetur
661 1993 845 2092 quesumus
876 1993 1026 2070 Domine
1057 1995 1123 2073 hec
1171 1995 1669 2094 nondeficient.ut.hmen.

404 2091 519 2170 oblata
534 2093 568 2166 iu
584 2093 753 2170 honorem
783 2092 834 2166 tui
853 2093 1002 2172 nominis
1018 2090 1123 2169 viui·
1221 2099 1325 2168 Dicat
1348 2092 1525 2170 Presbiter
1545 2143 1556 2167 .
1579 2092 1746 2168 Dominus
1771 2093 1815 2168 fit
1840 2093 1974 2193 semper

245 2214 290 2291 15
319 2215 375 2266 ma
403 2219 412 2262 a
439 2210 478 2264 ut
494 2187 637 2266 libantes
654 2217 699 2265 ex
715 2216 757 2264 ea
770 2190 996 2270 hereditatem
1007 2192 1122 2290 capia·
1172 2194 1375 2270 vobiscum.
1397 2205 1446 2285 132·
1458 2196 1503 2268 Et
1519 2215 1621 2268 cum·
1819 2256 1822 2263 .

319 2313 392 2365 mus
405 2308 560 2365 eternam
578 2339 589 2361 .
607 2305 656 2374 132.
676 2295 815 2363 Amen.
1221 2289 1425 2382 Pfhllendo·
1441 2292 1495 2366 Ab
1511 2286 1655 2366 occultis
1669 2286 1755 2362 meis
1781 2291 1905 2365 munda
1922 2313 1978 2364 me
2005 2321 2056 2400 70

467 2390 530 2460 Aa
543 2391 724 2462 orationem
747 2390 977 2464 Dominicsm.¹
1171 2387 1348 2466 Domine:
1364 2387 1453 2460 &ab
1479 2388 1600 2464 alienis
1624 2412 1727 2485 parce
1750 2386 1855 2462 servo
1881 2406 1977 2462 tuo.

409 2484 776 2579 ReceptiouisDivine
788 2512 958 2563 memores
974 2482 1123 2562 dileslis·
1171 2485 1222 2578 ᾖ.
1237 2490 1271 2563 Si
1288 2485 1354 2559 mei
1369 2509 1440 2561 non
1453 2487 1585 2561 suerint
1605 2483 1776 2560 dominati
1807 2503 1889 2558 tunc
1915 2484 1979 2558 im·

416 2585 488 2661 fimi
504 2585 626 2658 fratres
654 2611 665 2652 ε
694 2585 889 2661 orationem
905 2610 1004 2680 quam
1017 2584 1123 2658 Chri·
1168 2581 1359 2672 'maculatus
1373 2590 1504 2661 etos&
1521 2585 1745 2660 mundabora
1761 2579 1892 2657 delius
1906 2605 1980 2660 ma·

239 2702 290 2761 '20
318 2685 383 2755 slus
398 2683 473 2755 suos
487 2687 623 2759 Patrem
637 2684 755 2758 docuit
767 2684 899 2781 semper
912 2709 1014 2762 orate
1024 2680 1124 2760 disci·
1173 2708 1247 2783 gno
1259 2731 1271 2756 .
1283 2693 1328 2753 P.
1345 2682 1387 2754 Et
1403 2685 1445 2754 ab
1459 2681 1575 2759 alienis
1589 2731 1600 2754 .

232 2832 239 2841 -
317 2779 832 2878 pulosanosquoqueetetris
863 2780 1113 2878 proclamemus
1214 2785 1317 2854 Dicat
1328 2778 1733 2857 Probum-Silentium
1748 2778 1878 2854 facite.
2004 2807 2054 2884 75

319 2882 360 2953 ad
374 2877 489 2955 celos.
507 2881 612 2953 Pater
627 2881 739 2954 noster
752 2881 835 2972 qui.
1214 2880 1395 2976 Sequentia
1422 2875 1561 2977 Epillole
1578 2877 1685 2952 Pauli
1711 2877 1755 2950 ad
1770 2877 1970 2972 Philippen-

366 2980 468 3050 Dicat
484 2977 604 3052 sresb.
621 2973 808 3052 Humiliate
823 3003 888 3055 vos
902 2975 1116 3069 benedictin
1156 2978 1237 3068 ses.
1734 2982 1781 3045 H.
1797 2973 1948 3069 capitulo
1963 3018 1976 3046 .

315 3074 353 3149 ni
369 3125 380 3147 .
396 3076 613 3151 Dominussir
626 3075 942 3172 sempervobiscum
959 3126 970 3148 .
1255 3074 1378 3151 Ratres
1393 3123 1404 3147 .
1418 3076 1498 3149 Hoc
1515 3074 1643 3152 sentite
1670 3075 1704 3148 in
1732 3072 1833 3146 vobis
1848 3098 1859 3140 a
1872 3072 1970 3163 quod

233 3199 284 3278 ²5
368 3188 418 3267 gt.
433 3174 474 3246 Et
488 3198 592 3249 cum.
813 3177 1023 3251 Benedislioi
1265 3170 1835 3263 &inChrillolesu.Qaicumin
1860 3169 1973 3243 forma

313 3273 478 3459 Fides
491 3295 556 3366 qua
569 3273 709 3346 creditis
725 3273 895 3348 Christum
917 3301 926 3341 a
953 3275 1118 3369 perducat
1168 3274 1238 3345 Dei
1251 3269 1335 3344 eset
1351 3299 1361 3340 a
1380 3295 1450 3346 non
1464 3275 1614 3366 rapinam
1630 3271 1812 3348 arbitratus
1836 3265 1884 3338 est
1905 3266 1973 3341 effe
2003 3272 2053 3352 80
2091 3334 2094 3339 ,

415 3395 480 3446 vos
494 3370 535 3445 ad
556 3395 701 3469 regnum
714 3370 894 3447 celorum·
911 3385 959 3468 132·
979 3379 1089 3448 Arnen
1106 3421 1118 3445 .
1167 3369 1201 3443 se
1217 3366 1371 3463 equalem
1385 3369 1490 3444 Deos
1508 3372 1567 3444 sed
1580 3367 1796 3464 semetipsum
1814 3365 1971 3441 exinani·

314 3474 401 3565 Spes
417 3495 482 3566 qua
495 3469 638 3564 speratis
651 3489 769 3546 eterna
801 3500 810 3540 ε
839 3495 901 3568 per
913 3473 1118 3565 patientiam
1166 3469 1220 3543 vit
1236 3497 1246 3538 a
1265 3469 1411 3546 formam
1425 3468 1518 3542 servi
1531 3468 1701 3566 accipiens
1724 3465 1758 3538 in
1774 3460 1970 3539 similitudi-

315 3591 381 3642 vos
396 3568 496 3640 faciat
515 3566 673 3643 sustinete
689 3568 886 3663 presentia.
919 3583 967 3661 ijs
982 3580 1119 3646 Amen.
1166 3591 1243 3643 nem
1258 3569 1431 3643 homiuum
1455 3568 1631 3645 fassust&
1660 3562 1781 3644 habitu
1807 3565 1972 3638 inventus

230 3693 283 3763 30
315 3665 476 3739 Charitas
492 3665 692 3741 indeficiens
719 3695 729 3737 a
756 3672 792 3741 δι
818 3667 873 3739 hic
897 3665 1119 3744 dulcedinem
1168 3686 1206 3739 ut
1232 3665 1341 3740 homo
1359 3665 1590 3742 .Humiliavit
1619 3660 1837 3757 semetipsum
1862 3660 1971 3737 fastus

317 3762 495 3838 hominurn
511 3791 520 3834 a
534 3767 568 3838 &
583 3768 659 3862 post
671 3766 846 3841 consortia
874 3764 1113 3864 vobisprelar·
1163 3763 1330 3839 obediens
1345 3763 1447 3860 usque
1468 3766 1510 3838 ad
1541 3784 1718 3841 mortem:
1735 3782 1887 3836 mortem
1911 3782 1973 3832 au·
2004 3766 2051 3863 85

318 3863 430 3961 giatur
443 3862 642 3938 Sanslorum
658 3912 668 3934 ·
685 3878 734 3955 lja·
749 3871 863 3939 Arnen
878 3909 889 3933 .
904 3866 971 3937 Per
984 3866 1115 3939 miseri·
1162 3880 1233 3938 tem
1247 3866 1359 3937 crucis
1377 3911 1387 3933 .
1400 3867 1552 3958 Propter
1579 3865 1673 3958 quod
1697 3863 1732 3933 δι
1747 3860 1843 3933 Deus
1861 3853 1963 3929 illum

303 3960 468 4034 sordium
485 3961 585 4055 ipsus
600 3962 668 4034 Dei
681 3965 748 4034 &o
775 3961 948 4036 Dominus
968 3965 1010 4037 fit
1025 3962 1116 4038 sem·
1163 3959 1414 4034 suscitavita&
1445 3959 1594 4035 donavit
1625 3959 1673 4034 illi
1707 3982 1835 4032 nomen
1864 3954 1969 4050 super

313 4080 377 4152 per
390 4057 564 4133 vobiscum
578 4105 589 4129 .
606 4073 656 4154 132.
669 4060 710 4130 Et
724 4081 798 4135 cum
816 4107 827 4129 ·
1165 4081 1274 4134 omne
1284 4077 1472 4133 nomenaut
1490 4059 1525 4130 in
1543 4057 1678 4132 nomine
1687 4056 1765 4134 Jesu
1781 4075 1885 4131 omne
1900 4072 1970 4150 ge-

221 4175 276 4257 '35
361 4158 464 4225 Dicat
479 4154 624 4227 chorus.
641 4157 780 4230 Gusiate
797 4159 833 4231 δι
847 4159 990 4233 videte.
1162 4181 1207 4227 nu
1220 4154 1380 4231 sedatur
1393 4185 1402 4227 a
1415 4153 1585 4234 celestium
1602 4186 1611 4227 a
1626 4156 1833 4229 terrestrium
1847 4179 1857 4221 a
1871 4152 1905 4225 st
1919 4151 1973 4223 in·

220 4294 228 4311 .
358 4259 444 4324 com.
470 4252 607 4328 Refedi
631 4253 756 4328 Christi
786 4258 977 4352 Corpore.
1000 4269 1116 4361 Qere
1163 4256 1424 4335 seruorum-Et
1451 4256 1563 4328 omnis
1589 4252 1708 4350 lingua
1732 4253 1969 4326 confiteatura
2001 4278 2054 4346 90

306 4366 399 4424 retro
413 4348 538 4441 insesso
557 4353 704 4446 carpam
718 4349 854 4437 christi.
869 4354 1117 4442 fislchXVll·
1164 4352 1506 4448 quiaDominuslesus
1514 4352 1670 4427 Christus
1682 4353 1716 4425 in
1727 4349 1840 4449 gloria
1854 4346 1972 4421 ellDei

357 4449 648 4525 orauomefeui
680 4448 808 4522 Christi
831 4450 998 4546 Corpore
1017 4500 1028 4524 .
1046 4453 1113 4541 fol.
1164 4450 1281 4524 Patris
1311 4499 1323 4522 .
1348 4450 1470 4545 ltaque
1499 4452 1624 4525 fratres
1649 4453 1716 4523 mei
1739 4450 1823 4522 sieut
1834 4446 1970 4539 semper

307 4553 468 4623 (CHRI-
1165 4547 1327 4618 obedirlis
1342 4573 1353 4614 a
1367 4570 1439 4622 non
1468 4546 1500 4618 in
1517 4547 1690 4643 presentia
1715 4569 1789 4619 mea
1810 4561 1944 4617 tantum
1961 4569 1972 4611 a

219 4673 276 4746 40
309 4644 363 4718 ΙΝ
388 4644 576 4737 QJINTO
608 4643 862 4719 DOMINICO
899 4644 1019 4719 POST
1043 4645 1115 4720 FE·
1163 4642 1969 4742 sednultonagianuncinabsenuaneaecuu

220 4745 224 4751 ’
447 4744 575 4822 stunt
600 4739 925 4818 PENTECOSTES
953 4788 965 4814 .
1161 4762 1257 4817 metu
1272 4744 1307 4815 &
1322 4759 1473 4817 tremore
1502 4743 1645 4815 vestram
1672 4739 1814 4815 salutem
1841 4759 1969 4833 opera·
1995 4770 2046 4846 95

360 4837 532 4930 officinm.
546 4841 715 4920 Dominus
731 4839 916 4938 regnavit.
942 4850 945 4855 ’
1161 4837 1243 4913 mini
1271 4887 1282 4910 .
1312 4840 1408 4913 Deus
1421 4839 1571 4915 estenim
1598 4839 1655 4933 qui
1671 4855 1837 4935 operatur
1852 4833 1884 4906 in
1902 4858 1970 4908 vo·

358 4943 477 5014 oratio
491 4988 503 5012 .
515 4940 566 5013 ‘se
580 4938 713 5013 excelsa
725 4939 820 5013 laus.
1162 4938 1213 5010 bis
1228 4965 1237 5006 a
1255 4937 1289 5009 δι
1304 4933 1396 5009 velle
1407 4939 1442 5009 8(
1455 4939 1623 5031 perficere
1649 4960 1712 5034 pro
1733 4938 1825 5010 bona
1842 4929 1969 5007 volun·

303 5125 337 5218 st
360 5047 476 5207 Qerle
491 5038 669 5209 camaliam
683 5037 854 5112 Dominico
866 5031 934 5134 post
949 5043 1113 5113 ventem·
1163 5034 1534 5206 tite-iomisit?
1555 5035 1666 5206 inii?
1680 5035 1750 5107 fine
1775 5053 1963 5206 apprmqira·

389 5180 476 5204 ..
644 5184 656 5205 .
1180 5155 1355 5205 rourus=
1454 5155 1474 5204 e
1618 5158 1626 5205 1
1723 5161 1732 5204 a
1836 5151 1967 5204 usne

216 5161 270 5244 ἧς
337 5135 471 5308 eissille
499 5233 593 5310 Libri
618 5232 722 5332 Efiaye
751 5234 948 5331 Prophete.
967 5248 1016 5328 15t.
1029 5233 1110 5309 Deo
1159 5151 1778 5328 ‹tquerelaa&simplieteastiianadi'sentuu
1790 5228 1853 5304 filii
1866 5226 1964 5300 Dei:
2000 5204 2070 5318 ω’,

352 5327 436 5405 atias
453 5379 465 5402 .
978 5341 1109 5404 cmxl.
1159 5331 1228 5404 fine
1244 5328 1510 5425 reprehensione
1526 5331 1559 5403 in
1573 5331 1688 5408 medio
1712 5330 1861 5405 nationis
1883 5351 1963 5422 pra·

305 5354 471 5613 5¹1&
484 5429 567 5505 dicit
581 5431 776 5510 Dominus.
792 5433 921 5506 levate
943 5431 977 5504 in
993 5426 1110 5503 excel·
1160 5428 1252 5504 ve&
1265 5422 1429 5523 preverse
1444 5453 1456 5496 a
1474 5425 1568 5503 inter
1584 5453 1670 5523 quos
1685 5425 1803 5505 lucetis
1814 5428 1898 5501 sicut
1913 5421 1966 5506 lu·

434 5527 503 5602 sum
517 5529 637 5606 oculos
653 5534 787 5605 vestros
804 5559 813 5601 a
828 5533 863 5605 δι
886 5528 1003 5602 videte
1032 5527 1107 5620 quis
1157 5524 1300 5602 minaria
1315 5526 1348 5598 in
1364 5525 1490 5601 mundo
1508 5554 1517 5596 a
1532 5530 1676 5602 verbum
1691 5528 1765 5601 vite
1781 5525 1965 5605 continen-

215 5648 273 5736 ‘50
307 5623 1106 5726 creavithec.Qrieducitinnumeromiliciam
1159 5641 1212 5699 tes
1227 5627 1269 5699 ad
1284 5621 1430 5723 gloriam
1446 5647 1554 5699 meam
1573 5625 1608 5707 in
1625 5625 1682 5699 die
1708 5622 1964 5714 Christi.Qia
2011 5702 2013 5707 ,

307 5748 430 5800 eorum
445 5753 454 5794 r
472 5727 507 5798 &
524 5750 642 5803 omues
669 5750 714 5801 ex
737 5725 875 5799 nornine
900 5745 1004 5801 vocat
1018 5773 1028 5796 .
1042 5726 1109 5800 Pte
1159 5748 1229 5799 non
1250 5723 1285 5795 in
1305 5743 1446 5797 vacuum
1460 5724 1594 5798 cucurri
1608 5751 1619 5794 a
1632 5747 1741 5820 neque
1767 5722 1801 5794 iu
1820 5745 1964 5798 vacuum
2000 5751 2066 5828 105

304 5822 528 5911 multitudine
557 5822 773 5901 fortitudinis
794 5828 828 5899 &
846 5821 985 5899 roboris
1000 5822 1109 5897 virtu·
1159 5816 1314 5897 laboravi
1343 5868 1353 5890 .
1380 5821 1448 5892 Sed
1473 5823 1533 5894 etfi
1545 5822 1709 5898 immolor
1724 5821 1824 5915 supra
1837 5820 1967 5894 sacrifi·

306 5918 417 6014 tisque
445 5927 516 6007 ejus
534 5947 671 6018 :neque
701 5947 801 5999 unum
831 5919 996 6015 reliquum
1015 5921 1109 5997 suit·
1160 5920 1251 5993 cium
1265 5921 1300 5993 δι
1314 5916 1512 6015 obsequium
1530 5923 1611 5995 fidei
1628 5924 1737 5996 vestre
1755 5951 1765 5990 r
1780 5918 1967 6019 gaudeo&

302 6017 420 6118 Qare
430 6017 675 6100 dicislacoba&
688 6019 839 6125 loqueris
851 6017 1108 6104 lsrsslaabscon·
1158 6014 1383 6123 congratulor
1411 6020 1571 6100 omnibus
1599 6021 1699 6101 vobis
1722 6067 1736 6095 .
1760 6019 1908 6117 idipsum
1929 6019 1968 6091 δε

399 6116 645 6222 sasamon
894 6178 897 6184 ·
1521 6116 1611 6217 ,Μαι
1857 6136 1969 6199 'sot
