4450 7209
365 650 440 721 ²5²
582 700 588 711 ,
839 624 895 703 ΙΝ
915 620 997 703 nm
1018 619 1335 704 ·ASCENSIONIS
1360 618 1574 701 nomme
1746 716 1765 729 ..
1917 711 1927 726 Ι

538 770 545 782 ·
603 744 610 758 ·
681 744 712 759 ''
1221 718 1768 803 numdiabolumtsuuml'ocium
1789 719 1965 823 hospitem
1979 724 2034 801 sec
2062 747 2103 826 55

562 820 642 909 eost
656 826 816 899 nonme.
832 823 978 898 marim
1223 824 1297 939 cit..
1324 823 1480 994 Diqnum
1506 821 1585 937 celi.
1599 822 1811 935 habitatione
1827 826 2030 901 unnllltttita
2099 820 2103 831 Δ

472 1018 598 1093 Omine
625 1020 706 1093 Rex
738 1015 853 1118 glorie
875 1019 935 1115 qui
961 1016 1171 1117 patestdiaa
1220 944 1449 1113 {bipedali
1469 920 2033 1097 ltltlblifioltltctultllltlttlllnl'llllnl

315 1144 337 1219 5
487 1118 523 1187 dt
544 1112 737 1211 adimpletit
768 1117 1017 1216 prophetarunt
1046 1140 1171 1194 oracu·
1220 1142 1284 1193 nec
1317 1116 1374 1193 illa
1401 1116 1548 1195 laboric
1588 1140 1652 1191 neo
1690 1116 1751 1193 itta
1789 1120 1855 1194 unt
1898 1124 2032 1218 ponde·

365 1209 409 1285 lit
433 1239 445 1283 t
473 1230 632 1308 tanquam
658 1212 805 1289 elevatis
831 1214 1039 1293 eternalibus
1054 1218 1171 1313 portis
1219 1216 1249 1293 ri
1277 1262 1292 1287 .
1327 1214 1398 1308 Qi
1434 1221 1527 1289 iuter
1568 1217 1743 1314 profunda
1774 1220 1994 1297 tenebratum
2019 1246 2033 1291 t
2057 1226 2101 1297 60
2185 1292 2186 1305 ,

362 1328 548 1409 paternam
577 1311 710 1409 repetit
737 1312 882 1391 sedent·
910 1318 995 1409 an
1018 1317 1098 1389 duur
1117 1334 1176 1391 tua
1225 1312 1382 1391 debitum
1421 1312 1533 1389 aliene
1572 1313 1813 1412 corruptionis
1841 1316 2034 1393 exsolvite
2185 1400 2186 1413 q

365 1408 489 1485 Deitas
513 1434 560 1485 co
588 1432 657 1505 quo
684 1434 853 1507 nunquam
877 1413 1026 1487 discessit
1050 1438 1174 1511 regre-
1227 1416 1320 1488 inter
1350 1410 1484 1490 excelsa
1517 1411 1659 1491 nubium
1700 1414 1867 1509 premium
1895 1416 2037 1493 servan-

365 1505 464 1579 ditur
502 1532 512 1575 t
543 1507 692 1584 humano
719 1510 838 1609 generi
870 1507 1026 1586 celorum
1066 1515 1178 1588 aditur
1226 1514 1271 1586 de
1302 1511 1573 1609 incorruptiouia
1602 1510 1779 1587 indulsit.
1821 1512 1941 1588 Tantis
1983 1538 2039 1590 er·

288 1628 339 1693 10
363 1602 587 1777 qqqriqqqtetnfi
598 1604 768 1777 Dontuqt
789 1606 1084 1779 illicoecffittendaan
1111 1633 1179 1686 no·
1225 1635 1276 1783 lqo
1307 1608 1575 1782 noctbeneliciis
1606 1611 1665 1783 sqa
1693 1612 2082 1785 pieqateucrescenti-6

589 1730 651 1780 o:
804 1729 845 1780 ro
973 1731 1019 1779 no
1049 1732 1086 1780 ra
1118 1730 1175 1782 ce·
1248 1732 1286 1779 m
1313 1738 1324 1783 a
1355 1734 1375 1781 u
1456 1732 1549 1786 atum
1606 1729 1721 1785 utret
1778 1732 1925 1785 ormnem
1967 1732 2040 1785 ter·

275 1794 279 1806 ’
364 1798 522 1895 demptio
547 1846 558 1870 .
585 1802 662 1873 Nec
680 1728 905 1880 lancellam·
939 1806 1078 1901 captiva
1112 1808 1175 1878 de·
1225 1830 1297 1883 ram
1329 1732 1489 1903 receplsi'e
1520 1832 1531 1878 t
1559 1733 1659 1902 qltm
1691 1806 1846 1903 perdidit
1872 1836 1882 1877 t
1910 1808 2036 1885 nili&
2082 1736 2099 1808 ς

366 1892 560 1971 Ῑεᾶαείοηο
589 1900 737 1974 terrenis
776 1922 789 1973 t
822 1901 879 1998 qui
907 1920 943 1975 te
969 1924 1176 2001 regnantem
1227 1904 1336 1979 celum
1374 1906 1468 2001 quod
1503 1928 1575 1981 uon
1611 1906 1781 1981 habuerat
1817 1906 2038 2002 recepisset.

371 1994 582 2069 confitentur
608 1996 642 2070 in
669 1994 752 2071 celic
780 2043 791 2068 .
820 2004 905 2092 Quo
939 2024 1043 2094 prece
1068 2002 1180 2077 humi·
1228 2000 1534 2101 Multiplicatoque
1555 2004 1678 2079 fenore
1692 2004 1926 2098 interceptum
1942 2005 2035 2082 nsum

290 2116 338 2195 ³5
371 2090 478 2166 litatio
505 2096 622 2170 nostre
652 2094 840 2191 placatura
869 2119 915 2168 ex
940 2094 997 2170 illa
1025 2102 1178 2185 majella-
1227 2100 1359 2175 beatius
1383 2099 1623 2197 compensaret
1658 2119 1880 2198 angmentum
1911 2155 1923 2177 .
1952 2102 2036 2177 Non

371 2190 415 2264 tit
431 2208 492 2263 tue
512 2214 577 2285 qut
594 2194 719 2269 residet
734 2192 815 2266 sede
840 2223 851 2265 a
878 2196 914 2267 δι
942 2196 1104 2271 viventea
1124 2220 1177 2270 tc-
1226 2197 1348 2272 sufficit
1391 2200 1676 2275 abundantiffime
1718 2198 1866 2273 bonitati
1898 2228 1908 2270 t
1941 2202 2035 2295 quod
2057 2230 2099 2307 70

367 2282 468 2385 pleat
480 2288 654 2367 donica&
672 2290 883 2389 pausantium
896 2290 1035 2388 spiritua
1053 2296 1179 2373 conso-
1228 2298 1271 2367 ad
1298 2295 1515 2372 cruciandam
1547 2294 1684 2392 spoliati
1711 2296 1816 2372 hostia
1832 2297 1996 2376 iuvidiam
2024 2336 2036 2383 ς

374 2382 485 2461 lctit.
1228 2392 1391 2468 faciendis
1421 2395 1608 2471 virtutibus
1637 2396 1810 2492 potellate
1842 2400 2033 2492 permissae

1229 2493 1353 2567 venire
1383 2493 1424 2564 ad
1456 2510 1493 2568 te
1518 2492 1618 2589 supet
1654 2518 1755 2590 aqum
1782 2492 1951 2591 discipulo
1975 2518 2036 2568 cu·
2090 2544 2097 2555 -

288 2608 341 2669 ao
422 2582 639 2683 asberni·
656 2595 799 2671 Amen}
1228 2588 1342 2687 pienti
1381 2588 1575 2667 famulantia
1610 2612 1737 2667 contra
1767 2611 1922 2668 naturam
1961 2592 2035 2665 elc-

1226 2708 1342 2765 menta
1372 2687 1517 2778 subiecit
1534 2718 1552 2761 t
1594 2692 1676 2765 dunt
1707 2716 1850 2786 gravent
1882 2690 2037 2791 gradien-
2055 2716 2096 2793 75

588 2789 959 2891 adspectet-oratio}
1226 2787 1270 2862 tia
1300 2789 1463 2883 corporei
1492 2789 1658 2885 ponderis
1683 2786 1812 2867 molem
1827 2812 2036 2885 nequaquam

1228 2888 1444 2963 credentium
1481 2892 1645 2965 undarum
1689 2888 1789 2964 dorsa
1818 2908 2032 2985 portarentt

484 2980 550 3057 Eut
576 2986 637 3082 qui
665 2989 864 3085 asumptum
890 2987 1065 3067 hominem
1093 3004 1181 3061 eve·
1230 3008 1307 3062 curn
1332 2986 1374 3060 ad
1406 2986 1602 3081 imperantis
1633 2986 1832 3083 obsequium
1862 2986 2031 3061 fieretiti-

286 3096 336 3183 25
500 3080 614 3157 diuma
642 3087 686 3161 ad
711 3086 808 3164 celos
835 3114 847 3157 t
877 3086 972 3163 inter
1009 3084 1175 3181 precipua
1224 3086 1315 3157 neria
1345 3080 1494 3158 soliditas
1529 3108 1598 3158 non
1627 3083 1770 3181 liquorit
1802 3132 1814 3156 .
1854 3086 1899 3160 Et
1927 3108 2033 3180 equor

367 3184 611 3259 mandatorum
652 3202 792 3261 tuorum
830 3185 989 3281 mysteria
1027 3205 1176 3258 concor·
1223 3184 1371 3270 iussione
1396 3180 1561 3261 libratum
1590 3208 1659 3259 non
1688 3200 1839 3261 mutaret
1863 3183 1997 3257 cursum
2020 3210 2030 3254 t
2052 3190 2095 3267 80

365 3281 532 3359 dimona
549 3304 668 3375 pacem
682 3282 883 3360 tuiaSandlit
897 3277 1057 3379 reliquisti
1074 3286 1176 3377 Apo·
1226 3284 1262 3357 δι
1290 3301 1442 3357 mutaret
1469 3284 1618 3355 officiunt
1645 3329 1657 3353 .
1685 3286 1804 3379 Atque
1833 3284 1875 3356 td
1905 3286 2033 3357 cotani

363 3379 488 3456 slolitr
510 3376 642 3477 suscipe
663 3379 770 3457 inlata
791 3380 888 3457 sacro
908 3378 1035 3458 altatio
1056 3402 1176 3453 mune·
1227 3378 1270 3454 tit
1298 3378 1447 3457 edietum
1492 3399 1613 3455 euntes
1653 3379 1711 3455 vie
1751 3399 1932 3457 currerent
1958 3410 1967 3449 ι
1998 3385 2035 3455 dt

370 3500 408 3553 ra
435 3480 472 3592 in
498 3476 642 3555 hostiam
669 3478 886 3594 pacificam)
916 3477 1087 3593 largiente
1116 3496 1174 3553 tut
1224 3476 1482 3595 progredientis
1512 3478 1656 3577 vestigia
1684 3480 1776 3555 freta
1807 3476 2035 3575 insignitior·
2090 3500 2095 3505 ·

288 3594 339 3674 ³⁰
366 3578 707 3749 illinisti
728 3576 1177 3772 tlllliiltiill:
1223 3574 1347 3749 litt}
1366 3579 1715 3759 tntill‘sllst
1740 3573 2037 3784 l‘liiiinls‘ii}
2055 3680 2096 3776 ε,
2187 3620 2188 3631 ‘

367 3766 550 3848 osculumc
567 3769 745 3848 interioria
769 3773 920 3851 hominia
948 3771 1178 3869 indisruptum
1228 3772 1333 3851 sciret
1369 3797 1380 3846 t
1416 3776 1454 3849 dt
1482 3773 1628 3871 figentis
1666 3774 1788 3869 pedem
1818 3768 2034 3870 plenitudiue

376 3869 651 3972 pacit&gtatie
668 3872 941 3953 sacramentum·
1235 3872 1271 3949 in
1297 3872 1330 3947 se
1356 3886 1518 3947 manente
1543 3895 1614 3947 non
1643 3888 1819 3971 mergeret
1845 3919 1856 3940 .
1889 3872 1968 3943 Non
1998 3872 2035 3945 iu

1235 3968 1379 4068 aliquam
1410 3990 1538 4049 cratem
1575 3971 1717 4049 materia
1762 3966 1846 4068 gelu
1882 3969 2032 4045 urina,

284 4083 334 4169 bl
415 4078 471 4163 bl·
488 4064 787 4150 chrm-Auten-
1230 4088 1499 4149 concreverat:
1536 4089 1600 4144 nec
1637 4066 1809 4143 fluminum
1846 4088 1948 4143 more
1977 4068 2031 4143 su·

280 4214 292 4229 ·
1224 4166 1380 4264 periefla
1405 4164 1541 4243 fluentia
1568 4165 1702 4265 frigore
1734 4187 1770 4240 tc
1817 4186 1931 4243 menta
1947 4190 2030 4258 pen·
2049 4192 2094 4259 qo

698 4265 847 4345 inlatio.
1225 4264 1387 4343 debant.
1423 4268 1514 4340 Cum
1552 4262 1709 4341 natabilis
1753 4263 1811 4338 ila
1851 4264 2025 4341 mobiliter

1146 4419 1150 4427 .
1223 4363 1381 4457 perviae
1418 4358 1565 4441 &velit
1594 4380 1730 4459 pateret
1758 4390 1769 4433 t
1795 4367 1832 4437 dt
1867 4363 2030 4461 plantis.

479 4455 599 4560 ignum
622 4459 659 4537 dt
682 4462 805 4551 iulium
831 4465 916 4540 elit
948 4455 1171 4557 omnipotens
1220 4460 1484 4559 inestimataque
1513 4461 1734 4559 profunditas
1746 4460 1841 4535 fimul
1870 4462 2027 4536 adtrit-

490 4564 621 4634 l'atcrt
647 4586 710 4637 nos
736 4564 800 4641 tibi
816 4588 921 4663 agere
947 4562 1074 4663 gratias
1103 4580 1169 4652 per
1218 4578 1335 4639 toreut
1376 4562 1486 4637 ferret
1520 4590 1532 4633 c
1572 4566 1610 4637 dt
1650 4564 1857 4659 remigem.
1899 4559 2027 4645 Maiori

361 4655 477 4737 lesum
503 4657 674 4736 Christum
700 4660 822 4739 Filium
849 4682 977 4738 tuum.
1007 4657 1076 4756 Qi
1100 4656 1177 4749 pon
1227 4660 1392 4741 miraculo
1417 4660 1592 4739 bominem
1613 4662 1685 4773 peti
1713 4664 1822 4749 iussae
1849 4682 1949 4755 quam
1969 4682 2030 4731 na·
2049 4674 2093 4751 95

364 4754 515 4828 secunde
568 4756 760 4835 nativitatis
808 4762 1017 4835 vetiffimum
1062 4754 1175 4833 sacra·
1224 4782 1341 4841 vent.
1369 4756 1529 4835 Uberiori
1553 4757 1623 4832 Det
1651 4756 1752 4833 laude
1783 4756 2031 4855 greffibtttadi·

363 4870 519 4931 mentum
557 4880 569 4924 t
608 4857 684 4950 post
722 4858 867 4935 immane
894 4856 1055 4954 passionis
1092 4853 1174 4955 glo·
1224 4874 1286 4933 tat
1315 4878 1418 4955 quam
1445 4856 1598 4933 ratibut·
1627 4858 1681 4931 Ac
1712 4856 1773 4933 nis
1797 4858 1883 4931 fides
1910 4852 2032 4957 paulu·

366 4949 498 5025 tiosum
524 4950 731 5049 triumphum
757 4982 770 5026 t
797 4959 872 5053 post
881 4953 1092 5054 dignabilem
1121 4956 1176 5035 sn·
1223 4952 1297 5030 lum
1336 4952 1518 5052 pavenda
1557 4960 1702 5029 nutasset
1735 4982 1745 5026 ε
1776 4955 1913 5031 reversa
1952 4956 2032 5031 in.s

286 5068 338 5145 45
370 5042 488 5143 scepte
510 5050 636 5123 mortia
674 5053 717 5127 ad
753 5052 886 5129 inferna
924 5054 1122 5147 descensum
1156 5086 1168 5127 a
1213 5052 1327 5149 ipsum
1351 5056 1394 5129 ad
1416 5051 1530 5152 legem
1543 5052 1635 5129 suant
1650 5072 1771 5135 natura
1783 5054 1921 5150 equoris
1953 5076 2026 5130 uon

264 5205 267 5212 .
361 5144 443 5239 poll
483 5144 722 5225 vivificantem
756 5150 961 5247 reassumpte
998 5150 1170 5229 Relittre·
1219 5152 1333 5228 fuisset
1360 5198 1372 5225 .
1402 5155 1480 5247 Qua
1505 5147 1722 5227 credulitatis
1756 5152 1944 5229 constantia
1971 5174 2028 5227 re·
2053 5164 2114 5225 τοο.

364 5238 495 5319 &ionia
518 5244 562 5319 ad
587 5244 733 5342 superna
748 5251 934 5351 regressum
962 5274 973 5320 t
998 5251 1072 5347 poll
1095 5276 1172 5328 ma·
1219 5248 1364 5326 cedente
1402 5278 1413 5323 t
1453 5245 1676 5327 diffidentiam
1709 5250 1895 5325 dubitantia
1925 5248 2026 5325 nimia

362 5340 557 5419 nisestatam
571 5344 785 5427 mirabilium
802 5349 935 5425 virtute
950 5349 1168 5443 potentianae
1217 5348 1525 5449 appropinquantis
1554 5345 1701 5447 periculi
1734 5348 1916 5447 castigaret
1941 5374 1953 5417 a
1987 5350 2025 5421 dc

366 5440 445 5538 poli
471 5440 668 5521 immensam
682 5445 928 5525 infirmantium
943 5446 1173 5526 medicinamt
1221 5450 1313 5526 circa
1352 5447 1547 5545 presumpte
1581 5448 1652 5545 spei
1691 5446 1861 5524 dennuni
1898 5446 2028 5525 verbe·

285 5561 337 5640 50
364 5540 451 5638 poll
477 5538 683 5618 celebratam
693 5541 729 5621 in
741 5543 993 5643 Apostolorum
1015 5569 1172 5630 commu·
1219 5545 1369 5627 rentium
1406 5542 1534 5645 pelago
1571 5543 1734 5623 fluctuum
1770 5549 1860 5643 quafi
1888 5543 2024 5623 mensu·

361 5635 473 5716 nioue
498 5640 725 5719 dutitiuamt
756 5648 802 5723 ad
828 5642 919 5725 illam
951 5642 1107 5745 equalem
1131 5650 1176 5727 fit
1224 5670 1263 5724 ra
1302 5644 1520 5746 distringeret
1554 5693 1565 5717 .
1600 5643 1744 5723 Domini
1784 5665 1897 5722 tamen
1930 5642 2107 5733 auxi-105

364 5736 402 5815 bi
421 5737 606 5824 maiestatis
629 5742 984 5845 tuesedcmeteptam
1008 5775 1018 5819 t
1046 5750 1091 5823 de
1106 5749 1176 5826 ini·
1223 5743 1305 5825 lium
1334 5762 1429 5821 metu
1460 5738 1660 5821 discriminis
1699 5744 1915 5819 inuocantem
1950 5758 2032 5815 tan·

362 5834 448 5991 ⁹¹⁵⁶?
474 5831 627 5933 ftn'cibu
647 5842 796 5943 rrcdtu
820 5862 1004 5947 tenorum
1024 5868 1036 5919 ³
1060 5848 1176 5957 “tti-
1222 5863 1325 5948 Μ
1363 5842 1541 5945 “““Ρ“““
1571 5840 1729 5947 '‘uim“
1764 5868 1777 5913 ⁸
1817 5864 1887 5917 ”⁰¹²
1931 5856 2033 6012 ‘iffa
