4450 7209
602 766 1352 865 PRAEFATIO.
1654 774 1818 866 'cxxi'

142 896 236 1008 sos,
266 922 400 1011 neque
428 891 689 1015 S.Julianus,
720 920 851 1005 neque
881 919 982 978 unus
1008 891 1154 1006 aliquis
1184 892 1268 1007 ejus
1294 886 1450 982 Auslor
1477 889 1663 981 dicendus
1692 897 1771 986 est.

141 1018 406 1139 Quicumque
431 1016 543 1103 enim
570 1014 726 1101 Millale
746 1011 1049 1101 Mozarabicum
1076 1018 1198 1131 paulo
1226 1015 1420 1101 attentius
1451 1017 1681 1129 evolverit,
1710 1017 1772 1106 in·

139 1137 282 1243 veniet
306 1135 406 1227 illud
435 1162 567 1249 neque
595 1134 710 1220 unius
734 1134 968 1250 Scriptoris,
998 1162 1130 1249 neque
1157 1136 1272 1221 unius
1298 1136 1374 1221 aevi
1401 1164 1500 1253 opus
1528 1137 1624 1223 esse.
1654 1142 1770 1230 Nam

138 1280 287 1377 praeter
315 1256 407 1373 llyli
437 1257 703 1363 varietatem,
732 1280 821 1367 quae
851 1255 894 1342 in
919 1250 1062 1341 eadem
1085 1256 1203 1343 Milia
1229 1285 1518 1369 nonnunquam
1546 1254 1766 1372 deprehen·
1880 1259 1882 1263 ’

136 1377 283 1490 ditur,
314 1379 444 1495 plures
473 1376 566 1463 sunt
591 1375 745 1483 Milsae,
774 1401 863 1488 qua
893 1399 989 1462 ante
1008 1397 1171 1461 aetatem
1202 1381 1241 1465 8.
1260 1375 1400 1463 lfidori
1431 1377 1659 1490 compofitae
1686 1377 1770 1462 sue·

139 1520 271 1584 runt.
300 1500 436 1591 Plures
465 1497 594 1615 etiam
625 1494 749 1604 sunt,
781 1522 870 1609 quae
909 1494 994 1612 post
1025 1520 1201 1590 mortem
1240 1501 1280 1585 8.
1307 1492 1495 1582 Βοᾶοτίε
1535 1497 1767 1611 conscripto

138 1614 264 1704 sunt.
305 1621 468 1705 Harum
495 1642 595 1702 vero
623 1612 807 1702 omnium
836 1616 1050 1702 Miliarum
1082 1616 1257 1703 eundem
1297 1615 1510 1703 hominem
1545 1612 1767 1704 Auliorem
1802 1630 1889 1731 273'

137 1735 214 1823 elie
245 1763 370 1823 nemo
398 1734 574 1822 dixerit.
603 1733 680 1825 Sed
705 1734 734 1820 sr
761 1734 924 1821 nomine
950 1734 1141 1846 Audoris
1172 1736 1338 1827 Milsalis
1368 1734 1617 1824 Mozarabici
1648 1737 1681 1819 is
1709 1737 1768 1823 in·

136 1855 372 1971 telligatur,
397 1856 469 1969 qui
487 1853 644 1942 Missale
664 1855 916 1943 'toletanum
943 1856 1246 1967 emendaverit,
1276 1880 1348 1943 aut
1376 1858 1448 1970 qui
1476 1884 1579 1965 una,
1612 1879 1684 1942 aut
1711 1857 1768 1944 al·

109 1996 229 2071 ‚tera
254 1975 375 2061 Milia
399 2004 424 2060 a
450 1974 489 2060 se
518 1974 771 2091 composita,
802 1976 994 2088 auxerit,
1027 1980 1159 2093 plures
1189 1975 1417 2089 hujusmodi
1445 1972 1673 2082 Aullores,
1707 1978 1768 2063 in·

138 2116 205 2181 ter
231 2093 451 2210 Episcopos
476 2095 732 2206 Toletanos,
763 2096 1054 2184 inveniuntur.
1086 2097 1304 2213 Elipandus
1330 2097 1593 2211 Eugenium,
1623 2092 1764 2184 Hilde·

137 2210 334 2321 sonsum,
365 2217 405 2300 &
422 2212 626 2335 Julianum
656 2215 907 2327 nominavit,
938 2217 1175 2337 &Julianus
1205 2245 1328 2334 opera
1358 2223 1398 2305 8.
1415 2214 1638 2304 Hildesonfi
1668 2241 1764 2301 enu-

136 2358 299 2419 merans
315 2326 410 2446 (a),
441 2361 583 2419 eorum
605 2354 768 2450 portem
794 2332 965 2425 tertiam
982 2331 1229 2453 Miffarum,
1259 2343 1610 2452 Hymnorumque,
1637 2355 1763 2536 algae

136 2456 375 2542 Sermonum
400 2446 480 2567 effe
502 2456 595 2538 ait.
624 2458 764 2541 Nemo
795 2480 963 2567 tamen,
995 2480 1041 2542 ut
1068 2457 1173 2543 mihi
1203 2454 1368 2569 quidem
1397 2454 1579 2561 videtur,
1608 2462 1675 2544 Au
1718 2484 1764 2540 or
1796 2464 1883 2571 274'

136 2571 330 2682 Miffalis,
360 2574 401 2658 s<
420 2571 614 2659 Breviorii
633 2576 907 2686 Mozarabici,
937 2575 1102 2662 meliore
1129 2577 1249 2689 jure,
1281 2603 1405 2690 quam
1435 2582 1472 2664 8.
1490 2575 1667 2694 Julianus
1694 2604 1763 2660 no·

133 2692 350 2801 minatur,
380 2688 430 2775 de
461 2718 544 2804 quo
567 2692 716 2802 Felix,
758 2698 798 2781 8<
830 2697 843 2780 i
873 2695 911 2781 se
940 2693 1158 2812 Episcopus
1185 2697 1408 2782 Toletanus
1429 2759 1443 2804 ,
1461 2683 1759 2809 'predecessoris

132 2810 193 2941 sui
223 2837 345 3015 opera
384 2811 617 2919 recensens,
648 2810 799 2927 scripsit
829 2727 920 2928 (i).
960 2822 1064 2902 Item
1101 2807 1253 2902 librum
1291 2809 1545 2928 Missurum,
1586 2812 1637 2901 cle
1671 2833 1762 2903 toto

133 2958 249 3019 terto

133 3040 195 3139 tis
231 3043 396 3135 intorta
425 3068 611 3135 vitiatos
642 3041 697 3136 (t
713 3044 995 3165 semiplenas,
1026 3046 1298 3159 emendavit,
1339 3071 1462 3165 atque
1490 3046 1761 3163 complevit,

134 3161 239 3257 item
262 3157 416 3253 librum
439 3162 671 3254 orationum
703 3164 755 3254 de
771 3163 1087 3286 festivitatibus
1113 3163 1240 3275 anni,
1272 3198 1374 3285 quor
1395 3162 1599 3254 Toletano
1621 3163 1763 3256 Eccle-

125 3279 222 3402 sto,
247 3303 326 3400 ptr
348 3305 481 3378 totum
508 3279 706 3373 circulum
736 3283 865 3396 anni,
888 3281 1096 3406 esisolito
1123 3280 1354 3397 celebrare,
1380 3280 1539 3402 purtim
1556 3280 1669 3403 stylo
1689 3281 1765 3400 sui

134 3396 300 3523 ingenii
324 3399 639 3520 depromptum,
664 3400 826 3610 partim
858 3404 1112 3514 cortesium,
1154 3402 1349 3494 inunum
1378 3398 1606 3523 congeffit,
1639 3426 1764 3522 atque

133 3514 323 3635 Ecclesiae
350 3518 430 3610 Dei
458 3515 612 3634 usibus,
640 3555 663 3610 o
715 3555 890 3614 amorem
919 3522 1094 3644 reliquit
1121 3523 1276 3612 Sansiae
1304 3520 1571 3641 Religionis.
1602 3528 1764 3642 Quibus

135 3666 306 3761 apparet
337 3641 587 3760 &julianum
619 3644 738 3729 libros
771 3645 975 3760 liturgicus
1010 3646 1193 3735 Ecclestae
1224 3643 1300 3728 suar
1331 3643 1546 3759 diligenter
1573 3673 1762 3763 recogno·

135 3762 265 3872 vilse,
295 3786 421 3874 atque
450 3762 705 3851 emendasse.
736 3770 832 3852 Duo
862 3766 971 3851 enim
1003 3794 1124 3880 opera
1157 3788 1454 3850 commemorat
1484 3764 1633 3874 Felix,
1663 3794 1762 3878 quo·
1794 3797 1876 3889 275

134 3909 230 3968 rum
259 3883 440 3996 primurn
466 3905 553 3968 erat
573 3871 700 3970 Liber
719 3880 972 3999 Mifforum,
1004 3886 1084 3969 sive
1104 3885 1283 3994 Missale,
1310 3883 1418 3996 quod
1445 3883 1485 3968 in
1506 3909 1638 3998 partes
1667 3913 1764 3998 qua·

135 4024 232 4088 tuor
261 4000 429 4110 divim,
470 4004 543 4111 dc,
583 4001 626 4085 in
662 4002 898 4114 quibusdam
938 4003 1098 4114 Missis,
1129 4004 1447 4091 Amanuensrum
1482 4004 1664 4115 incuria,
1706 4006 1765 4091 vi·

135 4123 325 4232 tiotum,
356 4119 624 4229 emendavit,
653 4124 693 4207 8<
725 4123 766 4207 in
794 4125 880 4210 aliis
907 4122 1068 4228 Miffis,
1100 4149 1187 4233 quae
1219 4124 1444 4237 semiplenae
1472 4146 1619 4234 erant,
1652 4154 1763 4213 com·
1829 4174 1837 4193 ·

133 4240 299 4359 plevit,
328 4266 393 4325 eas
418 4239 614 4324 orationes
640 4238 855 4352 addendo,
887 4271 974 4355 quae
1000 4238 1261 4328 defecerant.
1295 4248 1479 4358 Integras
1509 4268 1645 4330 tamen
1666 4244 1765 4330 Mis·

132 4360 189 4446 sas
218 4386 348 4445 novas
372 4359 580 4476 Julianum·
609 4357 789 4471 adjecisse
815 4362 930 4448 Felix
962 4362 1132 4446 minime
1166 4360 1366 4447 tradidit.
1398 4363 1519 4450 Aliud
1551 4393 1646 4448 vero
1679 4363 1765 4474 ejus

133 4508 257 4597 opus,
283 4470 411 4567 Liber
440 4501 527 4562 erat
556 4475 811 4599 orationum,
842 4477 894 4567 de
912 4473 1230 4596 festivitatibus
1256 4476 1389 4589 anni,
1421 4481 1502 4566 srve
1523 4479 1761 4571 Saniiorale

130 4597 334 4691 Breviarii
358 4597 585 4709 Toletani,
624 4626 748 4712 quem
780 4600 928 4685 librum
960 4627 1040 4684 non
1072 4598 1195 4684 modo
1225 4599 1490 4709 emendavit,
1532 4599 1596 4684 sed
1628 4603 1757 4686 etiam

100 4716 287 4826 auxit,
313 4713 476 4828 adjtslis
502 4716 748 4802 orationibus
780 4717 1047 4833 quorumdam
1074 4717 1345 4828 Sansiorum,
1377 4747 1464 4830 quae
1493 4717 1657 4804 deerant
1677 4712 1761 4832 (c).
1796 4737 1884 4846 276

128 4824 292 4927 Milsale
321 4836 398 4922 hoc
424 4832 559 4925 Sandii
583 4837 729 4956 Juliani
756 4837 865 4924 idem
889 4838 1025 4947 fuisse,
1050 4863 1174 4951 atque
1203 4837 1324 4944 illud,
1353 4837 1459 4949 quod
1485 4832 1652 4952 Miffole
1672 4847 1761 4953 Mo·

128 4946 331 5073 zaraiam
355 4954 488 5071 postea
514 4952 666 5071 clidium
683 4954 762 5068 est,
787 4958 948 5045 asserere
974 4985 1055 5043 non
1083 4956 1239 5043 audeo.
1271 4959 1382 5044 Nam
1402 4957 1556 5042 Missale
1575 4964 1762 5049 Mozara·

127 5076 230 5165 bum
258 5073 316 5161 est
332 5072 504 5191 persedie
534 5078 739 5185 mixtum,
769 5077 850 5163 sive
868 5078 1113 5195 plenarium,
1145 5077 1297 5190 qualis,
1329 5100 1524 5191 utputo,
1554 5106 1635 5163 non
1662 5080 1760 5204 suit,

126 5196 233 5289 liber
256 5197 469 5289 Miserum
499 5197 691 5316 S.Juliani
710 5191 794 5312 (ὣς
826 5203 867 5286 dc
891 5220 1082 5317 preterea
1093 5197 1239 5406 llgtlilsas
1263 5196 1386 5286 habet
1412 5172 1642 5309 nonnullas‘,
1670 5213 1768 5316 post

1157 5347 1180 5406 a
1659 5335 1767 5421 exci-

117 5545 120 5549 ,
170 5468 237 5565 (α)
265 5468 426 5534 Adfinem
440 5465 550 5553 operis
565 5473 596 5532 8.
610 5462 921 5531 Hildefonlidevi-
1024 5467 1081 5553 (el)
1105 5460 1388 5545 Miffaliamixta,
1413 5462 1479 5527 sive
1493 5456 1665 5546 plenaria,
1690 5468 1768 5520 ante

124 5562 179 5633 tie
193 5556 400 5635 hiantibus,
415 5557 502 5622 inter
515 5575 612 5645 opera
624 5558 654 5621 S.
669 5554 803 5632 Isidori,
820 5554 920 5620 editi.
981 5552 1134 5622 foculum
1150 5556 1323 5627 otiavum,
1347 5553 1381 5615 in
1395 5548 1452 5616 usu
1469 5550 1559 5612 su‘iile
1570 5549 1694 5635 'pr-ubet
1708 5550 1767 5610 Sa-

178 5648 361 5741 (b)1bio.
982 5642 1236 5710 eramentarium
1250 5638 1436 5714 Bobiense‚
1459 5639 1551 5723 quod
1574 5641 1643 5716 ejus
1667 5642 1767 5723 gene·

170 5740 234 5833 (c)
256 5742 309 5807 De
333 5742 396 5806 hoc
420 5734 601 5805 Volumine
624 5732 648 5812 ‚'
670 5755 710 5800 an
732 5735 838 5800 adhuc
866 5730 923 5800 su·
982 5732 1030 5798 ris
1057 5733 1125 5797 est.
1153 5730 1331 5812 Ejusmodi
1360 5730 1501 5794 Milialia
1530 5725 1765 5792 Sacerdotibus
1874 5810 1876 5815 Ι

129 5836 238 5921 perit
261 5831 294 5896 in
318 5827 529 5895 Bibliotheca
553 5825 702 5891 Ecclesia
722 5825 915 5897 Toletano,
977 5820 1163 5908 privatim,
1190 5823 1254 5886 fine
1270 5819 1495 5885 Ministrorum
1513 5814 1694 5891 concursu,
1716 5808 1768 5877 sa-

131 5917 455 5991 eonsuleuicotaum
469 5915 652 5981 Antonium
666 5910 913 6003 Bib.vet.Hisp.
977 5929 1031 5976 era
1052 5912 1253 5976 facientibus
1269 5953 1279 5983 ,
1302 5929 1368 5973 non
1386 5910 1489 5971 modo
1502 5907 1678 5971 commoda
1691 5949 1701 5979 ,
1712 5918 1768 5968 at·

131 6010 198 6109 igr.
220 6026 584 6113 e.7.o.415.pag.3092
976 6020 1041 6089 que
1070 5998 1193 6098 utilia,
1223 5997 1282 6070 sed
1309 5999 1409 6066 ferme
1434 5986 1609 6092 necessaiia
1638 6007 1731 6063 erant
1760 6031 1773 6054 .

1603 6113 1605 6117 ,
1675 6087 1775 6173 Q„

268 2923 434 3058 oanni,
460 2924 506 3015 in
532 2948 711 3047 quatuor
731 2952 877 3044 partes
902 2926 1115 3049 divisum,
1143 2923 1358 3048 inquibus
1384 2926 1548 3048 aliquos
1574 2924 1758 3048 vetusta·
1897 2955 1899 2958 ’
2011 2920 2048 3057 J.
