4450 7209
375 637 458 729 '184
766 603 1069 702 satannio
1104 603 1374 690 SllNC'sO
1409 595 1688 720 RASCHE.
1807 699 1813 706 .
1940 710 1943 716 ‚

372 724 570 808 deficfe'n'fi
594 722 690 819 Qia
720 718 912 815 'replebitur
940 734 1031 789 terra
1060 731 1102 788 ut
1131 732 1191 784 co·
1241 730 1408 806 magnum
1430 728 1466 777 ut
1491 708 1611 782 maria
1640 699 1782 780 &fida
1806 702 1854 819 ell
1872 703 2053 820 tempesias
2082 727 2122 803 55
2189 775 2190 788 p

376 831 552 930 gnoscant
590 821 743 921 gloriam
780 811 923 886 Domini
947 837 958 879 a
981 813 1073 906 quati
1103 831 1191 904 aque
1240 807 1410 904 magnain
1427 807 1512 878 mari
1545 833 1556 876 a
1588 811 1625 882 δι
1651 805 1746 881 navis
1762 801 2054 896 periclitabatur.
2189 873 2190 896 χ

349 975 354 983 .
373 920 572 1022 operientia
586 941 704 992 mare·
729 911 825 1000 Quid
853 907 990 1002 prodes
1005 905 1164 1004 sculptile
1179 934 1189 977 a
1244 903 1441 980 conterriti
1455 901 1532 975 sunt
1545 923 1649 978 naute
1666 928 1676 972 =
1691 906 1727 977 ἃ
1748 901 1984 980 clamaverunt
1999 903 2056 975 vi-

370 1015 606 1116 quiasculpfir
633 1009 722 1083 illud
747 1005 879 1079 frador
898 1003 1009 1078 suune
1037 1009 1073 1080 bt
1102 1031 1190 1080 con·
1242 1003 1270 1076 ri
1284 1005 1326 1076 ad
1343 1002 1531 1077 Dominum
1554 1003 1649 1076 suurn
1673 1025 1684 1070 a
1708 1003 1745 1074 bt
1776 1001 1938 1075 miserunt
1970 1000 2052 1075 vasa

322 1149 345 1221 5
373 1119 479 1193 flavit
497 1111 580 1182 illud
606 1107 795 1201 imaginem
819 1099 970 1177 salsam?
995 1103 1085 1195 Quia
1111 1104 1190 1200 spe·
1238 1101 1571 1198 queerautinnavi
1598 1103 1633 1174 in
1660 1125 1752 1176 mare
1787 1099 2053 1174 tutalleviare·

372 1212 472 1290 ravit
486 1209 520 1279 in
536 1207 715 1300 figmento
743 1203 933 1284 fistoreiut
959 1228 970 1271 a
999 1223 1040 1276 ut
1055 1204 1188 1278 iaceret
1240 1219 1298 1273 tur
1324 1199 1369 1276 ab
1388 1201 1467 1272 eis·
1499 1201 1544 1272 Et
1565 1209 1670 1282 Jonas
1700 1199 1879 1272 descendit
1901 1200 1943 1274 ad
1960 1199 2052 1271 inte·
2081 1201 2122 1272 60

371 1305 684 1384 fimulacramuta.
709 1300 762 1371 Ve
779 1297 838 1392 qui
854 1296 1190 1396 dicitlignoexper·
1239 1299 1332 1376 ciora
1357 1297 1451 1373 navia
1481 1319 1491 1362 τ
1518 1300 1554 1371 &
1582 1297 1786 1374 dormiebat
1809 1297 1938 1393 sopore
1966 1322 2049 1394 gra·

248 1410 253 1419 '
374 1403 511 1500 giscere
535 1423 545 1465 a
567 1393 671 1493 surge
700 1393 807 1492 lapidi
830 1398 984 1482 iacenti.
1008 1400 1186 1493 Numquid
1238 1398 1302 1469 vi.
1332 1398 1376 1470 Et
1393 1397 1528 1471 acceffit
1556 1399 1598 1470 ad
1624 1421 1703 1472 eum
1735 1397 1951 1494 gubernator
1979 1395 2050 1468 r&

375 1495 453 1593 ipse
478 1497 609 1570 docere
634 1495 808 1588 poterit?
831 1495 919 1569 Ecce
942 1495 1003 1568 iste
1034 1522 1186 1594 cooper-
1235 1493 1328 1568 dixit
1349 1494 1408 1565 ei.
1434 1495 1529 1573 Quid
1556 1513 1592 1571 tu
1603 1494 1730 1594 sopore
1743 1495 2050 1570 dormierislsur·

304 1630 350 1688 10
376 1613 435 1670 tua
463 1594 513 1667 est
540 1613 624 1664 auro
653 1595 690 1662 δι
717 1611 869 1688 argento
893 1621 905 1664 a
930 1595 966 1666 dc
994 1599 1104 1669 omnis
1119 1597 1185 1692 spi·
1234 1617 1277 1690 ge
1306 1593 1429 1668 invoca
1455 1591 1566 1666 Deum
1582 1614 1678 1668 tuum
1707 1594 1767 1668 zu
1795 1595 1890 1669 sorte
1913 1594 2050 1692 cogitet
2189 1603 2190 1610 ’

375 1690 472 1768 ritua
502 1713 575 1762 non
600 1688 648 1758 est
672 1689 709 1758 in
739 1689 1037 1776 visceribunejun.
1063 1695 1190 1769 Domi.
1238 1691 1334 1764 Deus
1363 1693 1407 1764 de
1437 1691 1534 1764 nobis
1564 1714 1574 1755 a
1603 1693 1639 1764 ἃ
1669 1717 1739 1765 non
1769 1713 1975 1786 pereamus.
2004 1691 2048 1764 Et
2074 1695 2121 1785 65
2189 1731 2190 1784 3

370 1814 444 1864 ‘uua
469 1806 584 1862 autem
600 1784 634 1854 in
652 1787 788 1882 templo
803 1783 920 1862 saneto
937 1788 999 1861 suo
1023 1820 1033 1862 e
1058 1790 1189 1870 sileata
1238 1789 1330 1864 dixit
1356 1791 1414 1873 vir
1440 1793 1484 1863 ad
1512 1786 1684 1886 collegam
1711 1790 1828 1863 suum.
1856 1790 1984 1864 Venite
2010 1791 2049 1862 lit
2189 1785 2190 1868 i

380 1885 474 1964 facie
501 1887 577 1970 eiua
607 1883 720 1957 omnia
750 1902 876 1960 terra.
911 1885 1009 1962 Tunc
1034 1893 1189 1965 cantavit
1239 1889 1411 1964 mittamus
1425 1888 1535 1962 sortea
1560 1912 1572 1956 a
1600 1888 1836 1963 desolamur:
1863 1911 2051 1983 quaterna·
2189 1957 2190 1994 ¹

378 1984 524 2060 Abacuc
547 1980 724 2078 propheta
742 1983 914 2060 canticum
936 1985 1008 2058 hoc
1033 1991 1189 2066 Deoa&
1239 1985 1308 2080 lum
1330 1987 1398 2061 hoc
1422 1988 1464 2062 fit
1493 1983 1625 2059 nobis.
1651 1987 1695 2061 Et
1722 1985 1889 2061 miserunt
1921 1987 2049 2060 sorteaa
2189 1999 2190 2008 ¹

309 2082 497 2186 15dixtt.
1093 2088 1096 2093 ’
1238 2085 1414 2160 &cecidit
1432 2084 1507 2159 sors
1522 2081 1783 2180 superdonam.
1808 2086 1852 2161 Et
1877 2085 2045 2160 dixerunt

297 2234 303 2249 .
435 2180 617 2271 canticum.
627 2177 780 2255 Domine
793 2177 913 2258 audivi
927 2181 1190 2263 auditumtuum
1239 2183 1407 2258 adeum.
1435 2181 1670 2277 Indicanoblc
1687 2188 1784 2269 cujus
1808 2182 2046 2260 causamalum
2074 2208 2118 2284 70

381 2275 540 2354 &timui
567 2304 577 2346 ε
600 2279 814 2356 consideravi
841 2305 947 2376 opera
979 2300 1038 2357 tua
1061 2284 1096 2354 ἃ
1128 2307 1192 2358 ex·
1238 2281 1322 2355 illud
1346 2283 1389 2358 sit
1403 2279 1532 2352 nobis?
1561 2285 1667 2374 Qod
1683 2283 1730 2354 est
1744 2305 1831 2376 opus
1850 2301 2050 2379 tuumtque

383 2379 495 2472 pavi·
525 2369 573 2469 pi·
586 2375 627 2453 lu
641 2377 759 2452 medio
770 2379 918 2453 duorum
927 2375 1121 2456 animalium
1130 2406 1191 2459 co·
1240 2397 1333 2454 terra
1348 2400 1407 2457 tua
1428 2409 1438 2450 t
1467 2377 1613 2474 quinvel
1629 2403 1674 2451 ex
1690 2402 1763 2474 quo
1786 2380 1917 2475 populo
1931 2404 1968 2454 ea
1980 2385 2050 2456 tu?

384 2473 564 2571 gnoscerin
593 2501 604 2544 a
638 2475 720 2549 dum
745 2503 764 2551 a
789 2477 1101 2573 propinquaverint
1128 2505 1190 2554 an·
1239 2477 1283 2552 Et
1335 2477 1400 2552 'xit
1426 2478 1469 2552 ad
1484 2500 1574 2554 eoa.
1600 2476 1759 2553 Hebreua
1786 2501 1860 2576 ego
1888 2482 1986 2556 suma
2009 2483 2047 2554 ὅτ
2189 2533 2190 2548 i

306 2597 358 2656 20
386 2580 422 2648 ni
449 2601 461 2644 a
485 2571 734 2646 innotesceris.
752 2503 911 2670 yi-Deua
933 2603 953 2651 a
978 2575 1111 2651 libano
1126 2603 1189 2661 re·
1237 2482 1430 2652 Dotbinum
1442 2576 1558 2651 Deum
1571 2573 1637 2650 celi
1652 2601 1724 2674 ego
1742 2577 1879 2653 timeor
1908 2579 1965 2674 qui
1993 2580 2046 2652 fe·
2189 2591 2190 2668 ζ

382 2673 460 2748 niet
487 2697 498 2740 a
525 2666 874 2749 &sanousanonte
898 2698 1013 2769 opaco
1037 2678 1074 2748 St
1102 2699 1190 2753 con·
1239 2677 1400 2750 citmare
1416 2673 1618 2751 orandam.
1649 2675 1691 2747 lit
1705 2676 1897 2752 timuerunt
1911 2677 1980 2754 viri
1998 2677 2046 2752 ti·
2072 2697 2115 2775 75
2189 2693 2190 2776 i

384 2769 514 2844 denso·
538 2763 589 2858 ri·
601 2768 757 2865 Operuit
772 2767 868 2848 celos
883 2771 995 2845 virtue
1010 2776 1084 2858 eius
1108 2799 1120 2841 r
1151 2777 1188 2850 δι
1241 2797 1340 2851 more
1353 2799 1480 2871 magno
1500 2800 1510 2842 ε
1527 2778 1563 2848 &
1580 2775 1743 2850 dixerunt
1758 2781 1801 2850 ad
1810 2801 1890 2850 eum
1907 2825 1918 2848 .
1951 2777 2046 2859 Quid
2189 2777 2190 2842 i

384 2866 494 2946 laudis
508 2869 584 2952 eius
593 2863 694 2962 plena
706 2869 754 2942 eil
768 2889 885 2943 terra.
1241 2875 1311 2948 ltoc
1324 2873 1428 2948 fecisti
1445 2877 1461 2942 l
1486 2872 1748 2970 Cognoverunt
1760 2898 1853 2972 ergo
1868 2874 1935 2950 viri
1951 2877 2046 2970 quod
2189 2859 2190 2908 ³

434 2968 539 3040 Dicat
553 2965 765 3037 Diacbonur.
791 2977 864 3041 Pro
876 2971 1034 3064 egrotis.
1058 2966 1192 3046 Flem-
1241 2973 1373 3045 afacie
1397 2969 1544 3045 Domini
1582 2973 1746 3068 fugerat:
1771 2973 1849 3066 quia
1870 2974 2047 3050 indicave-

308 3091 355 3172 ²5
388 3089 461 3148 mus
492 3085 630 3165 genua.
655 3063 814 3140 levate.
1240 3088 1296 3144 rat
1324 3068 1402 3142 eis.
1427 3071 1472 3144 Et
1505 3070 1668 3145 dixerunt
1693 3071 1735 3144 ad
1761 3093 1864 3145 eum.
1888 3073 1983 3163 Qid
2000 3073 2048 3146 sa-
2189 3131 2190 3140 ,

391 3161 408 3170 ”
1243 3166 1372 3242 ciemus
1407 3167 1494 3241 tibia
1520 3173 1556 3243 St
1585 3166 1721 3244 cessabit
1747 3191 1842 3242 mare
1868 3197 1888 3244 a
1916 3171 2048 3249 nobis?
2075 3165 2117 3238 So

515 3266 530 3350 l
718 3267 859 3340 oratio.
1245 3265 1336 3356 Quia
1348 3289 1440 3342 mare
1452 3266 1523 3340 ibat
1549 3271 1585 3339 dt
1607 3266 1883 3344 intumescebat.
1901 3271 1945 3343 Et
1959 3269 2049 3342 dixit

1246 3366 1288 3438 ad
1302 3389 1391 3441 eos.
1420 3362 1552 3439 Tollite
1570 3389 1649 3439 mea
1674 3367 1710 3438 br
1731 3367 1863 3440 mittite
1887 3365 1922 3438 in
1940 3365 2048 3440 marie

520 3453 651 3532 lsetere
664 3458 820 3533 Domine
833 3458 888 3534 bis
914 3487 925 3532 a
949 3483 1038 3556 quoa
1065 3465 1197 3560 corpol
1246 3468 1283 3538 δι
1302 3462 1439 3537 cessabit
1457 3487 1552 3537 mare
1572 3489 1591 3536 a
1613 3465 1745 3544 vobia.
1770 3465 1850 3538 Scio
1874 3466 1966 3541 enim
1979 3487 2049 3562 ego

310 3585 359 3660 30
528 3554 608 3629 ralia
619 3557 823 3655 egritudinis
845 3559 1005 3635 valitudo
1018 3557 1198 3638 involvit.
1246 3562 1409 3655 quoniam
1422 3580 1570 3656 propter
1589 3584 1642 3635 tue
1662 3564 1841 3658 tempesias
1868 3565 1934 3637 hec
1947 3589 2052 3664 gran·

391 3659 481 3730 Sana
503 3658 643 3730 cunelos
659 3659 693 3727 in
707 3657 803 3730 nobis
818 3658 943 3732 mentis
973 3661 1196 3755 corporisque
1248 3661 1299 3732 dia
1325 3659 1424 3754 super
1438 3685 1503 3734 voa
1529 3661 1603 3732 ett.
1629 3661 1671 3732 Et
1689 3662 1904 3758 remigabant
1930 3665 1995 3736 viri
2011 3679 2048 3735 ut
2074 3658 2113 3746 85

390 3751 578 3853 languores
603 3781 614 3823 a
644 3771 747 3849 atque
784 3757 943 3831 omnibus
977 3756 1195 3858 indulgente
1246 3775 1511 3833 reverterentur·
1531 3759 1572 3831 ad
1598 3757 1750 3832 aridama
1773 3767 1808 3832 bt
1838 3783 1908 3834 non
1934 3759 2050 3834 value-

380 3851 532 3929 «solitam
546 3850 724 3946 impertire
737 3853 930 3930 medelam.
957 3855 1002 3928 Ut
1027 3856 1091 3928 tibi
1111 3879 1197 3932 cun·
1245 3875 1324 3930 runt
1362 3884 1372 3925 a
1412 3856 1490 3951 quia
1514 3879 1605 3930 marc
1636 3857 1707 3930 ibat
1737 3863 1772 3929 δι
1802 3858 2049 3935 intumescebat
2187 3867 2188 3884 ¹

392 3948 439 4024 di
464 3949 497 4023 in
526 3947 633 4022 salute
662 3949 881 4027 ministerium
910 3948 1072 4046 expleant
1084 3953 1194 4026 fideii
1245 3957 1345 4048 super
1367 3977 1457 4028 eos.
1483 3955 1525 4026 Et
1552 3952 1785 4030 clamaverunt
1812 3957 1880 4029 viri
1911 3961 1953 4029 ad
1971 3959 2047 4030 Do·

311 4075 356 4155 35
393 4045 524 4140 tibique
540 4049 690 4121 reserant
704 4044 820 4122 laudea
844 4077 854 4119 a
882 4052 939 4144 qui
955 4045 1046 4123 solus
1062 4053 1098 4123 δι
1111 4075 1195 4148 pec·
1244 4055 1396 4125 minuma
1425 4055 1462 4126 δι
1489 4051 1681 4126 dixerunt.
1708 4053 1897 4144 Quesumus
1925 4055 2045 4127 Domi·

392 4161 468 4216 cata
492 4145 603 4216 cordis
617 4145 779 4219 emundas
800 4171 812 4214 a
836 4147 872 4220 δι
902 4147 1103 4241 languorem
1116 4173 1193 4224 cot·
1244 4171 1316 4220 nee
1343 4173 1386 4220 ne
1415 4173 1593 4244 pereamus
1616 4151 1817 4226 inanimam
1843 4153 1909 4227 viri
1935 4155 2045 4225 istius:
2071 4167 2119 4234 90

395 4261 520 4336 porum
535 4239 654 4316 sanas.
686 4245 889 4333 Manen·
917 4243 1193 4320 Permisericor·
1243 4250 1280 4320 &
1308 4269 1353 4320 ne
1378 4249 1439 4318 des
1456 4249 1556 4345 super
1578 4273 1643 4324 nos
1672 4249 1868 4347 sanguinent
1885 4252 2049 4324 innocen·

393 4337 588 4416 diamtuam
602 4339 696 4414 Deus
712 4341 825 4412 noller
848 4337 906 4433 qui
920 4338 1059 4416 vivia&
1075 4342 1193 4420 omnia
1244 4363 1342 4418 teme
1367 4343 1447 4438 quia
1477 4366 1514 4419 tu
1539 4349 1689 4420 Domine
1716 4351 1801 4421 sicut
1831 4347 1968 4424 voluisti
1997 4351 2050 4422 s·

392 4436 488 4538 regit
505 4437 540 4512 in
557 4433 670 4512 secula
684 4433 902 4513 secutorum.
1158 4461 1162 4470 ·
1241 4443 1332 4516 cisti.
1365 4443 1407 4516 Et
1423 4440 1732 4528 mseruntlonama
1758 4448 1794 4518 δι
1821 4447 1984 4520 miserunt
2014 4449 2048 4520 in

309 4567 362 4648 40
445 4543 641 4632 llaAnteu·
1240 4539 1403 4616 maria&
1424 4543 1517 4615 sletit
1541 4567 1674 4618 marea
1704 4543 1846 4618 fervore
1876 4545 2048 4618 suo&ti·
2189 4593 2190 4634 r

952 4733 958 4741 .
1239 4657 1400 4713 muerunt
1431 4638 1497 4711 viri
1522 4639 1645 4718 timore
1674 4667 1831 4738 magno:
1862 4645 1897 4715 δι
1925 4645 2047 4717 immo-
2072 4659 2110 4730 95

443 4733 554 4809 lessio
566 4727 652 4805 libri
664 4733 751 4824 §one
766 4733 960 4832 prophete.
1239 4731 1403 4812 laverunt
1440 4735 1564 4812 bollias
1594 4737 1779 4814 Domino:
1805 4745 1841 4812 bt
1871 4759 2048 4816 voverunt

395 4843 446 4925 gt.
459 4833 538 4906 Deo
553 4831 698 4929 gratias.
1001 4830 1152 4932 capitulo
1163 4839 1191 4906 1.
1239 4855 1338 4913 vota.
1348 4835 1391 4906 Et
1407 4837 1605 4928 preparavit
1619 4837 1788 4913 Dominus
1802 4837 1926 4936 piscem
1937 4863 2044 4936 gran·
2189 4825 2190 4886 Ὗ

1240 4934 1346 5006 deme
1372 4951 1410 5005 ut
1438 4931 1627 5028 deglutiret
1649 4935 1797 5019 Jonam.
1829 4939 1872 5009 Et
1896 4957 1971 5011 erat
1986 4935 2048 5020 Jo-

309 5051 358 5131 45
480 5025 820 5101 Adumeuverbun
837 5025 979 5102 Domini
1004 5028 1047 5102 ad
1069 5028 1191 5115 Jonam
1240 5056 1298 5107 naa
1313 5031 1345 5102 in
1362 5049 1488 5103 ventre
1513 5033 1611 5126 piscis
1630 5035 1740 5107 tribus
1756 5036 1900 5108 diebusa
1928 5035 2048 5109 &tri-
2189 5103 2190 5116 ,

487 5121 598 5200 filium
611 5124 751 5199 Amatbi
776 5125 915 5196 dicem.
943 5127 1056 5222 Surge
1076 5135 1192 5207 evade
1241 5129 1302 5204 bus
1328 5125 1487 5202 noctibus
1514 5176 1525 5199 .
1563 5133 1606 5204 Et
1633 5137 1749 5207 oravit
1770 5140 1874 5212 lonas
1903 5135 1944 5206 ad
1969 5136 2047 5208 Do·
2077 5143 2133 5198 100-

391 5241 515 5297 contra
529 5219 904 5299 Ninnivemcivitatem
921 5227 1084 5316 grandem
1118 5231 1191 5302 a&
1240 5229 1365 5300 minum
1381 5227 1493 5301 Deum
1514 5229 1608 5302 suunt
1635 5233 1677 5302 de
1705 5251 1833 5304 uentre
1859 5231 1986 5325 piscis:
2010 5231 2046 5302 dc
2189 5223 2190 5318 ζ

391 5323 532 5420 predica
548 5319 634 5393 inea
661 5350 672 5392 a
699 5319 781 5412 quia
809 5317 960 5390 ascendit
971 5319 1102 5398 malicia
1115 5330 1189 5409 eiua
1239 5324 1394 5402 evomuit
1424 5324 1458 5394 in
1484 5325 1639 5402 aridam·
1668 5329 1710 5400 Et
1737 5328 1862 5402 factum
1891 5332 1940 5402 est
1967 5355 2045 5404 ver·
2189 5331 2190 5368 l

391 5440 507 5494 coram
520 5443 594 5492 me·
611 5419 654 5491 Et
670 5415 924 5492 surrexitlonaa
937 5434 977 5487 ut
992 5416 1132 5514 sugeret
1153 5425 1186 5496 in
1239 5425 1318 5496 bum
1341 5421 1486 5494 Domini
1514 5426 1557 5498 ad
1577 5432 1696 5502 lonam
1727 5427 1878 5502 secundo
1901 5428 2044 5500 dicens.

316 5545 363 5617 50
394 5513 841 5592 TharfisasacieDomini.
864 5513 1189 5616 Endescenditlop·
1234 5524 1347 5618 Surge
1379 5523 1414 5591 dt
1441 5524 1530 5595 vade
1568 5527 1612 5598 ad
1637 5526 1826 5598 Ninnivem
1865 5525 2042 5600 civitatem
2189 5579 2190 5612 2

392 5637 472 5711 pem
501 5643 509 5682 ε
535 5619 572 5689 &
590 5614 723 5688 inuenit
741 5636 863 5687 navem
877 5631 1019 5687 euntem
1033 5615 1068 5686 in
1082 5613 1192 5690 snar-
1239 5641 1396 5714 magnant
1413 5645 1423 5686 ε
1439 5619 1626 5714 &predica
1643 5621 1730 5696 inea
1746 5624 2014 5719 predicationem
2030 5653 2038 5692 ι
2069 5633 2123 5708 105

390 5711 433 5782 fis
460 5739 468 5779 ε
493 5711 640 5785 &dedit
667 5711 802 5786 naulum
826 5716 923 5797 ejus.
947 5712 990 5783 Et
1016 5711 1191 5792 descendit
1239 5739 1337 5808 quam
1360 5739 1432 5812 ego
1453 5713 1578 5812 loquor
1602 5724 1645 5793 ad
1668 5739 1732 5794 re.
1759 5723 1801 5794 Et
1826 5723 1972 5796 surrexit
1985 5727 2041 5800 lo·
2189 5727 2190 5780 l

392 5810 560 5885 ineant
588 5810 656 5882 iret
684 5835 761 5886 eum
788 5807 838 5878 eia
862 5810 898 5882 in
923 5809 1189 5887 'sharfisasaeie
1240 5835 1326 5884 nae:
1353 5815 1389 5888 δι
1419 5815 1500 5889 abiit
1515 5819 1549 5890 in
1579 5817 1765 5894 Ninnivem
1780 5825 1877 5907 iuxta
1904 5821 2040 5895 verbum
2189 5845 2190 5894 t

394 5902 564 5984 Domini.
589 5906 760 5986 Dominus
787 5924 901 5984 autem
930 5907 1021 5986 misit
1044 5927 1190 5988 ventum
1239 5911 1406 6014 Domini·
1425 5913 2039 6015 thinuiveeratcivitasmagnae
2189 5961 2190 5972 t

1946 6037 2042 6092 tune·
