<?xml version="1.0" encoding="UTF-8"?>
<!DOCTYPE html PUBLIC "-//W3C//DTD XHTML 1.0 Transitional//EN"
    "http://www.w3.org/TR/xhtml1/DTD/xhtml1-transitional.dtd">
<html xmlns="http://www.w3.org/1999/xhtml" xml:lang="en" lang="en">
 <head>
  <title>
</title>
<meta http-equiv="Content-Type" content="text/html;charset=utf-8" />
  <meta name='ocr-system' content='tesseract 3.04.00' />
  <meta name='ocr-capabilities' content='ocr_page ocr_carea ocr_par ocr_line ocrx_word'/>
</head>
<body>
  <div class='ocr_page' id='page_1' title='image "./missalemixtumse00leslgoog_0215.png"; bbox 0 0 4450 7209; ppageno 0'>
   <div class='ocr_carea' id='block_1_1' title="bbox 420 694 1798 800">
    <p class='ocr_par' dir='ltr' id='par_1_1' title="bbox 420 694 1798 800">
     <span class='ocr_line' id='line_1_1' title="bbox 420 694 1798 800; baseline 0.004 -25"><span class='ocrx_word' id='word_1_1' title='bbox 420 698 732 777; x_wconf 79' lang='lat' dir='ltr'>nouimus</span> <span class='ocrx_word' id='word_1_2' title='bbox 765 694 957 781; x_wconf 80' lang='lat' dir='ltr'>astus·</span> <span class='ocrx_word' id='word_1_3' title='bbox 985 700 1050 779; x_wconf 84' lang='lat' dir='ltr'>ns</span> <span class='ocrx_word' id='word_1_4' title='bbox 1074 698 1570 800; x_wconf 73' lang='lat' dir='ltr'>annsnosstun.</span> <span class='ocrx_word' id='word_1_5' title='bbox 1747 720 1798 797; x_wconf 78' lang='lat'>93</span> 
     </span>
    </p>
   </div>
   <div class='ocr_carea' id='block_1_2' title="bbox 41 802 1988 6009">
    <p class='ocr_par' dir='ltr' id='par_1_2' title="bbox 89 802 1988 1295">
     <span class='ocr_line' id='line_1_2' title="bbox 298 802 1881 901; baseline 0.006 -29"><span class='ocrx_word' id='word_1_6' title='bbox 298 802 552 873; x_wconf 43' lang='lat' dir='ltr'>caussationem</span> <span class='ocrx_word' id='word_1_7' title='bbox 566 804 795 875; x_wconf 78' lang='lat' dir='ltr'>nominicam.</span> <span class='ocrx_word' id='word_1_8' title='bbox 1331 810 1474 881; x_wconf 81' lang='lat' dir='ltr'>oratio.</span> <span class='ocrx_word' id='word_1_9' title='bbox 1835 810 1881 901; x_wconf 80' lang='lat'>55</span> 
     </span>
     <span class='ocr_line' id='line_1_3' title="bbox 237 894 1798 1001; baseline 0.006 -34"><span class='ocrx_word' id='word_1_10' title='bbox 237 896 310 971; x_wconf 90' lang='lat' dir='ltr'>Cce</span> <span class='ocrx_word' id='word_1_11' title='bbox 328 894 488 973; x_wconf 83' lang='lat' dir='ltr'>Salvator</span> <span class='ocrx_word' id='word_1_12' title='bbox 505 902 638 974; x_wconf 77' lang='lat' dir='ltr'>nosters</span> <span class='ocrx_word' id='word_1_13' title='bbox 653 902 688 973; x_wconf 74' lang='grc' dir='ltr'>δι</span> <span class='ocrx_word' id='word_1_14' title='bbox 704 898 874 974; x_wconf 77' lang='lat' dir='ltr'>Dominer</span> <span class='ocrx_word' id='word_1_15' title='bbox 889 904 962 998; x_wconf 84' lang='lat' dir='ltr'>qui</span> <span class='ocrx_word' id='word_1_16' title='bbox 1101 904 1226 980; x_wconf 89' lang='lat' dir='ltr'>Udiant</span> <span class='ocrx_word' id='word_1_17' title='bbox 1248 904 1344 983; x_wconf 86' lang='lat' dir='ltr'>simul</span> <span class='ocrx_word' id='word_1_18' title='bbox 1357 924 1394 977; x_wconf 85' lang='lat' dir='ltr'>te</span> <span class='ocrx_word' id='word_1_19' title='bbox 1409 906 1559 981; x_wconf 84' lang='lat' dir='ltr'>Domine</span> <span class='ocrx_word' id='word_1_20' title='bbox 1576 924 1694 977; x_wconf 88' lang='lat' dir='ltr'>omnes</span> <span class='ocrx_word' id='word_1_21' title='bbox 1708 929 1798 1001; x_wconf 82' lang='lat' dir='ltr'>gen·</span> 
     </span>
     <span class='ocr_line' id='line_1_4' title="bbox 243 995 1796 1099; baseline 0.006 -32"><span class='ocrx_word' id='word_1_22' title='bbox 243 1020 306 1088; x_wconf 88' lang='lat' dir='ltr'>per</span> <span class='ocrx_word' id='word_1_23' title='bbox 321 995 476 1091; x_wconf 81' lang='lat' dir='ltr'>paginam</span> <span class='ocrx_word' id='word_1_24' title='bbox 490 1001 621 1072; x_wconf 87' lang='lat' dir='ltr'>veteris</span> <span class='ocrx_word' id='word_1_25' title='bbox 637 998 828 1071; x_wconf 86' lang='lat' dir='ltr'>testamenti</span> <span class='ocrx_word' id='word_1_26' title='bbox 842 1004 948 1079; x_wconf 85' lang='lat' dir='ltr'>offer·</span> <span class='ocrx_word' id='word_1_27' title='bbox 1113 1025 1165 1078; x_wconf 90' lang='lat' dir='ltr'>tes</span> <span class='ocrx_word' id='word_1_28' title='bbox 1180 1006 1216 1077; x_wconf 80' lang='lat' dir='ltr'>dt</span> <span class='ocrx_word' id='word_1_29' title='bbox 1234 1007 1332 1079; x_wconf 83' lang='lat' dir='ltr'>dives</span> <span class='ocrx_word' id='word_1_30' title='bbox 1365 1027 1405 1077; x_wconf 87' lang='lat' dir='ltr'>ac</span> <span class='ocrx_word' id='word_1_31' title='bbox 1418 1026 1586 1099; x_wconf 82' lang='lat' dir='ltr'>pauperes</span> <span class='ocrx_word' id='word_1_32' title='bbox 1599 1027 1715 1079; x_wconf 87' lang='lat' dir='ltr'>aurem</span> <span class='ocrx_word' id='word_1_33' title='bbox 1730 1004 1796 1077; x_wconf 88' lang='lat' dir='ltr'>tibi</span> 
     </span>
     <span class='ocr_line' id='line_1_5' title="bbox 147 1094 1797 1193; baseline 0.004 -28"><span class='ocrx_word' id='word_1_34' title='bbox 147 1094 177 1165; x_wconf 90' lang='lat' dir='ltr'>ri</span> <span class='ocrx_word' id='word_1_35' title='bbox 204 1097 266 1167; x_wconf 83' lang='lat' dir='ltr'>ubi</span> <span class='ocrx_word' id='word_1_36' title='bbox 293 1096 442 1169; x_wconf 88' lang='lat' dir='ltr'>decimas</span> <span class='ocrx_word' id='word_1_37' title='bbox 468 1118 578 1171; x_wconf 89' lang='lat' dir='ltr'>rerum</span> <span class='ocrx_word' id='word_1_38' title='bbox 598 1096 746 1193; x_wconf 88' lang='lat' dir='ltr'>precipis</span> <span class='ocrx_word' id='word_1_39' title='bbox 761 1099 943 1175; x_wconf 83' lang='lat' dir='ltr'>annuaiesr</span> <span class='ocrx_word' id='word_1_40' title='bbox 994 1106 1111 1177; x_wconf 88' lang='lat' dir='ltr'>cordis</span> <span class='ocrx_word' id='word_1_41' title='bbox 1139 1108 1427 1179; x_wconf 84' lang='lat' dir='ltr'>accommodent.</span> <span class='ocrx_word' id='word_1_42' title='bbox 1455 1104 1530 1174; x_wconf 88' lang='lat' dir='ltr'>Nec</span> <span class='ocrx_word' id='word_1_43' title='bbox 1558 1099 1737 1186; x_wconf 85' lang='lat' dir='ltr'>timeamus</span> <span class='ocrx_word' id='word_1_44' title='bbox 1760 1102 1797 1175; x_wconf 89' lang='lat' dir='ltr'>in</span> 
     </span>
     <span class='ocr_line' id='line_1_6' title="bbox 89 1188 1988 1295; baseline 0.004 -33"><span class='ocrx_word' id='word_1_45' title='bbox 89 1208 113 1288; x_wconf 67' lang='grc' dir='ltr'><strong><em>ς</em></strong></span> <span class='ocrx_word' id='word_1_46' title='bbox 148 1188 210 1263; x_wconf 94' lang='lat' dir='ltr'>tibi</span> <span class='ocrx_word' id='word_1_47' title='bbox 233 1191 365 1266; x_wconf 87' lang='lat' dir='ltr'>dierum</span> <span class='ocrx_word' id='word_1_48' title='bbox 383 1194 533 1267; x_wconf 88' lang='lat' dir='ltr'>decimas</span> <span class='ocrx_word' id='word_1_49' title='bbox 549 1198 750 1271; x_wconf 85' lang='lat' dir='ltr'>consecrare</span> <span class='ocrx_word' id='word_1_50' title='bbox 765 1220 948 1277; x_wconf 82' lang='lat' dir='ltr'>conamur.</span> <span class='ocrx_word' id='word_1_51' title='bbox 998 1200 1053 1272; x_wconf 91' lang='lat' dir='ltr'>die</span> <span class='ocrx_word' id='word_1_52' title='bbox 1072 1200 1180 1274; x_wconf 76' lang='lat' dir='ltr'>maias</span> <span class='ocrx_word' id='word_1_53' title='bbox 1210 1225 1320 1295; x_wconf 90' lang='lat' dir='ltr'>neque</span> <span class='ocrx_word' id='word_1_54' title='bbox 1338 1200 1419 1275; x_wconf 86' lang='lat' dir='ltr'>fidei</span> <span class='ocrx_word' id='word_1_55' title='bbox 1444 1220 1552 1273; x_wconf 90' lang='lat' dir='ltr'>onere</span> <span class='ocrx_word' id='word_1_56' title='bbox 1572 1196 1720 1274; x_wconf 71' lang='lat' dir='ltr'>relictos</span> <span class='ocrx_word' id='word_1_57' title='bbox 1744 1207 1797 1288; x_wconf 77' lang='lat' dir='ltr'>iu·</span> <span class='ocrx_word' id='word_1_58' title='bbox 1984 1286 1988 1293; x_wconf 26' lang='grc' dir='ltr'>Ι</span> 
     </span>
    </p>

    <p class='ocr_par' dir='ltr' id='par_1_3' title="bbox 44 1286 1880 1689">
     <span class='ocr_line' id='line_1_7' title="bbox 44 1286 1880 1399; baseline 0.008 -43"><span class='ocrx_word' id='word_1_59' title='bbox 44 1318 51 1331; x_wconf 90' lang='grc'><em>·</em></span> <span class='ocrx_word' id='word_1_60' title='bbox 145 1286 209 1399; x_wconf 72' lang='lat' dir='ltr'>i’ie</span> <span class='ocrx_word' id='word_1_61' title='bbox 236 1288 456 1391; x_wconf 73' lang='lat' dir='ltr'>largissimam</span> <span class='ocrx_word' id='word_1_62' title='bbox 484 1311 543 1368; x_wconf 91' lang='lat' dir='ltr'>tue</span> <span class='ocrx_word' id='word_1_63' title='bbox 566 1296 706 1390; x_wconf 86' lang='lat' dir='ltr'>pietatis</span> <span class='ocrx_word' id='word_1_64' title='bbox 730 1292 947 1375; x_wconf 84' lang='lat' dir='ltr'>clementiam</span> <span class='ocrx_word' id='word_1_65' title='bbox 998 1300 1124 1371; x_wconf 91' lang='lat' dir='ltr'>mentis</span> <span class='ocrx_word' id='word_1_66' title='bbox 1151 1299 1385 1393; x_wconf 74' lang='lat' dir='ltr'>insipientibus</span> <span class='ocrx_word' id='word_1_67' title='bbox 1409 1319 1668 1396; x_wconf 85' lang='lat' dir='ltr'>comparemur.</span> <span class='ocrx_word' id='word_1_68' title='bbox 1697 1302 1742 1370; x_wconf 90' lang='lat' dir='ltr'>Ut</span> <span class='ocrx_word' id='word_1_69' title='bbox 1758 1318 1796 1372; x_wconf 90' lang='lat' dir='ltr'>te</span> <span class='ocrx_word' id='word_1_70' title='bbox 1829 1296 1880 1373; x_wconf 82' lang='lat'>60</span> 
     </span>
     <span class='ocr_line' id='line_1_8' title="bbox 143 1384 1796 1493; baseline 0.005 -36"><span class='ocrx_word' id='word_1_71' title='bbox 143 1384 395 1476; x_wconf 79' lang='lat' dir='ltr'>implorantes:</span> <span class='ocrx_word' id='word_1_72' title='bbox 420 1392 505 1465; x_wconf 94' lang='lat' dir='ltr'>utin</span> <span class='ocrx_word' id='word_1_73' title='bbox 524 1395 950 1491; x_wconf 82' lang='lat' dir='ltr'>congreffioneviehuius</span> <span class='ocrx_word' id='word_1_74' title='bbox 999 1394 1106 1471; x_wconf 87' lang='lat' dir='ltr'>solum</span> <span class='ocrx_word' id='word_1_75' title='bbox 1130 1396 1359 1493; x_wconf 78' lang='lat' dir='ltr'>intelligentia</span> <span class='ocrx_word' id='word_1_76' title='bbox 1385 1399 1495 1469; x_wconf 77' lang='lat' dir='ltr'>nostra</span> <span class='ocrx_word' id='word_1_77' title='bbox 1524 1394 1710 1490; x_wconf 88' lang='lat' dir='ltr'>adsequens</span> <span class='ocrx_word' id='word_1_78' title='bbox 1726 1420 1796 1470; x_wconf 89' lang='lat' dir='ltr'>am·</span> 
     </span>
     <span class='ocr_line' id='line_1_9' title="bbox 145 1482 1797 1591; baseline 0.005 -35"><span class='ocrx_word' id='word_1_79' title='bbox 145 1482 287 1560; x_wconf 81' lang='lat' dir='ltr'>insinuas</span> <span class='ocrx_word' id='word_1_80' title='bbox 301 1514 366 1563; x_wconf 91' lang='lat' dir='ltr'>nos</span> <span class='ocrx_word' id='word_1_81' title='bbox 380 1494 594 1565; x_wconf 84' lang='lat' dir='ltr'>documentis</span> <span class='ocrx_word' id='word_1_82' title='bbox 607 1491 758 1575; x_wconf 78' lang='lat' dir='ltr'>iusticies</span> <span class='ocrx_word' id='word_1_83' title='bbox 778 1499 814 1568; x_wconf 75' lang='grc' dir='ltr'>δι</span> <span class='ocrx_word' id='word_1_84' title='bbox 830 1520 948 1589; x_wconf 85' lang='lat' dir='ltr'>perce·</span> <span class='ocrx_word' id='word_1_85' title='bbox 998 1492 1069 1569; x_wconf 88' lang='lat' dir='ltr'>bist</span> <span class='ocrx_word' id='word_1_86' title='bbox 1087 1522 1098 1565; x_wconf 84' lang='lat' dir='ltr'>r</span> <span class='ocrx_word' id='word_1_87' title='bbox 1128 1518 1229 1588; x_wconf 88' lang='lat' dir='ltr'>quem</span> <span class='ocrx_word' id='word_1_88' title='bbox 1248 1511 1378 1569; x_wconf 85' lang='lat' dir='ltr'>eterno</span> <span class='ocrx_word' id='word_1_89' title='bbox 1390 1494 1424 1564; x_wconf 91' lang='lat' dir='ltr'>in</span> <span class='ocrx_word' id='word_1_90' title='bbox 1439 1495 1570 1591; x_wconf 86' lang='lat' dir='ltr'>gaudio</span> <span class='ocrx_word' id='word_1_91' title='bbox 1584 1491 1797 1567; x_wconf 66' lang='lat' dir='ltr'>constrictis</span> 
     </span>
     <span class='ocr_line' id='line_1_10' title="bbox 145 1585 1795 1689; baseline 0.002 -32"><span class='ocrx_word' id='word_1_92' title='bbox 145 1585 326 1677; x_wconf 91' lang='lat' dir='ltr'>ptionibus</span> <span class='ocrx_word' id='word_1_93' title='bbox 340 1586 429 1687; x_wconf 84' lang='lat' dir='ltr'>legis</span> <span class='ocrx_word' id='word_1_94' title='bbox 445 1608 528 1663; x_wconf 84' lang='lat' dir='ltr'>tue.</span> <span class='ocrx_word' id='word_1_95' title='bbox 552 1591 683 1680; x_wconf 73' lang='lat' dir='ltr'>Quibus</span> <span class='ocrx_word' id='word_1_96' title='bbox 705 1588 856 1665; x_wconf 74' lang='lat' dir='ltr'>instratu</span> <span class='ocrx_word' id='word_1_97' title='bbox 873 1622 883 1664; x_wconf 77' lang='lat' dir='ltr'>e</span> <span class='ocrx_word' id='word_1_98' title='bbox 909 1596 946 1669; x_wconf 81' lang='lat' dir='ltr'>dt</span> <span class='ocrx_word' id='word_1_99' title='bbox 997 1596 1158 1667; x_wconf 89' lang='lat' dir='ltr'>omnibus</span> <span class='ocrx_word' id='word_1_100' title='bbox 1173 1591 1311 1668; x_wconf 86' lang='lat' dir='ltr'>laudans</span> <span class='ocrx_word' id='word_1_101' title='bbox 1324 1592 1457 1689; x_wconf 86' lang='lat' dir='ltr'>premia</span> <span class='ocrx_word' id='word_1_102' title='bbox 1470 1591 1676 1687; x_wconf 87' lang='lat' dir='ltr'>sempiterna</span> <span class='ocrx_word' id='word_1_103' title='bbox 1692 1591 1795 1664; x_wconf 86' lang='lat' dir='ltr'>susci-</span> 
     </span>
    </p>

    <p class='ocr_par' dir='ltr' id='par_1_4' title="bbox 55 1682 1875 2185">
     <span class='ocr_line' id='line_1_11' title="bbox 55 1682 1794 1787; baseline 0.005 -33"><span class='ocrx_word' id='word_1_104' title='bbox 55 1708 112 1767; x_wconf 65' lang='grc' dir='ltr'>ιο</span> <span class='ocrx_word' id='word_1_105' title='bbox 145 1682 307 1757; x_wconf 85' lang='lat' dir='ltr'>hodierni</span> <span class='ocrx_word' id='word_1_106' title='bbox 331 1688 400 1760; x_wconf 92' lang='lat' dir='ltr'>diei</span> <span class='ocrx_word' id='word_1_107' title='bbox 415 1686 568 1779; x_wconf 89' lang='lat' dir='ltr'>suscepta</span> <span class='ocrx_word' id='word_1_108' title='bbox 583 1686 733 1761; x_wconf 82' lang='lat' dir='ltr'>solennia</span> <span class='ocrx_word' id='word_1_109' title='bbox 747 1688 944 1787; x_wconf 83' lang='lat' dir='ltr'>expleamus</span> <span class='ocrx_word' id='word_1_110' title='bbox 996 1692 1069 1785; x_wconf 84' lang='lat' dir='ltr'>piat</span> <span class='ocrx_word' id='word_1_111' title='bbox 1085 1740 1095 1763; x_wconf 86' lang='lat'><strong>.</strong></span> <span class='ocrx_word' id='word_1_112' title='bbox 1126 1708 1174 1778; x_wconf 74' lang='lat'>132.</span> <span class='ocrx_word' id='word_1_113' title='bbox 1193 1700 1327 1767; x_wconf 82' lang='lat' dir='ltr'>Amen.</span> <span class='ocrx_word' id='word_1_114' title='bbox 1343 1697 1411 1769; x_wconf 86' lang='lat' dir='ltr'>Per</span> <span class='ocrx_word' id='word_1_115' title='bbox 1422 1691 1687 1764; x_wconf 86' lang='lat' dir='ltr'>misericordiam</span> <span class='ocrx_word' id='word_1_116' title='bbox 1702 1706 1794 1770; x_wconf 89' lang='lat' dir='ltr'>tuam</span> 
     </span>
     <span class='ocr_line' id='line_1_12' title="bbox 143 1784 1875 1886; baseline 0.005 -34"><span class='ocrx_word' id='word_1_117' title='bbox 143 1784 180 1853; x_wconf 79' lang='grc' dir='ltr'>δι</span> <span class='ocrx_word' id='word_1_118' title='bbox 196 1784 416 1860; x_wconf 80' lang='lat' dir='ltr'>devotissime</span> <span class='ocrx_word' id='word_1_119' title='bbox 441 1786 618 1862; x_wconf 81' lang='lat' dir='ltr'>acrasiino</span> <span class='ocrx_word' id='word_1_120' title='bbox 639 1784 791 1862; x_wconf 75' lang='lat' dir='ltr'>instituta</span> <span class='ocrx_word' id='word_1_121' title='bbox 812 1794 941 1877; x_wconf 75' lang='lat' dir='ltr'>jejunia</span> <span class='ocrx_word' id='word_1_122' title='bbox 990 1791 1086 1863; x_wconf 84' lang='lat' dir='ltr'>Deus</span> <span class='ocrx_word' id='word_1_123' title='bbox 1114 1792 1225 1866; x_wconf 80' lang='lat' dir='ltr'>noster</span> <span class='ocrx_word' id='word_1_124' title='bbox 1252 1794 1311 1886; x_wconf 87' lang='lat' dir='ltr'>qui</span> <span class='ocrx_word' id='word_1_125' title='bbox 1339 1816 1375 1865; x_wconf 93' lang='lat' dir='ltr'>es</span> <span class='ocrx_word' id='word_1_126' title='bbox 1390 1788 1615 1862; x_wconf 75' lang='lat' dir='ltr'>benedidiusa</span> <span class='ocrx_word' id='word_1_127' title='bbox 1640 1791 1677 1861; x_wconf 80' lang='lat' dir='ltr'>dt</span> <span class='ocrx_word' id='word_1_128' title='bbox 1699 1787 1791 1860; x_wconf 87' lang='lat' dir='ltr'>vivis</span> <span class='ocrx_word' id='word_1_129' title='bbox 1825 1792 1875 1884; x_wconf 80' lang='lat'>65</span> 
     </span>
     <span class='ocr_line' id='line_1_13' title="bbox 141 1879 1791 1989; baseline 0.004 -36"><span class='ocrx_word' id='word_1_130' title='bbox 141 1879 365 1956; x_wconf 88' lang='lat' dir='ltr'>inchoemus.</span> <span class='ocrx_word' id='word_1_131' title='bbox 394 1888 500 1959; x_wconf 84' lang='lat' dir='ltr'>Pater</span> <span class='ocrx_word' id='word_1_132' title='bbox 520 1885 659 1961; x_wconf 80' lang='lat' dir='ltr'>noster·</span> <span class='ocrx_word' id='word_1_133' title='bbox 691 1888 793 1957; x_wconf 84' lang='lat' dir='ltr'>Dicat</span> <span class='ocrx_word' id='word_1_134' title='bbox 818 1888 939 1965; x_wconf 76' lang='lat' dir='ltr'>Presb.</span> <span class='ocrx_word' id='word_1_135' title='bbox 989 1888 1025 1959; x_wconf 80' lang='grc' dir='ltr'>δι</span> <span class='ocrx_word' id='word_1_136' title='bbox 1039 1890 1156 1965; x_wconf 90' lang='lat' dir='ltr'>omnia</span> <span class='ocrx_word' id='word_1_137' title='bbox 1167 1889 1259 1989; x_wconf 87' lang='lat' dir='ltr'>regis</span> <span class='ocrx_word' id='word_1_138' title='bbox 1277 1894 1310 1966; x_wconf 92' lang='lat' dir='ltr'>in</span> <span class='ocrx_word' id='word_1_139' title='bbox 1327 1886 1437 1963; x_wconf 84' lang='lat' dir='ltr'>secula</span> <span class='ocrx_word' id='word_1_140' title='bbox 1452 1886 1646 1962; x_wconf 84' lang='lat' dir='ltr'>seculorum</span> <span class='ocrx_word' id='word_1_141' title='bbox 1663 1888 1791 1980; x_wconf 64' lang='lat' dir='ltr'>nnn-</span> 
     </span>
     <span class='ocr_line' id='line_1_14' title="bbox 141 1976 1791 2079; baseline 0.004 -27"><span class='ocrx_word' id='word_1_142' title='bbox 141 1976 333 2055; x_wconf 85' lang='lat' dir='ltr'>Humiiiate</span> <span class='ocrx_word' id='word_1_143' title='bbox 354 2008 420 2058; x_wconf 90' lang='lat' dir='ltr'>vos</span> <span class='ocrx_word' id='word_1_144' title='bbox 437 1977 695 2061; x_wconf 74' lang='lat' dir='ltr'>benedictioni·</span> <span class='ocrx_word' id='word_1_145' title='bbox 716 1985 883 2061; x_wconf 83' lang='lat' dir='ltr'>Dominus</span> <span class='ocrx_word' id='word_1_146' title='bbox 897 1991 939 2063; x_wconf 81' lang='lat' dir='ltr'>dt</span> <span class='ocrx_word' id='word_1_147' title='bbox 989 2010 1095 2063; x_wconf 82' lang='lat' dir='ltr'>men·</span> <span class='ocrx_word' id='word_1_148' title='bbox 1121 1989 1292 2064; x_wconf 81' lang='lat' dir='ltr'>Dominus</span> <span class='ocrx_word' id='word_1_149' title='bbox 1311 1990 1352 2061; x_wconf 85' lang='lat' dir='ltr'>sit</span> <span class='ocrx_word' id='word_1_150' title='bbox 1370 1988 1506 2079; x_wconf 82' lang='lat' dir='ltr'>semper</span> <span class='ocrx_word' id='word_1_151' title='bbox 1520 1984 1700 2059; x_wconf 84' lang='lat' dir='ltr'>vobiscum</span> <span class='ocrx_word' id='word_1_152' title='bbox 1713 2031 1724 2054; x_wconf 88' lang='lat'><strong>.</strong></span> <span class='ocrx_word' id='word_1_153' title='bbox 1738 1997 1791 2074; x_wconf 72' lang='lat'>132·</span> 
     </span>
     <span class='ocr_line' id='line_1_15' title="bbox 141 2075 1789 2185; baseline 0.004 -38"><span class='ocrx_word' id='word_1_154' title='bbox 141 2075 277 2173; x_wconf 84' lang='lat' dir='ltr'>semper</span> <span class='ocrx_word' id='word_1_155' title='bbox 290 2080 463 2155; x_wconf 87' lang='lat' dir='ltr'>vobiscum</span> <span class='ocrx_word' id='word_1_156' title='bbox 477 2128 488 2150; x_wconf 88' lang='lat'><strong>.</strong></span> <span class='ocrx_word' id='word_1_157' title='bbox 515 2094 565 2173; x_wconf 68' lang='lat'>132·</span> <span class='ocrx_word' id='word_1_158' title='bbox 579 2082 621 2157; x_wconf 84' lang='lat' dir='ltr'>Et</span> <span class='ocrx_word' id='word_1_159' title='bbox 635 2106 723 2157; x_wconf 82' lang='lat' dir='ltr'>cum.</span> <span class='ocrx_word' id='word_1_160' title='bbox 737 2088 942 2163; x_wconf 59' lang='lat' dir='ltr'>benedidio.</span> <span class='ocrx_word' id='word_1_161' title='bbox 990 2086 1034 2161; x_wconf 86' lang='lat' dir='ltr'>Et</span> <span class='ocrx_word' id='word_1_162' title='bbox 1051 2108 1138 2162; x_wconf 84' lang='lat' dir='ltr'>cnm.</span> <span class='ocrx_word' id='word_1_163' title='bbox 1155 2087 1359 2185; x_wconf 70' lang='lat' dir='ltr'>Prophetis.</span> <span class='ocrx_word' id='word_1_164' title='bbox 1373 2082 1503 2158; x_wconf 87' lang='lat' dir='ltr'>Audite</span> <span class='ocrx_word' id='word_1_165' title='bbox 1517 2082 1695 2157; x_wconf 80' lang='lat' dir='ltr'>audientes</span> <span class='ocrx_word' id='word_1_166' title='bbox 1709 2105 1763 2160; x_wconf 90' lang='lat' dir='ltr'>me</span> <span class='ocrx_word' id='word_1_167' title='bbox 1774 2127 1789 2153; x_wconf 81' lang='grc'><strong>.</strong></span> 
     </span>
    </p>

    <p class='ocr_par' dir='ltr' id='par_1_5' title="bbox 54 2176 1788 2282">
     <span class='ocr_line' id='line_1_16' title="bbox 54 2176 1788 2282; baseline -0.001 -29"><span class='ocrx_word' id='word_1_168' title='bbox 54 2198 106 2273; x_wconf 71' lang='lat'>15</span> <span class='ocrx_word' id='word_1_169' title='bbox 245 2178 372 2254; x_wconf 85' lang='lat' dir='ltr'>Hristus</span> <span class='ocrx_word' id='word_1_170' title='bbox 401 2178 469 2253; x_wconf 92' lang='lat' dir='ltr'>Dei</span> <span class='ocrx_word' id='word_1_171' title='bbox 497 2176 587 2254; x_wconf 86' lang='lat' dir='ltr'>filius</span> <span class='ocrx_word' id='word_1_172' title='bbox 626 2182 683 2278; x_wconf 90' lang='lat' dir='ltr'>qui</span> <span class='ocrx_word' id='word_1_173' title='bbox 705 2187 939 2277; x_wconf 78' lang='lat' dir='ltr'>quaterdecies</span> <span class='ocrx_word' id='word_1_174' title='bbox 1038 2180 1788 2282; x_wconf 72' lang='lat' dir='ltr'>Requiminnominicaantediemcinerunr·</span> 
     </span>
    </p>

    <p class='ocr_par' dir='ltr' id='par_1_6' title="bbox 137 2275 1872 2673">
     <span class='ocr_line' id='line_1_17' title="bbox 255 2275 1872 2377; baseline 0.001 -31"><span class='ocrx_word' id='word_1_175' title='bbox 255 2277 372 2349; x_wconf 88' lang='lat' dir='ltr'>diebus</span> <span class='ocrx_word' id='word_1_176' title='bbox 396 2279 429 2351; x_wconf 92' lang='lat' dir='ltr'>in</span> <span class='ocrx_word' id='word_1_177' title='bbox 447 2279 681 2357; x_wconf 86' lang='lat' dir='ltr'>abstinentiam</span> <span class='ocrx_word' id='word_1_178' title='bbox 693 2280 890 2359; x_wconf 78' lang='lat' dir='ltr'>devolutist</span> <span class='ocrx_word' id='word_1_179' title='bbox 906 2288 941 2363; x_wconf 91' lang='lat' dir='ltr'>se</span> <span class='ocrx_word' id='word_1_180' title='bbox 984 2282 1195 2375; x_wconf 72' lang='lat' dir='ltr'>fndfflV.</span> <span class='ocrx_word' id='word_1_181' title='bbox 1212 2288 1313 2358; x_wconf 84' lang='lat' dir='ltr'>Dicat</span> <span class='ocrx_word' id='word_1_182' title='bbox 1325 2277 1445 2359; x_wconf 72' lang='lat' dir='ltr'>Pressa.</span> <span class='ocrx_word' id='word_1_183' title='bbox 1459 2276 1633 2355; x_wconf 75' lang='lat' dir='ltr'>Dominus</span> <span class='ocrx_word' id='word_1_184' title='bbox 1644 2279 1687 2353; x_wconf 87' lang='lat' dir='ltr'>sit</span> <span class='ocrx_word' id='word_1_185' title='bbox 1699 2275 1788 2349; x_wconf 90' lang='lat' dir='ltr'>sem·</span> <span class='ocrx_word' id='word_1_186' title='bbox 1820 2305 1872 2377; x_wconf 86' lang='lat'>70</span> 
     </span>
     <span class='ocr_line' id='line_1_18' title="bbox 140 2373 1789 2479; baseline -0.001 -34"><span class='ocrx_word' id='word_1_187' title='bbox 140 2373 271 2448; x_wconf 87' lang='lat' dir='ltr'>tentari</span> <span class='ocrx_word' id='word_1_188' title='bbox 303 2378 483 2470; x_wconf 76' lang='lat' dir='ltr'>permisrtr</span> <span class='ocrx_word' id='word_1_189' title='bbox 512 2378 584 2475; x_wconf 90' lang='lat' dir='ltr'>ipse</span> <span class='ocrx_word' id='word_1_190' title='bbox 602 2407 667 2455; x_wconf 87' lang='lat' dir='ltr'>vos</span> <span class='ocrx_word' id='word_1_191' title='bbox 696 2406 764 2455; x_wconf 92' lang='lat' dir='ltr'>non</span> <span class='ocrx_word' id='word_1_192' title='bbox 791 2385 943 2478; x_wconf 86' lang='lat' dir='ltr'>patiatur</span> <span class='ocrx_word' id='word_1_193' title='bbox 993 2406 1056 2477; x_wconf 88' lang='lat' dir='ltr'>per</span> <span class='ocrx_word' id='word_1_194' title='bbox 1071 2381 1248 2457; x_wconf 88' lang='lat' dir='ltr'>vobiscum</span> <span class='ocrx_word' id='word_1_195' title='bbox 1263 2430 1274 2454; x_wconf 90' lang='lat'><strong>.</strong></span> <span class='ocrx_word' id='word_1_196' title='bbox 1289 2386 1395 2479; x_wconf 60' lang='lat' dir='ltr'>salit</span> <span class='ocrx_word' id='word_1_197' title='bbox 1409 2404 1514 2459; x_wconf 84' lang='lat' dir='ltr'>cum.</span> <span class='ocrx_word' id='word_1_198' title='bbox 1542 2374 1789 2463; x_wconf 60' lang='lat' dir='ltr'>Transma-</span> 
     </span>
     <span class='ocr_line' id='line_1_19' title="bbox 137 2466 1787 2576; baseline 0.005 -34"><span class='ocrx_word' id='word_1_199' title='bbox 137 2466 216 2543; x_wconf 86' lang='lat' dir='ltr'>uliis</span> <span class='ocrx_word' id='word_1_200' title='bbox 233 2475 488 2549; x_wconf 85' lang='lat' dir='ltr'>tentationibus</span> <span class='ocrx_word' id='word_1_201' title='bbox 503 2502 522 2549; x_wconf 89' lang='lat' dir='ltr'>a</span> <span class='ocrx_word' id='word_1_202' title='bbox 538 2476 655 2553; x_wconf 76' lang='lat' dir='ltr'>saneto</span> <span class='ocrx_word' id='word_1_203' title='bbox 668 2484 853 2576; x_wconf 83' lang='lat' dir='ltr'>proposito</span> <span class='ocrx_word' id='word_1_204' title='bbox 866 2484 944 2558; x_wconf 84' lang='lat' dir='ltr'>sun·</span> <span class='ocrx_word' id='word_1_205' title='bbox 992 2478 1062 2553; x_wconf 88' lang='lat' dir='ltr'>niel</span> <span class='ocrx_word' id='word_1_206' title='bbox 1083 2482 1262 2576; x_wconf 83' lang='lat' dir='ltr'>Propheta</span> <span class='ocrx_word' id='word_1_207' title='bbox 1279 2498 1360 2557; x_wconf 88' lang='lat' dir='ltr'>tunc</span> <span class='ocrx_word' id='word_1_208' title='bbox 1372 2475 1422 2556; x_wconf 83' lang='lat' dir='ltr'>ilii</span> <span class='ocrx_word' id='word_1_209' title='bbox 1449 2496 1523 2551; x_wconf 90' lang='lat' dir='ltr'>tres</span> <span class='ocrx_word' id='word_1_210' title='bbox 1534 2473 1625 2571; x_wconf 76' lang='lat' dir='ltr'>quasi</span> <span class='ocrx_word' id='word_1_211' title='bbox 1653 2498 1699 2549; x_wconf 79' lang='lat' dir='ltr'>ex</span> <span class='ocrx_word' id='word_1_212' title='bbox 1713 2498 1787 2551; x_wconf 87' lang='lat' dir='ltr'>uno</span> 
     </span>
     <span class='ocr_line' id='line_1_20' title="bbox 137 2570 1787 2673; baseline 0.001 -28"><span class='ocrx_word' id='word_1_213' title='bbox 137 2570 302 2646; x_wconf 86' lang='lat' dir='ltr'>moveri.</span> <span class='ocrx_word' id='word_1_214' title='bbox 331 2588 380 2668; x_wconf 70' lang='lat'>132.</span> <span class='ocrx_word' id='word_1_215' title='bbox 395 2579 531 2649; x_wconf 87' lang='lat' dir='ltr'>Arnen.</span> <span class='ocrx_word' id='word_1_216' title='bbox 555 2579 694 2671; x_wconf 86' lang='lat' dir='ltr'>Quique</span> <span class='ocrx_word' id='word_1_217' title='bbox 718 2580 830 2656; x_wconf 88' lang='lat' dir='ltr'>eidem</span> <span class='ocrx_word' id='word_1_218' title='bbox 845 2580 940 2656; x_wconf 86' lang='lat' dir='ltr'>calii-</span> <span class='ocrx_word' id='word_1_219' title='bbox 990 2602 1054 2651; x_wconf 90' lang='lat' dir='ltr'>ore</span> <span class='ocrx_word' id='word_1_220' title='bbox 1081 2580 1245 2673; x_wconf 86' lang='lat' dir='ltr'>hymnum</span> <span class='ocrx_word' id='word_1_221' title='bbox 1264 2582 1453 2655; x_wconf 80' lang='lat' dir='ltr'>canebant:</span> <span class='ocrx_word' id='word_1_222' title='bbox 1483 2572 1787 2652; x_wconf 88' lang='lat' dir='ltr'>&amp;benedicebant</span> 
     </span>
    </p>

    <p class='ocr_par' dir='ltr' id='par_1_7' title="bbox 54 2668 1867 3165">
     <span class='ocr_line' id='line_1_21' title="bbox 54 2668 1785 2770; baseline -0.001 -27"><span class='ocrx_word' id='word_1_223' title='bbox 54 2692 107 2749; x_wconf 84' lang='lat'>20</span> <span class='ocrx_word' id='word_1_224' title='bbox 139 2668 188 2741; x_wconf 91' lang='lat' dir='ltr'>do</span> <span class='ocrx_word' id='word_1_225' title='bbox 204 2672 374 2745; x_wconf 83' lang='lat' dir='ltr'>tentatori</span> <span class='ocrx_word' id='word_1_226' title='bbox 390 2675 506 2748; x_wconf 91' lang='lat' dir='ltr'>nonin</span> <span class='ocrx_word' id='word_1_227' title='bbox 522 2671 596 2750; x_wconf 88' lang='lat' dir='ltr'>solo</span> <span class='ocrx_word' id='word_1_228' title='bbox 612 2701 718 2770; x_wconf 83' lang='lat' dir='ltr'>panes</span> <span class='ocrx_word' id='word_1_229' title='bbox 735 2676 793 2750; x_wconf 92' lang='lat' dir='ltr'>sed</span> <span class='ocrx_word' id='word_1_230' title='bbox 808 2678 843 2751; x_wconf 90' lang='lat' dir='ltr'>in</span> <span class='ocrx_word' id='word_1_231' title='bbox 858 2704 939 2755; x_wconf 86' lang='lat' dir='ltr'>ver·</span> <span class='ocrx_word' id='word_1_232' title='bbox 988 2675 1176 2750; x_wconf 90' lang='lat' dir='ltr'>Dominum</span> <span class='ocrx_word' id='word_1_233' title='bbox 1198 2679 1241 2751; x_wconf 93' lang='lat' dir='ltr'>de</span> <span class='ocrx_word' id='word_1_234' title='bbox 1258 2678 1397 2751; x_wconf 78' lang='lat' dir='ltr'>fornace</span> <span class='ocrx_word' id='word_1_235' title='bbox 1410 2675 1589 2751; x_wconf 82' lang='lat' dir='ltr'>dicentes·</span> <span class='ocrx_word' id='word_1_236' title='bbox 1622 2675 1684 2744; x_wconf 82' lang='lat' dir='ltr'>Hr&#39;c</span> <span class='ocrx_word' id='word_1_237' title='bbox 1699 2674 1785 2745; x_wconf 84' lang='lat' dir='ltr'>inci·</span> 
     </span>
     <span class='ocr_line' id='line_1_22' title="bbox 138 2765 1867 2879; baseline 0.001 -40"><span class='ocrx_word' id='word_1_238' title='bbox 138 2766 187 2839; x_wconf 92' lang='lat' dir='ltr'>bo</span> <span class='ocrx_word' id='word_1_239' title='bbox 211 2765 279 2838; x_wconf 92' lang='lat' dir='ltr'>Dei</span> <span class='ocrx_word' id='word_1_240' title='bbox 305 2770 475 2842; x_wconf 87' lang='lat' dir='ltr'>hominem</span> <span class='ocrx_word' id='word_1_241' title='bbox 492 2774 611 2847; x_wconf 88' lang='lat' dir='ltr'>vivere</span> <span class='ocrx_word' id='word_1_242' title='bbox 630 2775 935 2873; x_wconf 81' lang='lat' dir='ltr'>posseresponditr</span> <span class='ocrx_word' id='word_1_243' title='bbox 981 2776 1058 2869; x_wconf 77' lang='lat' dir='ltr'>piat</span> <span class='ocrx_word' id='word_1_244' title='bbox 1073 2780 1253 2849; x_wconf 82' lang='lat' dir='ltr'>Sacerdos.</span> <span class='ocrx_word' id='word_1_245' title='bbox 1281 2775 1497 2850; x_wconf 60' lang='lat' dir='ltr'>Benedictus.</span> <span class='ocrx_word' id='word_1_246' title='bbox 1525 2770 1731 2849; x_wconf 73' lang='lat' dir='ltr'>Benedictus</span> <span class='ocrx_word' id='word_1_247' title='bbox 1745 2792 1782 2842; x_wconf 89' lang='lat' dir='ltr'>es</span> <span class='ocrx_word' id='word_1_248' title='bbox 1818 2802 1867 2879; x_wconf 84' lang='lat'>75</span> 
     </span>
     <span class='ocr_line' id='line_1_23' title="bbox 136 2863 1784 2967; baseline 0.004 -32"><span class='ocrx_word' id='word_1_249' title='bbox 136 2863 268 2937; x_wconf 83' lang='lat' dir='ltr'>celestis</span> <span class='ocrx_word' id='word_1_250' title='bbox 293 2890 361 2940; x_wconf 90' lang='lat' dir='ltr'>vos</span> <span class='ocrx_word' id='word_1_251' title='bbox 375 2870 506 2941; x_wconf 86' lang='lat' dir='ltr'>reficiat</span> <span class='ocrx_word' id='word_1_252' title='bbox 526 2868 686 2945; x_wconf 90' lang='lat' dir='ltr'>alimonia</span> <span class='ocrx_word' id='word_1_253' title='bbox 699 2872 790 2946; x_wconf 87' lang='lat' dir='ltr'>cibi.</span> <span class='ocrx_word' id='word_1_254' title='bbox 822 2887 871 2967; x_wconf 72' lang='lat'>¹3²·</span> <span class='ocrx_word' id='word_1_255' title='bbox 890 2880 935 2949; x_wconf 79' lang='lat' dir='ltr'>A·</span> <span class='ocrx_word' id='word_1_256' title='bbox 986 2872 1140 2945; x_wconf 86' lang='lat' dir='ltr'>Domine</span> <span class='ocrx_word' id='word_1_257' title='bbox 1159 2876 1256 2949; x_wconf 90' lang='lat' dir='ltr'>Deus</span> <span class='ocrx_word' id='word_1_258' title='bbox 1271 2892 1404 2966; x_wconf 89' lang='lat' dir='ltr'>patrum</span> <span class='ocrx_word' id='word_1_259' title='bbox 1420 2876 1613 2947; x_wconf 83' lang='lat' dir='ltr'>nostrorum</span> <span class='ocrx_word' id='word_1_260' title='bbox 1629 2895 1639 2938; x_wconf 82' lang='lat' dir='ltr'>s</span> <span class='ocrx_word' id='word_1_261' title='bbox 1669 2870 1705 2942; x_wconf 81' lang='lat' dir='ltr'>dt</span> <span class='ocrx_word' id='word_1_262' title='bbox 1721 2866 1784 2940; x_wconf 86' lang='lat' dir='ltr'>ad-</span> 
     </span>
     <span class='ocr_line' id='line_1_24' title="bbox 137 2962 1784 3065; baseline 0.003 -28"><span class='ocrx_word' id='word_1_263' title='bbox 137 2986 241 3037; x_wconf 88' lang='lat' dir='ltr'>men.</span> <span class='ocrx_word' id='word_1_264' title='bbox 270 2964 318 3037; x_wconf 94' lang='lat' dir='ltr'>Ut</span> <span class='ocrx_word' id='word_1_265' title='bbox 333 2966 475 3061; x_wconf 79' lang='lat' dir='ltr'>dapibus</span> <span class='ocrx_word' id='word_1_266' title='bbox 487 2966 601 3045; x_wconf 83' lang='lat' dir='ltr'>satiati</span> <span class='ocrx_word' id='word_1_267' title='bbox 615 2968 765 3043; x_wconf 76' lang='lat' dir='ltr'>divinis:</span> <span class='ocrx_word' id='word_1_268' title='bbox 791 2970 935 3047; x_wconf 74' lang='lat' dir='ltr'>inditus</span> <span class='ocrx_word' id='word_1_269' title='bbox 984 2969 1147 3043; x_wconf 84' lang='lat' dir='ltr'>mirabilis</span> <span class='ocrx_word' id='word_1_270' title='bbox 1169 2969 1492 3065; x_wconf 69' lang='lat' dir='ltr'>&amp;superexaltatus</span> <span class='ocrx_word' id='word_1_271' title='bbox 1518 2962 1677 3041; x_wconf 88' lang='lat' dir='ltr'>insecula</span> <span class='ocrx_word' id='word_1_272' title='bbox 1695 3012 1705 3036; x_wconf 85' lang='lat'><strong>·</strong></span> <span class='ocrx_word' id='word_1_273' title='bbox 1732 2970 1784 3041; x_wconf 83' lang='lat' dir='ltr'>A·</span> 
     </span>
     <span class='ocr_line' id='line_1_25' title="bbox 133 3061 1783 3165; baseline -0.001 -30"><span class='ocrx_word' id='word_1_274' title='bbox 133 3061 315 3136; x_wconf 73' lang='lat' dir='ltr'>ncrastino</span> <span class='ocrx_word' id='word_1_275' title='bbox 333 3066 536 3160; x_wconf 72' lang='lat' dir='ltr'>parsimonie.</span> <span class='ocrx_word' id='word_1_276' title='bbox 560 3066 654 3165; x_wconf 79' lang='lat' dir='ltr'>leges</span> <span class='ocrx_word' id='word_1_277' title='bbox 670 3066 812 3162; x_wconf 82' lang='lat' dir='ltr'>explere</span> <span class='ocrx_word' id='word_1_278' title='bbox 830 3073 935 3162; x_wconf 84' lang='lat' dir='ltr'>possi·</span> <span class='ocrx_word' id='word_1_279' title='bbox 984 3089 1087 3141; x_wconf 87' lang='lat' dir='ltr'>men.</span> <span class='ocrx_word' id='word_1_280' title='bbox 1117 3066 1166 3158; x_wconf 60' lang='lat' dir='ltr'>d.</span> <span class='ocrx_word' id='word_1_281' title='bbox 1183 3068 1224 3141; x_wconf 82' lang='lat' dir='ltr'>Et</span> <span class='ocrx_word' id='word_1_282' title='bbox 1238 3066 1457 3141; x_wconf 75' lang='lat' dir='ltr'>benedictum</span> <span class='ocrx_word' id='word_1_283' title='bbox 1475 3087 1601 3141; x_wconf 87' lang='lat' dir='ltr'>nomen</span> <span class='ocrx_word' id='word_1_284' title='bbox 1627 3062 1783 3148; x_wconf 80' lang='lat' dir='ltr'>majesta·</span> 
     </span>
    </p>

    <p class='ocr_par' dir='ltr' id='par_1_8' title="bbox 52 3158 1866 3656">
     <span class='ocr_line' id='line_1_26' title="bbox 52 3158 1784 3260; baseline 0.002 -30"><span class='ocrx_word' id='word_1_285' title='bbox 52 3184 73 3241; x_wconf 82' lang='lat'>2</span> <span class='ocrx_word' id='word_1_286' title='bbox 78 3188 101 3259; x_wconf 87' lang='lat'><em>5</em></span> <span class='ocrx_word' id='word_1_287' title='bbox 136 3158 208 3230; x_wconf 87' lang='lat' dir='ltr'>tis.</span> <span class='ocrx_word' id='word_1_288' title='bbox 236 3172 285 3254; x_wconf 75' lang='lat'>132.</span> <span class='ocrx_word' id='word_1_289' title='bbox 302 3167 437 3236; x_wconf 85' lang='lat' dir='ltr'>Amen.</span> <span class='ocrx_word' id='word_1_290' title='bbox 466 3169 533 3241; x_wconf 86' lang='lat' dir='ltr'>Per</span> <span class='ocrx_word' id='word_1_291' title='bbox 549 3166 814 3241; x_wconf 86' lang='lat' dir='ltr'>misericordiam</span> <span class='ocrx_word' id='word_1_292' title='bbox 832 3168 931 3260; x_wconf 79' lang='lat' dir='ltr'>ipsius</span> <span class='ocrx_word' id='word_1_293' title='bbox 986 3165 1031 3235; x_wconf 89' lang='lat' dir='ltr'>tis</span> <span class='ocrx_word' id='word_1_294' title='bbox 1047 3182 1106 3239; x_wconf 92' lang='lat' dir='ltr'>tue</span> <span class='ocrx_word' id='word_1_295' title='bbox 1118 3164 1201 3238; x_wconf 87' lang='lat' dir='ltr'>iilud</span> <span class='ocrx_word' id='word_1_296' title='bbox 1216 3164 1392 3239; x_wconf 72' lang='lat' dir='ltr'>sendum.</span> <span class='ocrx_word' id='word_1_297' title='bbox 1410 3175 1455 3237; x_wconf 83' lang='grc' dir='ltr'>Ῥ.</span> <span class='ocrx_word' id='word_1_298' title='bbox 1466 3166 1509 3241; x_wconf 80' lang='lat' dir='ltr'>Et</span> <span class='ocrx_word' id='word_1_299' title='bbox 1520 3164 1645 3255; x_wconf 86' lang='lat' dir='ltr'>super.</span> <span class='ocrx_word' id='word_1_300' title='bbox 1660 3162 1784 3253; x_wconf 60' lang='grc' dir='ltr'>Με·</span> 
     </span>
     <span class='ocr_line' id='line_1_27' title="bbox 132 3256 1866 3361; baseline 0.005 -36"><span class='ocrx_word' id='word_1_301' title='bbox 132 3256 206 3349; x_wconf 86' lang='lat' dir='ltr'>Dei</span> <span class='ocrx_word' id='word_1_302' title='bbox 234 3260 337 3333; x_wconf 80' lang='lat' dir='ltr'>nostri</span> <span class='ocrx_word' id='word_1_303' title='bbox 365 3266 422 3355; x_wconf 83' lang='lat' dir='ltr'>qui</span> <span class='ocrx_word' id='word_1_304' title='bbox 447 3265 494 3337; x_wconf 79' lang='lat' dir='ltr'>est</span> <span class='ocrx_word' id='word_1_305' title='bbox 509 3262 710 3337; x_wconf 69' lang='lat' dir='ltr'>benediflus</span> <span class='ocrx_word' id='word_1_306' title='bbox 734 3264 770 3335; x_wconf 69' lang='grc' dir='ltr'>ἃ</span> <span class='ocrx_word' id='word_1_307' title='bbox 788 3262 933 3341; x_wconf 75' lang='lat' dir='ltr'>vivit&amp;</span> <span class='ocrx_word' id='word_1_308' title='bbox 963 3261 1136 3337; x_wconf 76' lang='lat' dir='ltr'>:nedidius</span> <span class='ocrx_word' id='word_1_309' title='bbox 1151 3287 1187 3336; x_wconf 86' lang='lat' dir='ltr'>es</span> <span class='ocrx_word' id='word_1_310' title='bbox 1207 3262 1265 3357; x_wconf 90' lang='lat' dir='ltr'>qui</span> <span class='ocrx_word' id='word_1_311' title='bbox 1281 3265 1377 3337; x_wconf 91' lang='lat' dir='ltr'>vides</span> <span class='ocrx_word' id='word_1_312' title='bbox 1392 3267 1546 3361; x_wconf 75' lang='lat' dir='ltr'>abyssosr</span> <span class='ocrx_word' id='word_1_313' title='bbox 1571 3261 1666 3334; x_wconf 87' lang='lat' dir='ltr'>sedes</span> <span class='ocrx_word' id='word_1_314' title='bbox 1681 3262 1782 3353; x_wconf 88' lang='lat' dir='ltr'>supet·</span> <span class='ocrx_word' id='word_1_315' title='bbox 1814 3272 1866 3347; x_wconf 83' lang='lat'>80</span> 
     </span>
     <span class='ocr_line' id='line_1_28' title="bbox 131 3354 1780 3453; baseline -0.002 -20"><span class='ocrx_word' id='word_1_316' title='bbox 131 3354 253 3433; x_wconf 84' lang='lat' dir='ltr'>omnia</span> <span class='ocrx_word' id='word_1_317' title='bbox 275 3359 365 3453; x_wconf 86' lang='lat' dir='ltr'>regit</span> <span class='ocrx_word' id='word_1_318' title='bbox 391 3361 426 3431; x_wconf 92' lang='lat' dir='ltr'>in</span> <span class='ocrx_word' id='word_1_319' title='bbox 451 3358 560 3435; x_wconf 88' lang='lat' dir='ltr'>secula</span> <span class='ocrx_word' id='word_1_320' title='bbox 574 3359 792 3437; x_wconf 77' lang='lat' dir='ltr'>seculornnss</span> <span class='ocrx_word' id='word_1_321' title='bbox 821 3376 869 3451; x_wconf 67' lang='lat' dir='ltr'>m.</span> <span class='ocrx_word' id='word_1_322' title='bbox 885 3366 933 3437; x_wconf 85' lang='grc' dir='ltr'>Α·</span> <span class='ocrx_word' id='word_1_323' title='bbox 981 3360 1157 3435; x_wconf 86' lang='lat' dir='ltr'>cherubim</span> <span class='ocrx_word' id='word_1_324' title='bbox 1172 3362 1208 3435; x_wconf 84' lang='lat' dir='ltr'>dt</span> <span class='ocrx_word' id='word_1_325' title='bbox 1225 3357 1429 3435; x_wconf 83' lang='lat' dir='ltr'>laudabilis.</span> <span class='ocrx_word' id='word_1_326' title='bbox 1461 3358 1701 3453; x_wconf 69' lang='lat' dir='ltr'>PAEtsuper.</span> <span class='ocrx_word' id='word_1_327' title='bbox 1732 3354 1780 3448; x_wconf 68' lang='lat' dir='ltr'>nh·</span> 
     </span>
     <span class='ocr_line' id='line_1_29' title="bbox 130 3452 1781 3559; baseline -0.001 -30"><span class='ocrx_word' id='word_1_328' title='bbox 130 3478 234 3529; x_wconf 80' lang='lat' dir='ltr'>men.</span> <span class='ocrx_word' id='word_1_329' title='bbox 262 3456 435 3531; x_wconf 84' lang='lat' dir='ltr'>Dominus</span> <span class='ocrx_word' id='word_1_330' title='bbox 450 3460 491 3533; x_wconf 87' lang='lat' dir='ltr'>sit</span> <span class='ocrx_word' id='word_1_331' title='bbox 507 3460 638 3559; x_wconf 88' lang='lat' dir='ltr'>semper</span> <span class='ocrx_word' id='word_1_332' title='bbox 652 3459 855 3537; x_wconf 88' lang='lat' dir='ltr'>vobiscum.</span> <span class='ocrx_word' id='word_1_333' title='bbox 882 3476 931 3557; x_wconf 63' lang='lat' dir='ltr'>Bt.</span> <span class='ocrx_word' id='word_1_334' title='bbox 980 3458 1235 3535; x_wconf 68' lang='lat' dir='ltr'>benedictum</span> <span class='ocrx_word' id='word_1_335' title='bbox 1251 3460 1286 3531; x_wconf 93' lang='lat' dir='ltr'>in</span> <span class='ocrx_word' id='word_1_336' title='bbox 1300 3456 1528 3537; x_wconf 87' lang='lat' dir='ltr'>solidamento</span> <span class='ocrx_word' id='word_1_337' title='bbox 1543 3453 1633 3532; x_wconf 79' lang='lat' dir='ltr'>celis</span> <span class='ocrx_word' id='word_1_338' title='bbox 1660 3452 1781 3532; x_wconf 81' lang='lat' dir='ltr'>&amp;iau-</span> 
     </span>
     <span class='ocr_line' id='line_1_30' title="bbox 131 3552 1777 3656; baseline 0.001 -33"><span class='ocrx_word' id='word_1_339' title='bbox 131 3552 291 3629; x_wconf 86' lang='lat' dir='ltr'>Etcum.</span> <span class='ocrx_word' id='word_1_340' title='bbox 316 3558 418 3629; x_wconf 83' lang='lat' dir='ltr'>Dicat</span> <span class='ocrx_word' id='word_1_341' title='bbox 434 3558 573 3631; x_wconf 81' lang='lat' dir='ltr'>chorus.</span> <span class='ocrx_word' id='word_1_342' title='bbox 599 3560 764 3635; x_wconf 79' lang='lat' dir='ltr'>Gustare.</span> <span class='ocrx_word' id='word_1_343' title='bbox 979 3555 1146 3631; x_wconf 83' lang='lat' dir='ltr'>dabilis&amp;</span> <span class='ocrx_word' id='word_1_344' title='bbox 1160 3552 1330 3656; x_wconf 84' lang='lat' dir='ltr'>gloriosus</span> <span class='ocrx_word' id='word_1_345' title='bbox 1346 3557 1379 3631; x_wconf 93' lang='lat' dir='ltr'>in</span> <span class='ocrx_word' id='word_1_346' title='bbox 1391 3557 1514 3635; x_wconf 85' lang='lat' dir='ltr'>secula.</span> <span class='ocrx_word' id='word_1_347' title='bbox 1528 3561 1641 3629; x_wconf 80' lang='lat' dir='ltr'>Amen</span> <span class='ocrx_word' id='word_1_348' title='bbox 1653 3599 1664 3623; x_wconf 84' lang='lat'><strong>·</strong></span> <span class='ocrx_word' id='word_1_349' title='bbox 1677 3564 1721 3626; x_wconf 73' lang='lat' dir='ltr'>P.</span> <span class='ocrx_word' id='word_1_350' title='bbox 1732 3553 1777 3624; x_wconf 80' lang='lat' dir='ltr'>Et</span> 
     </span>
    </p>

    <p class='ocr_par' dir='ltr' id='par_1_9' title="bbox 50 3649 1779 3757">
     <span class='ocr_line' id='line_1_31' title="bbox 50 3649 1779 3757; baseline -0.003 -30"><span class='ocrx_word' id='word_1_351' title='bbox 50 3678 99 3757; x_wconf 58' lang='grc' dir='ltr'>,ο</span> <span class='ocrx_word' id='word_1_352' title='bbox 303 3650 601 3735; x_wconf 72' lang='lat' dir='ltr'>Postumianum.</span> <span class='ocrx_word' id='word_1_353' title='bbox 627 3658 768 3731; x_wconf 85' lang='lat' dir='ltr'>Oratio.</span> <span class='ocrx_word' id='word_1_354' title='bbox 979 3652 1104 3751; x_wconf 90' lang='lat' dir='ltr'>super.</span> <span class='ocrx_word' id='word_1_355' title='bbox 1124 3652 1171 3754; x_wconf 69' lang='lat' dir='ltr'>ph.</span> <span class='ocrx_word' id='word_1_356' title='bbox 1186 3654 1387 3731; x_wconf 80' lang='lat' dir='ltr'>benedicite</span> <span class='ocrx_word' id='word_1_357' title='bbox 1400 3657 1516 3733; x_wconf 85' lang='lat' dir='ltr'>onmia</span> <span class='ocrx_word' id='word_1_358' title='bbox 1528 3679 1638 3750; x_wconf 89' lang='lat' dir='ltr'>opera</span> <span class='ocrx_word' id='word_1_359' title='bbox 1655 3649 1779 3727; x_wconf 85' lang='lat' dir='ltr'>Domi·</span> 
     </span>
    </p>

    <p class='ocr_par' dir='ltr' id='par_1_10' title="bbox 235 3751 1858 3856">
     <span class='ocr_line' id='line_1_32' title="bbox 235 3751 1858 3856; baseline 0.007 -35"><span class='ocrx_word' id='word_1_360' title='bbox 235 3752 391 3827; x_wconf 84' lang='lat' dir='ltr'>Ustantes</span> <span class='ocrx_word' id='word_1_361' title='bbox 413 3753 561 3828; x_wconf 90' lang='lat' dir='ltr'>Domine</span> <span class='ocrx_word' id='word_1_362' title='bbox 583 3752 760 3832; x_wconf 87' lang='lat' dir='ltr'>suavitatis</span> <span class='ocrx_word' id='word_1_363' title='bbox 781 3751 934 3832; x_wconf 79' lang='lat' dir='ltr'>dulcedi·</span> <span class='ocrx_word' id='word_1_364' title='bbox 981 3754 1015 3825; x_wconf 92' lang='lat' dir='ltr'>ni</span> <span class='ocrx_word' id='word_1_365' title='bbox 1029 3754 1238 3830; x_wconf 80' lang='lat' dir='ltr'>Dominumt</span> <span class='ocrx_word' id='word_1_366' title='bbox 1266 3753 1460 3829; x_wconf 88' lang='lat' dir='ltr'>benedicite</span> <span class='ocrx_word' id='word_1_367' title='bbox 1481 3781 1521 3829; x_wconf 92' lang='lat' dir='ltr'>an</span> <span class='ocrx_word' id='word_1_368' title='bbox 1549 3752 1594 3827; x_wconf 91' lang='lat' dir='ltr'>eli</span> <span class='ocrx_word' id='word_1_369' title='bbox 1614 3752 1682 3826; x_wconf 87' lang='lat' dir='ltr'>Dei</span> <span class='ocrx_word' id='word_1_370' title='bbox 1699 3752 1777 3825; x_wconf 92' lang='lat' dir='ltr'>Do-</span> <span class='ocrx_word' id='word_1_371' title='bbox 1810 3759 1858 3856; x_wconf 87' lang='lat'>85</span> 
     </span>
    </p>

    <p class='ocr_par' dir='ltr' id='par_1_11' title="bbox 128 3778 1861 4146">
     <span class='ocr_line' id='line_1_33' title="bbox 249 3778 1861 3950; baseline 0 -28"><span class='ocrx_word' id='word_1_372' title='bbox 249 3852 299 3922; x_wconf 90' lang='lat' dir='ltr'>nis</span> <span class='ocrx_word' id='word_1_373' title='bbox 328 3848 597 3948; x_wconf 79' lang='lat' dir='ltr'>plenitudinemt</span> <span class='ocrx_word' id='word_1_374' title='bbox 621 3854 801 3950; x_wconf 88' lang='lat' dir='ltr'>quesumus</span> <span class='ocrx_word' id='word_1_375' title='bbox 829 3874 867 3925; x_wconf 91' lang='lat' dir='ltr'>ut</span> <span class='ocrx_word' id='word_1_376' title='bbox 889 3856 932 3930; x_wconf 85' lang='lat' dir='ltr'>fit</span> <span class='ocrx_word' id='word_1_377' title='bbox 981 3852 1132 3925; x_wconf 76' lang='lat' dir='ltr'>minuma</span> <span class='ocrx_word' id='word_1_378' title='bbox 1159 3852 1354 3927; x_wconf 87' lang='lat' dir='ltr'>benedicite</span> <span class='ocrx_word' id='word_1_379' title='bbox 1369 3850 1463 3926; x_wconf 78' lang='lat' dir='ltr'>uelle</span> <span class='ocrx_word' id='word_1_380' title='bbox 1482 3778 1777 3927; x_wconf 65' lang='lat' dir='ltr'>cehDominum·</span> <span class='ocrx_word' id='word_1_381' title='bbox 1855 3838 1861 3857; x_wconf 86' lang='grc'><strong>’</strong></span> 
     </span>
     <span class='ocr_line' id='line_1_34' title="bbox 128 3948 1778 4047; baseline 0.004 -32"><span class='ocrx_word' id='word_1_382' title='bbox 128 3948 231 4019; x_wconf 91' lang='lat' dir='ltr'>nobis</span> <span class='ocrx_word' id='word_1_383' title='bbox 249 3948 303 4021; x_wconf 91' lang='lat' dir='ltr'>hic</span> <span class='ocrx_word' id='word_1_384' title='bbox 316 3950 350 4021; x_wconf 94' lang='lat' dir='ltr'>in</span> <span class='ocrx_word' id='word_1_385' title='bbox 363 3950 588 4027; x_wconf 81' lang='lat' dir='ltr'>remisstonem</span> <span class='ocrx_word' id='word_1_386' title='bbox 604 3970 821 4047; x_wconf 85' lang='lat' dir='ltr'>peccatorum</span> <span class='ocrx_word' id='word_1_387' title='bbox 833 3950 928 4025; x_wconf 74' lang='lat' dir='ltr'>desa.</span> <span class='ocrx_word' id='word_1_388' title='bbox 976 3958 1021 4020; x_wconf 78' lang='grc' dir='ltr'>Ῥ.</span> <span class='ocrx_word' id='word_1_389' title='bbox 1036 3951 1212 4042; x_wconf 86' lang='lat' dir='ltr'>Hymnum</span> <span class='ocrx_word' id='word_1_390' title='bbox 1239 3949 1346 4023; x_wconf 89' lang='lat' dir='ltr'>dicite</span> <span class='ocrx_word' id='word_1_391' title='bbox 1372 3956 1410 4026; x_wconf 88' lang='lat'>&amp;</span> <span class='ocrx_word' id='word_1_392' title='bbox 1432 3949 1682 4045; x_wconf 82' lang='lat' dir='ltr'>superexaltate</span> <span class='ocrx_word' id='word_1_393' title='bbox 1699 3972 1778 4024; x_wconf 86' lang='lat' dir='ltr'>eum</span> 
     </span>
     <span class='ocr_line' id='line_1_35' title="bbox 130 4042 1778 4146; baseline 0.002 -32"><span class='ocrx_word' id='word_1_394' title='bbox 130 4042 277 4121; x_wconf 91' lang='lat' dir='ltr'>nitatem</span> <span class='ocrx_word' id='word_1_395' title='bbox 291 4048 477 4122; x_wconf 85' lang='lat' dir='ltr'>mentium.</span> <span class='ocrx_word' id='word_1_396' title='bbox 500 4064 548 4146; x_wconf 73' lang='lat'>132.</span> <span class='ocrx_word' id='word_1_397' title='bbox 565 4058 674 4125; x_wconf 87' lang='lat' dir='ltr'>Amen</span> <span class='ocrx_word' id='word_1_398' title='bbox 687 4096 698 4119; x_wconf 84' lang='lat'><strong>·</strong></span> <span class='ocrx_word' id='word_1_399' title='bbox 711 4053 779 4124; x_wconf 85' lang='lat' dir='ltr'>Per</span> <span class='ocrx_word' id='word_1_400' title='bbox 795 4046 928 4121; x_wconf 89' lang='lat' dir='ltr'>miseri·</span> <span class='ocrx_word' id='word_1_401' title='bbox 975 4046 1010 4119; x_wconf 92' lang='lat' dir='ltr'>iu</span> <span class='ocrx_word' id='word_1_402' title='bbox 1026 4046 1135 4123; x_wconf 80' lang='lat' dir='ltr'>secula</span> <span class='ocrx_word' id='word_1_403' title='bbox 1152 4094 1162 4116; x_wconf 87' lang='lat'><strong>·</strong></span> <span class='ocrx_word' id='word_1_404' title='bbox 1178 4054 1320 4121; x_wconf 84' lang='lat' dir='ltr'>Amen.</span> <span class='ocrx_word' id='word_1_405' title='bbox 1348 4046 1397 4139; x_wconf 65' lang='lat' dir='ltr'>d.</span> <span class='ocrx_word' id='word_1_406' title='bbox 1408 4049 1606 4122; x_wconf 88' lang='lat' dir='ltr'>Benedicite</span> <span class='ocrx_word' id='word_1_407' title='bbox 1632 4044 1693 4121; x_wconf 80' lang='lat' dir='ltr'>filii</span> <span class='ocrx_word' id='word_1_408' title='bbox 1707 4048 1778 4121; x_wconf 86' lang='lat' dir='ltr'>ho·</span> 
     </span>
    </p>

    <p class='ocr_par' dir='ltr' id='par_1_12' title="bbox 47 4144 1856 4635">
     <span class='ocr_line' id='line_1_36' title="bbox 47 4144 1778 4243; baseline 0.003 -31"><span class='ocrx_word' id='word_1_409' title='bbox 47 4160 95 4239; x_wconf 85' lang='lat'>35</span> <span class='ocrx_word' id='word_1_410' title='bbox 129 4144 283 4219; x_wconf 84' lang='lat' dir='ltr'>cordiam</span> <span class='ocrx_word' id='word_1_411' title='bbox 305 4164 396 4221; x_wconf 88' lang='lat' dir='ltr'>tuam</span> <span class='ocrx_word' id='word_1_412' title='bbox 418 4150 664 4223; x_wconf 84' lang='lat' dir='ltr'>Deusnosterr</span> <span class='ocrx_word' id='word_1_413' title='bbox 692 4147 749 4243; x_wconf 92' lang='lat' dir='ltr'>qui</span> <span class='ocrx_word' id='word_1_414' title='bbox 770 4171 806 4219; x_wconf 90' lang='lat' dir='ltr'>es</span> <span class='ocrx_word' id='word_1_415' title='bbox 824 4150 927 4219; x_wconf 91' lang='lat' dir='ltr'>bene·</span> <span class='ocrx_word' id='word_1_416' title='bbox 975 4144 1104 4221; x_wconf 89' lang='lat' dir='ltr'>minum</span> <span class='ocrx_word' id='word_1_417' title='bbox 1122 4147 1334 4221; x_wconf 81' lang='lat' dir='ltr'>Dominum:</span> <span class='ocrx_word' id='word_1_418' title='bbox 1364 4146 1558 4220; x_wconf 86' lang='lat' dir='ltr'>benedicite</span> <span class='ocrx_word' id='word_1_419' title='bbox 1579 4147 1778 4219; x_wconf 83' lang='lat' dir='ltr'>Sacerdotis</span> 
     </span>
     <span class='ocr_line' id='line_1_37' title="bbox 128 4241 1856 4345; baseline 0.003 -34"><span class='ocrx_word' id='word_1_420' title='bbox 128 4241 264 4314; x_wconf 76' lang='lat' dir='ltr'>didius:</span> <span class='ocrx_word' id='word_1_421' title='bbox 294 4244 330 4315; x_wconf 81' lang='lat' dir='ltr'>dt</span> <span class='ocrx_word' id='word_1_422' title='bbox 344 4244 495 4318; x_wconf 87' lang='lat' dir='ltr'>vivis·&amp;</span> <span class='ocrx_word' id='word_1_423' title='bbox 516 4248 631 4321; x_wconf 87' lang='lat' dir='ltr'>omnia</span> <span class='ocrx_word' id='word_1_424' title='bbox 647 4245 736 4345; x_wconf 87' lang='lat' dir='ltr'>regis</span> <span class='ocrx_word' id='word_1_425' title='bbox 765 4245 797 4318; x_wconf 93' lang='lat' dir='ltr'>in</span> <span class='ocrx_word' id='word_1_426' title='bbox 814 4242 925 4320; x_wconf 86' lang='lat' dir='ltr'>secuia</span> <span class='ocrx_word' id='word_1_427' title='bbox 974 4244 1043 4317; x_wconf 90' lang='lat' dir='ltr'>Dei</span> <span class='ocrx_word' id='word_1_428' title='bbox 1060 4244 1275 4321; x_wconf 84' lang='lat' dir='ltr'>Dominum·</span> <span class='ocrx_word' id='word_1_429' title='bbox 1304 4246 1503 4321; x_wconf 84' lang='lat' dir='ltr'>Benedicite</span> <span class='ocrx_word' id='word_1_430' title='bbox 1530 4243 1635 4319; x_wconf 72' lang='lat' dir='ltr'>sandi</span> <span class='ocrx_word' id='word_1_431' title='bbox 1662 4249 1698 4318; x_wconf 78' lang='grc' dir='ltr'>δι</span> <span class='ocrx_word' id='word_1_432' title='bbox 1715 4248 1777 4316; x_wconf 89' lang='lat' dir='ltr'>bu·</span> <span class='ocrx_word' id='word_1_433' title='bbox 1804 4270 1856 4337; x_wconf 80' lang='lat'>90</span> 
     </span>
     <span class='ocr_line' id='line_1_38' title="bbox 126 4338 1778 4437; baseline 0.004 -28"><span class='ocrx_word' id='word_1_434' title='bbox 126 4338 350 4413; x_wconf 83' lang='lat' dir='ltr'>seculorum.</span> <span class='ocrx_word' id='word_1_435' title='bbox 380 4355 429 4436; x_wconf 69' lang='lat' dir='ltr'>lja.</span> <span class='ocrx_word' id='word_1_436' title='bbox 445 4348 580 4419; x_wconf 80' lang='lat' dir='ltr'>Amen.</span> <span class='ocrx_word' id='word_1_437' title='bbox 605 4344 774 4420; x_wconf 88' lang='lat' dir='ltr'>Dominus</span> <span class='ocrx_word' id='word_1_438' title='bbox 787 4344 830 4417; x_wconf 87' lang='lat' dir='ltr'>sit</span> <span class='ocrx_word' id='word_1_439' title='bbox 847 4344 931 4420; x_wconf 86' lang='lat' dir='ltr'>sem·</span> <span class='ocrx_word' id='word_1_440' title='bbox 979 4340 1076 4419; x_wconf 88' lang='lat' dir='ltr'>miles</span> <span class='ocrx_word' id='word_1_441' title='bbox 1096 4346 1203 4418; x_wconf 87' lang='lat' dir='ltr'>corde</span> <span class='ocrx_word' id='word_1_442' title='bbox 1218 4342 1433 4419; x_wconf 86' lang='lat' dir='ltr'>Dominum.</span> <span class='ocrx_word' id='word_1_443' title='bbox 1462 4354 1507 4416; x_wconf 79' lang='lat' dir='ltr'>P.</span> <span class='ocrx_word' id='word_1_444' title='bbox 1521 4346 1695 4437; x_wconf 91' lang='lat' dir='ltr'>Hymnum</span> <span class='ocrx_word' id='word_1_445' title='bbox 1722 4343 1778 4415; x_wconf 88' lang='lat' dir='ltr'>di·</span> 
     </span>
     <span class='ocr_line' id='line_1_39' title="bbox 126 4436 1780 4531; baseline 0.004 -24"><span class='ocrx_word' id='word_1_446' title='bbox 126 4460 192 4529; x_wconf 89' lang='lat' dir='ltr'>per</span> <span class='ocrx_word' id='word_1_447' title='bbox 208 4436 413 4515; x_wconf 78' lang='lat' dir='ltr'>vobiscum·</span> <span class='ocrx_word' id='word_1_448' title='bbox 445 4454 492 4531; x_wconf 71' lang='lat'>132.</span> <span class='ocrx_word' id='word_1_449' title='bbox 510 4445 550 4517; x_wconf 80' lang='lat' dir='ltr'>Et</span> <span class='ocrx_word' id='word_1_450' title='bbox 563 4466 665 4517; x_wconf 88' lang='lat' dir='ltr'>cum.</span> <span class='ocrx_word' id='word_1_451' title='bbox 694 4442 733 4512; x_wconf 87' lang='lat' dir='ltr'>ln</span> <span class='ocrx_word' id='word_1_452' title='bbox 757 4443 928 4519; x_wconf 73' lang='lat' dir='ltr'>nomines</span> <span class='ocrx_word' id='word_1_453' title='bbox 977 4443 1047 4515; x_wconf 90' lang='lat' dir='ltr'>cite</span> <span class='ocrx_word' id='word_1_454' title='bbox 1064 4490 1075 4511; x_wconf 87' lang='lat'><strong>.</strong></span> <span class='ocrx_word' id='word_1_455' title='bbox 1097 4438 1145 4531; x_wconf 68' lang='lat' dir='ltr'>rb·</span> <span class='ocrx_word' id='word_1_456' title='bbox 1157 4442 1358 4521; x_wconf 88' lang='lat' dir='ltr'>Benedicite</span> <span class='ocrx_word' id='word_1_457' title='bbox 1376 4443 1509 4518; x_wconf 76' lang='lat' dir='ltr'>Ananis</span> <span class='ocrx_word' id='word_1_458' title='bbox 1524 4444 1648 4516; x_wconf 83' lang='lat' dir='ltr'>Azaria</span> <span class='ocrx_word' id='word_1_459' title='bbox 1660 4442 1695 4512; x_wconf 83' lang='lat' dir='ltr'>dt</span> <span class='ocrx_word' id='word_1_460' title='bbox 1708 4442 1780 4514; x_wconf 89' lang='lat' dir='ltr'>Mi-</span> 
     </span>
     <span class='ocr_line' id='line_1_40' title="bbox 126 4535 1777 4635; baseline 0.002 -28"><span class='ocrx_word' id='word_1_461' title='bbox 126 4535 274 4611; x_wconf 88' lang='lat' dir='ltr'>Domini</span> <span class='ocrx_word' id='word_1_462' title='bbox 289 4536 474 4615; x_wconf 81' lang='lat' dir='ltr'>nostriJesu</span> <span class='ocrx_word' id='word_1_463' title='bbox 485 4540 611 4615; x_wconf 85' lang='lat' dir='ltr'>Chrisii</span> <span class='ocrx_word' id='word_1_464' title='bbox 625 4536 836 4635; x_wconf 86' lang='lat' dir='ltr'>perficiamus</span> <span class='ocrx_word' id='word_1_465' title='bbox 850 4564 926 4621; x_wconf 85' lang='lat' dir='ltr'>curn</span> <span class='ocrx_word' id='word_1_466' title='bbox 978 4538 1046 4611; x_wconf 87' lang='lat' dir='ltr'>saei</span> <span class='ocrx_word' id='word_1_467' title='bbox 1061 4541 1268 4614; x_wconf 90' lang='lat' dir='ltr'>Dominum.</span> <span class='ocrx_word' id='word_1_468' title='bbox 1285 4542 1462 4635; x_wconf 86' lang='lat' dir='ltr'>Hymnum</span> <span class='ocrx_word' id='word_1_469' title='bbox 1471 4540 1577 4613; x_wconf 90' lang='lat' dir='ltr'>dicite</span> <span class='ocrx_word' id='word_1_470' title='bbox 1589 4545 1624 4612; x_wconf 72' lang='grc' dir='ltr'>δι</span> <span class='ocrx_word' id='word_1_471' title='bbox 1639 4538 1777 4631; x_wconf 87' lang='lat' dir='ltr'>supere·</span> 
     </span>
    </p>

    <p class='ocr_par' dir='ltr' id='par_1_13' title="bbox 41 4634 1775 4731">
     <span class='ocr_line' id='line_1_41' title="bbox 41 4634 1775 4731; baseline 0.001 -24"><span class='ocrx_word' id='word_1_472' title='bbox 41 4654 96 4731; x_wconf 65' lang='lat'>40</span> <span class='ocrx_word' id='word_1_473' title='bbox 124 4656 239 4729; x_wconf 88' lang='lat' dir='ltr'>pace.</span> <span class='ocrx_word' id='word_1_474' title='bbox 266 4650 315 4723; x_wconf 71' lang='lat'>132.</span> <span class='ocrx_word' id='word_1_475' title='bbox 331 4637 413 4711; x_wconf 88' lang='lat' dir='ltr'>Deo</span> <span class='ocrx_word' id='word_1_476' title='bbox 451 4639 577 4713; x_wconf 81' lang='lat' dir='ltr'>ratius.</span> <span class='ocrx_word' id='word_1_477' title='bbox 977 4636 1110 4711; x_wconf 77' lang='lat' dir='ltr'>saltate</span> <span class='ocrx_word' id='word_1_478' title='bbox 1124 4662 1202 4713; x_wconf 91' lang='lat' dir='ltr'>eum</span> <span class='ocrx_word' id='word_1_479' title='bbox 1217 4638 1253 4711; x_wconf 93' lang='lat' dir='ltr'>in</span> <span class='ocrx_word' id='word_1_480' title='bbox 1268 4636 1376 4712; x_wconf 76' lang='lat' dir='ltr'>secula</span> <span class='ocrx_word' id='word_1_481' title='bbox 1393 4685 1404 4707; x_wconf 84' lang='lat'><strong>.</strong></span> <span class='ocrx_word' id='word_1_482' title='bbox 1422 4634 1551 4710; x_wconf 82' lang='lat' dir='ltr'>Amen.</span> <span class='ocrx_word' id='word_1_483' title='bbox 1567 4634 1616 4726; x_wconf 63' lang='lat' dir='ltr'>p.</span> <span class='ocrx_word' id='word_1_484' title='bbox 1629 4637 1720 4725; x_wconf 82' lang='lat' dir='ltr'>Qia</span> <span class='ocrx_word' id='word_1_485' title='bbox 1733 4634 1775 4708; x_wconf 86' lang='lat' dir='ltr'>li·</span> 
     </span>
    </p>

    <p class='ocr_par' dir='ltr' id='par_1_14' title="bbox 222 4662 1849 5027">
     <span class='ocr_line' id='line_1_42' title="bbox 222 4662 1849 4827; baseline -0.001 -20"><span class='ocrx_word' id='word_1_486' title='bbox 222 4662 530 4809; x_wconf 70' lang='lat' dir='ltr'>DOMINico</span> <span class='ocrx_word' id='word_1_487' title='bbox 556 4735 744 4811; x_wconf 87' lang='lat' dir='ltr'>PRIMO</span> <span class='ocrx_word' id='word_1_488' title='bbox 769 4735 829 4809; x_wconf 86' lang='lat' dir='ltr'>IN</span> <span class='ocrx_word' id='word_1_489' title='bbox 977 4733 1116 4809; x_wconf 88' lang='lat' dir='ltr'>beravit</span> <span class='ocrx_word' id='word_1_490' title='bbox 1138 4762 1203 4811; x_wconf 91' lang='lat' dir='ltr'>nos</span> <span class='ocrx_word' id='word_1_491' title='bbox 1228 4738 1269 4809; x_wconf 91' lang='lat' dir='ltr'>ab</span> <span class='ocrx_word' id='word_1_492' title='bbox 1284 4736 1399 4808; x_wconf 85' lang='lat' dir='ltr'>inseris</span> <span class='ocrx_word' id='word_1_493' title='bbox 1415 4736 1451 4807; x_wconf 77' lang='lat' dir='ltr'>dt</span> <span class='ocrx_word' id='word_1_494' title='bbox 1476 4735 1520 4805; x_wconf 94' lang='lat' dir='ltr'>de</span> <span class='ocrx_word' id='word_1_495' title='bbox 1536 4735 1772 4808; x_wconf 84' lang='lat' dir='ltr'>manumortis</span> <span class='ocrx_word' id='word_1_496' title='bbox 1800 4754 1849 4827; x_wconf 87' lang='lat'>95</span> 
     </span>
     <span class='ocr_line' id='line_1_43' title="bbox 321 4832 1772 4927; baseline 0.001 -24"><span class='ocrx_word' id='word_1_497' title='bbox 321 4832 705 4923; x_wconf 80' lang='lat' dir='ltr'>QJADRAGESIMA</span> <span class='ocrx_word' id='word_1_498' title='bbox 720 4880 732 4903; x_wconf 85' lang='lat'><strong>.</strong></span> <span class='ocrx_word' id='word_1_499' title='bbox 975 4832 1122 4909; x_wconf 86' lang='lat' dir='ltr'>salvavit</span> <span class='ocrx_word' id='word_1_500' title='bbox 1136 4858 1200 4906; x_wconf 91' lang='lat' dir='ltr'>nos</span> <span class='ocrx_word' id='word_1_501' title='bbox 1214 4835 1250 4905; x_wconf 79' lang='lat' dir='ltr'>dt</span> <span class='ocrx_word' id='word_1_502' title='bbox 1267 4832 1394 4927; x_wconf 90' lang='lat' dir='ltr'>eripuit</span> <span class='ocrx_word' id='word_1_503' title='bbox 1411 4854 1472 4903; x_wconf 89' lang='lat' dir='ltr'>nos</span> <span class='ocrx_word' id='word_1_504' title='bbox 1485 4835 1530 4905; x_wconf 88' lang='lat' dir='ltr'>de</span> <span class='ocrx_word' id='word_1_505' title='bbox 1542 4832 1657 4903; x_wconf 90' lang='lat' dir='ltr'>medio</span> <span class='ocrx_word' id='word_1_506' title='bbox 1669 4833 1772 4905; x_wconf 89' lang='lat' dir='ltr'>cami·</span> 
     </span>
     <span class='ocr_line' id='line_1_44' title="bbox 284 4927 1770 5027; baseline 0.001 -26"><span class='ocrx_word' id='word_1_507' title='bbox 284 4932 347 5001; x_wconf 73' lang='lat' dir='ltr'>Ad</span> <span class='ocrx_word' id='word_1_508' title='bbox 372 4928 500 5023; x_wconf 63' lang='lat' dir='ltr'>Mffism</span> <span class='ocrx_word' id='word_1_509' title='bbox 529 4976 540 5001; x_wconf 86' lang='lat'><strong>.</strong></span> <span class='ocrx_word' id='word_1_510' title='bbox 595 4927 764 5019; x_wconf 79' lang='lat' dir='ltr'>officium.</span> <span class='ocrx_word' id='word_1_511' title='bbox 974 4952 1023 5006; x_wconf 90' lang='lat' dir='ltr'>no</span> <span class='ocrx_word' id='word_1_512' title='bbox 1038 4930 1187 5006; x_wconf 88' lang='lat' dir='ltr'>ardentis</span> <span class='ocrx_word' id='word_1_513' title='bbox 1204 4930 1338 5002; x_wconf 90' lang='lat' dir='ltr'>flamme</span> <span class='ocrx_word' id='word_1_514' title='bbox 1363 4934 1398 5005; x_wconf 78' lang='lat' dir='ltr'>dt</span> <span class='ocrx_word' id='word_1_515' title='bbox 1419 4928 1570 5003; x_wconf 89' lang='lat' dir='ltr'>emedio</span> <span class='ocrx_word' id='word_1_516' title='bbox 1585 4930 1673 5027; x_wconf 85' lang='lat' dir='ltr'>ignis</span> <span class='ocrx_word' id='word_1_517' title='bbox 1686 4931 1770 5003; x_wconf 93' lang='lat' dir='ltr'>edu·</span> 
     </span>
    </p>

    <p class='ocr_par' dir='ltr' id='par_1_15' title="bbox 202 5022 1770 5123">
     <span class='ocr_line' id='line_1_45' title="bbox 202 5022 1770 5123; baseline -0.001 -22"><span class='ocrx_word' id='word_1_518' title='bbox 202 5028 275 5103; x_wconf 89' lang='lat' dir='ltr'>Cce</span> <span class='ocrx_word' id='word_1_519' title='bbox 289 5052 380 5103; x_wconf 91' lang='lat' dir='ltr'>nunc</span> <span class='ocrx_word' id='word_1_520' title='bbox 396 5049 532 5122; x_wconf 86' lang='lat' dir='ltr'>tempus</span> <span class='ocrx_word' id='word_1_521' title='bbox 549 5025 755 5121; x_wconf 75' lang='lat' dir='ltr'>acceptabile</span> <span class='ocrx_word' id='word_1_522' title='bbox 773 5022 922 5113; x_wconf 77' lang='lat' dir='ltr'>alleluia.</span> <span class='ocrx_word' id='word_1_523' title='bbox 975 5028 1028 5102; x_wconf 82' lang='lat' dir='ltr'>xit</span> <span class='ocrx_word' id='word_1_524' title='bbox 1044 5052 1127 5103; x_wconf 87' lang='lat' dir='ltr'>nos.</span> <span class='ocrx_word' id='word_1_525' title='bbox 1141 5032 1243 5099; x_wconf 82' lang='lat' dir='ltr'>Dicat</span> <span class='ocrx_word' id='word_1_526' title='bbox 1255 5025 1376 5100; x_wconf 76' lang='lat' dir='ltr'>Presb.</span> <span class='ocrx_word' id='word_1_527' title='bbox 1391 5026 1609 5112; x_wconf 82' lang='lat' dir='ltr'>confitemini.</span> <span class='ocrx_word' id='word_1_528' title='bbox 1626 5022 1770 5123; x_wconf 63' lang='lat' dir='ltr'>phCon·</span> 
     </span>
    </p>

    <p class='ocr_par' dir='ltr' id='par_1_16' title="bbox 42 5122 1896 5617">
     <span class='ocr_line' id='line_1_46' title="bbox 42 5122 1769 5221; baseline 0.002 -22"><span class='ocrx_word' id='word_1_529' title='bbox 42 5144 88 5221; x_wconf 57' lang='grc' dir='ltr'>ις</span> <span class='ocrx_word' id='word_1_530' title='bbox 225 5138 269 5199; x_wconf 77' lang='grc' dir='ltr'>Ῥ.</span> <span class='ocrx_word' id='word_1_531' title='bbox 286 5128 370 5199; x_wconf 83' lang='lat' dir='ltr'>Ecce</span> <span class='ocrx_word' id='word_1_532' title='bbox 396 5148 484 5199; x_wconf 88' lang='lat' dir='ltr'>nunc</span> <span class='ocrx_word' id='word_1_533' title='bbox 513 5126 585 5199; x_wconf 91' lang='lat' dir='ltr'>dies</span> <span class='ocrx_word' id='word_1_534' title='bbox 612 5122 728 5198; x_wconf 83' lang='lat' dir='ltr'>salutis</span> <span class='ocrx_word' id='word_1_535' title='bbox 759 5123 923 5212; x_wconf 47' lang='lat' dir='ltr'>alleluiae</span> <span class='ocrx_word' id='word_1_536' title='bbox 972 5127 1120 5199; x_wconf 84' lang='lat' dir='ltr'>fitemini</span> <span class='ocrx_word' id='word_1_537' title='bbox 1146 5124 1304 5205; x_wconf 87' lang='lat' dir='ltr'>Domino</span> <span class='ocrx_word' id='word_1_538' title='bbox 1329 5126 1489 5219; x_wconf 87' lang='lat' dir='ltr'>quoniam</span> <span class='ocrx_word' id='word_1_539' title='bbox 1511 5129 1646 5203; x_wconf 82' lang='lat' dir='ltr'>bonust</span> <span class='ocrx_word' id='word_1_540' title='bbox 1677 5148 1769 5221; x_wconf 90' lang='lat' dir='ltr'>quo·</span> 
     </span>
     <span class='ocr_line' id='line_1_47' title="bbox 121 5222 1872 5319; baseline 0.002 -26"><span class='ocrx_word' id='word_1_541' title='bbox 121 5222 170 5312; x_wconf 68' lang='lat' dir='ltr'>sd.</span> <span class='ocrx_word' id='word_1_542' title='bbox 186 5224 354 5297; x_wconf 88' lang='lat' dir='ltr'>Dominus</span> <span class='ocrx_word' id='word_1_543' title='bbox 367 5223 530 5319; x_wconf 81' lang='lat' dir='ltr'>regnavit</span> <span class='ocrx_word' id='word_1_544' title='bbox 543 5226 707 5299; x_wconf 87' lang='lat' dir='ltr'>decorem</span> <span class='ocrx_word' id='word_1_545' title='bbox 724 5222 855 5297; x_wconf 71' lang='lat' dir='ltr'>induite</span> <span class='ocrx_word' id='word_1_546' title='bbox 871 5224 922 5294; x_wconf 90' lang='lat' dir='ltr'>in·</span> <span class='ocrx_word' id='word_1_547' title='bbox 969 5223 1060 5299; x_wconf 83' lang='lat' dir='ltr'>niam</span> <span class='ocrx_word' id='word_1_548' title='bbox 1077 5226 1109 5297; x_wconf 91' lang='lat' dir='ltr'>in</span> <span class='ocrx_word' id='word_1_549' title='bbox 1128 5224 1276 5298; x_wconf 86' lang='lat' dir='ltr'>seculum</span> <span class='ocrx_word' id='word_1_550' title='bbox 1293 5225 1526 5301; x_wconf 88' lang='lat' dir='ltr'>misericordia</span> <span class='ocrx_word' id='word_1_551' title='bbox 1539 5231 1636 5311; x_wconf 81' lang='lat' dir='ltr'>eius.</span> <span class='ocrx_word' id='word_1_552' title='bbox 1801 5245 1872 5297; x_wconf 89' lang='lat'>100</span> 
     </span>
     <span class='ocr_line' id='line_1_48' title="bbox 117 5320 1768 5413; baseline 0.001 -22"><span class='ocrx_word' id='word_1_553' title='bbox 117 5320 195 5393; x_wconf 89' lang='lat' dir='ltr'>duit</span> <span class='ocrx_word' id='word_1_554' title='bbox 220 5322 386 5396; x_wconf 86' lang='lat' dir='ltr'>Dominus</span> <span class='ocrx_word' id='word_1_555' title='bbox 413 5322 653 5401; x_wconf 75' lang='lat' dir='ltr'>fortitudinem</span> <span class='ocrx_word' id='word_1_556' title='bbox 683 5322 718 5393; x_wconf 72' lang='grc' dir='ltr'>δι</span> <span class='ocrx_word' id='word_1_557' title='bbox 748 5322 919 5413; x_wconf 85' lang='lat' dir='ltr'>precinxit</span> <span class='ocrx_word' id='word_1_558' title='bbox 1017 5324 1217 5413; x_wconf 79' lang='lat' dir='ltr'>Pfirllendo·</span> <span class='ocrx_word' id='word_1_559' title='bbox 1242 5324 1297 5395; x_wconf 88' lang='lat' dir='ltr'>Ne</span> <span class='ocrx_word' id='word_1_560' title='bbox 1311 5348 1445 5399; x_wconf 84' lang='lat' dir='ltr'>memor</span> <span class='ocrx_word' id='word_1_561' title='bbox 1461 5325 1569 5397; x_wconf 86' lang='lat' dir='ltr'>suetis</span> <span class='ocrx_word' id='word_1_562' title='bbox 1585 5322 1681 5394; x_wconf 88' lang='lat' dir='ltr'>Deus</span> <span class='ocrx_word' id='word_1_563' title='bbox 1703 5320 1768 5396; x_wconf 91' lang='lat' dir='ltr'>ini·</span> 
     </span>
     <span class='ocr_line' id='line_1_49' title="bbox 115 5414 1896 5516; baseline 0.003 -27"><span class='ocrx_word' id='word_1_564' title='bbox 115 5418 182 5489; x_wconf 81' lang='lat' dir='ltr'>se.</span> <span class='ocrx_word' id='word_1_565' title='bbox 206 5430 252 5493; x_wconf 78' lang='grc' dir='ltr'>Ῥ.</span> <span class='ocrx_word' id='word_1_566' title='bbox 264 5422 350 5497; x_wconf 85' lang='lat' dir='ltr'>Ecce</span> <span class='ocrx_word' id='word_1_567' title='bbox 368 5442 454 5493; x_wconf 91' lang='lat' dir='ltr'>nunc</span> <span class='ocrx_word' id='word_1_568' title='bbox 470 5422 569 5500; x_wconf 80' lang='lat' dir='ltr'>dies.</span> <span class='ocrx_word' id='word_1_569' title='bbox 596 5416 645 5512; x_wconf 67' lang='lat' dir='ltr'>sb.</span> <span class='ocrx_word' id='word_1_570' title='bbox 661 5414 783 5491; x_wconf 77' lang='lat' dir='ltr'>Gloria</span> <span class='ocrx_word' id='word_1_571' title='bbox 807 5420 842 5491; x_wconf 83' lang='lat' dir='ltr'>dt</span> <span class='ocrx_word' id='word_1_572' title='bbox 855 5420 918 5491; x_wconf 91' lang='lat' dir='ltr'>ho-</span> <span class='ocrx_word' id='word_1_573' title='bbox 967 5420 1136 5516; x_wconf 88' lang='lat' dir='ltr'>quitatum</span> <span class='ocrx_word' id='word_1_574' title='bbox 1151 5423 1341 5495; x_wconf 80' lang='lat' dir='ltr'>nostrarum</span> <span class='ocrx_word' id='word_1_575' title='bbox 1359 5425 1599 5512; x_wconf 79' lang='lat' dir='ltr'>antiquarumt</span> <span class='ocrx_word' id='word_1_576' title='bbox 1621 5422 1695 5496; x_wconf 86' lang='lat' dir='ltr'>cito</span> <span class='ocrx_word' id='word_1_577' title='bbox 1707 5448 1767 5516; x_wconf 88' lang='lat' dir='ltr'>ap·</span> <span class='ocrx_word' id='word_1_578' title='bbox 1891 5499 1896 5513; x_wconf 59' lang='lat'><em>,</em></span> 
     </span>
     <span class='ocr_line' id='line_1_50' title="bbox 115 5514 1765 5617; baseline 0 -28"><span class='ocrx_word' id='word_1_579' title='bbox 115 5542 187 5593; x_wconf 84' lang='lat' dir='ltr'>noc</span> <span class='ocrx_word' id='word_1_580' title='bbox 204 5519 350 5593; x_wconf 84' lang='lat' dir='ltr'>Patri&amp;</span> <span class='ocrx_word' id='word_1_581' title='bbox 369 5514 456 5595; x_wconf 83' lang='lat' dir='ltr'>Filio</span> <span class='ocrx_word' id='word_1_582' title='bbox 473 5518 667 5617; x_wconf 86' lang='lat' dir='ltr'>&amp;Spiritui</span> <span class='ocrx_word' id='word_1_583' title='bbox 683 5515 917 5591; x_wconf 76' lang='lat' dir='ltr'>sauctoinse-</span> <span class='ocrx_word' id='word_1_584' title='bbox 966 5522 1158 5613; x_wconf 85' lang='lat' dir='ltr'>prehendat</span> <span class='ocrx_word' id='word_1_585' title='bbox 1187 5544 1250 5593; x_wconf 91' lang='lat' dir='ltr'>nos</span> <span class='ocrx_word' id='word_1_586' title='bbox 1273 5518 1506 5595; x_wconf 88' lang='lat' dir='ltr'>misericordia</span> <span class='ocrx_word' id='word_1_587' title='bbox 1523 5540 1581 5592; x_wconf 89' lang='lat' dir='ltr'>tua</span> <span class='ocrx_word' id='word_1_588' title='bbox 1597 5520 1765 5593; x_wconf 85' lang='lat' dir='ltr'>Domine.</span> 
     </span>
    </p>

    <p class='ocr_par' dir='ltr' id='par_1_17' title="bbox 46 5614 1867 5909">
     <span class='ocr_line' id='line_1_51' title="bbox 46 5614 1762 5711; baseline -0.001 -24"><span class='ocrx_word' id='word_1_589' title='bbox 46 5634 84 5707; x_wconf 68' lang='lat' dir='ltr'>so</span> <span class='ocrx_word' id='word_1_590' title='bbox 113 5616 196 5695; x_wconf 79' lang='lat' dir='ltr'>cuia</span> <span class='ocrx_word' id='word_1_591' title='bbox 210 5614 423 5693; x_wconf 84' lang='lat' dir='ltr'>seculorum·</span> <span class='ocrx_word' id='word_1_592' title='bbox 451 5630 499 5709; x_wconf 68' lang='lat' dir='ltr'>Bt·</span> <span class='ocrx_word' id='word_1_593' title='bbox 518 5626 654 5695; x_wconf 83' lang='lat' dir='ltr'>Amen.</span> <span class='ocrx_word' id='word_1_594' title='bbox 673 5629 718 5689; x_wconf 72' lang='lat' dir='ltr'>P.</span> <span class='ocrx_word' id='word_1_595' title='bbox 733 5616 816 5688; x_wconf 82' lang='lat' dir='ltr'>Ecce</span> <span class='ocrx_word' id='word_1_596' title='bbox 830 5665 840 5688; x_wconf 88' lang='lat'><strong>.</strong></span> <span class='ocrx_word' id='word_1_597' title='bbox 855 5618 915 5687; x_wconf 74' lang='lat' dir='ltr'>Dr·-</span> <span class='ocrx_word' id='word_1_598' title='bbox 966 5614 1013 5707; x_wconf 70' lang='lat' dir='ltr'>sd.</span> <span class='ocrx_word' id='word_1_599' title='bbox 1029 5621 1205 5711; x_wconf 80' lang='lat' dir='ltr'>Qoniam</span> <span class='ocrx_word' id='word_1_600' title='bbox 1230 5640 1395 5711; x_wconf 88' lang='lat' dir='ltr'>pauperes</span> <span class='ocrx_word' id='word_1_601' title='bbox 1413 5616 1490 5690; x_wconf 68' lang='lat' dir='ltr'>sadi</span> <span class='ocrx_word' id='word_1_602' title='bbox 1510 5615 1618 5689; x_wconf 89' lang='lat' dir='ltr'>sumus</span> <span class='ocrx_word' id='word_1_603' title='bbox 1637 5614 1736 5689; x_wconf 88' lang='lat' dir='ltr'>vaide</span> <span class='ocrx_word' id='word_1_604' title='bbox 1751 5643 1762 5685; x_wconf 82' lang='lat' dir='ltr'>s</span> 
     </span>
     <span class='ocr_line' id='line_1_52' title="bbox 112 5711 1867 5811; baseline -0.003 -20"><span class='ocrx_word' id='word_1_605' title='bbox 112 5732 174 5791; x_wconf 81' lang='lat' dir='ltr'>cat</span> <span class='ocrx_word' id='word_1_606' title='bbox 189 5714 311 5787; x_wconf 73' lang='lat' dir='ltr'>areth.</span> <span class='ocrx_word' id='word_1_607' title='bbox 333 5716 530 5791; x_wconf 84' lang='lat' dir='ltr'>Per-omnia</span> <span class='ocrx_word' id='word_1_608' title='bbox 548 5721 680 5811; x_wconf 88' lang='lat' dir='ltr'>semper</span> <span class='ocrx_word' id='word_1_609' title='bbox 694 5711 802 5787; x_wconf 88' lang='lat' dir='ltr'>secula</span> <span class='ocrx_word' id='word_1_610' title='bbox 816 5711 911 5787; x_wconf 88' lang='lat' dir='ltr'>secu·</span> <span class='ocrx_word' id='word_1_611' title='bbox 962 5716 1087 5799; x_wconf 82' lang='lat' dir='ltr'>adiuva</span> <span class='ocrx_word' id='word_1_612' title='bbox 1103 5739 1164 5789; x_wconf 91' lang='lat' dir='ltr'>nos</span> <span class='ocrx_word' id='word_1_613' title='bbox 1181 5716 1273 5786; x_wconf 89' lang='lat' dir='ltr'>Deus</span> <span class='ocrx_word' id='word_1_614' title='bbox 1291 5712 1443 5787; x_wconf 82' lang='lat' dir='ltr'>salutaris</span> <span class='ocrx_word' id='word_1_615' title='bbox 1457 5714 1594 5787; x_wconf 80' lang='lat' dir='ltr'>noster.</span> <span class='ocrx_word' id='word_1_616' title='bbox 1615 5726 1660 5785; x_wconf 71' lang='lat' dir='ltr'>v.</span> <span class='ocrx_word' id='word_1_617' title='bbox 1675 5711 1762 5787; x_wconf 88' lang='lat' dir='ltr'>Cito</span> <span class='ocrx_word' id='word_1_618' title='bbox 1799 5735 1867 5806; x_wconf 87' lang='lat'>¹05</span> 
     </span>
     <span class='ocr_line' id='line_1_53' title="bbox 109 5808 1760 5909; baseline -0.003 -21"><span class='ocrx_word' id='word_1_619' title='bbox 109 5812 252 5889; x_wconf 84' lang='lat' dir='ltr'>iorum·</span> <span class='ocrx_word' id='word_1_620' title='bbox 277 5826 326 5909; x_wconf 76' lang='lat'>¹3²·</span> <span class='ocrx_word' id='word_1_621' title='bbox 344 5820 453 5885; x_wconf 73' lang='lat' dir='ltr'>Arnen</span> <span class='ocrx_word' id='word_1_622' title='bbox 467 5860 478 5883; x_wconf 87' lang='lat'><strong>.</strong></span> <span class='ocrx_word' id='word_1_623' title='bbox 492 5816 555 5885; x_wconf 85' lang='lat' dir='ltr'>Hic</span> <span class='ocrx_word' id='word_1_624' title='bbox 568 5814 724 5887; x_wconf 82' lang='lat' dir='ltr'>dicatur·</span> <span class='ocrx_word' id='word_1_625' title='bbox 741 5808 862 5885; x_wconf 84' lang='lat' dir='ltr'>Gloria</span> <span class='ocrx_word' id='word_1_626' title='bbox 877 5811 911 5885; x_wconf 91' lang='lat' dir='ltr'>in</span> <span class='ocrx_word' id='word_1_627' title='bbox 962 5815 1160 5909; x_wconf 80' lang='lat' dir='ltr'>apprehen·</span> <span class='ocrx_word' id='word_1_628' title='bbox 1187 5817 1249 5888; x_wconf 82' lang='lat' dir='ltr'>Hic</span> <span class='ocrx_word' id='word_1_629' title='bbox 1275 5815 1432 5883; x_wconf 79' lang='lat' dir='ltr'>Sacerdos</span> <span class='ocrx_word' id='word_1_630' title='bbox 1459 5810 1557 5882; x_wconf 84' lang='lat' dir='ltr'>debet</span> <span class='ocrx_word' id='word_1_631' title='bbox 1575 5829 1760 5907; x_wconf 81' lang='lat' dir='ltr'>preparare</span> 
     </span>
    </p>

    <p class='ocr_par' dir='ltr' id='par_1_18' title="bbox 106 5904 1760 6009">
     <span class='ocr_line' id='line_1_54' title="bbox 106 5904 1760 6009; baseline -0.005 -22"><span class='ocrx_word' id='word_1_632' title='bbox 106 5910 285 5987; x_wconf 78' lang='lat' dir='ltr'>excelsis.</span> <span class='ocrx_word' id='word_1_633' title='bbox 312 5908 543 5999; x_wconf 73' lang='lat' dir='ltr'>Dicatvresb.</span> <span class='ocrx_word' id='word_1_634' title='bbox 569 5915 634 5987; x_wconf 87' lang='lat' dir='ltr'>Per</span> <span class='ocrx_word' id='word_1_635' title='bbox 655 5909 768 5989; x_wconf 82' lang='lat' dir='ltr'>omnia</span> <span class='ocrx_word' id='word_1_636' title='bbox 779 5908 913 6009; x_wconf 83' lang='lat' dir='ltr'>semper</span> <span class='ocrx_word' id='word_1_637' title='bbox 961 5910 1098 5985; x_wconf 74' lang='lat' dir='ltr'>calicem</span> <span class='ocrx_word' id='word_1_638' title='bbox 1129 5934 1206 5983; x_wconf 78' lang='lat' dir='ltr'>cam</span> <span class='ocrx_word' id='word_1_639' title='bbox 1232 5918 1311 5981; x_wconf 80' lang='lat' dir='ltr'>uino</span> <span class='ocrx_word' id='word_1_640' title='bbox 1334 5914 1482 6004; x_wconf 73' lang='lat' dir='ltr'>&amp;aqua</span> <span class='ocrx_word' id='word_1_641' title='bbox 1510 5904 1704 5987; x_wconf 65' lang='lat' dir='ltr'>&amp;hassiam</span> <span class='ocrx_word' id='word_1_642' title='bbox 1722 5909 1760 5979; x_wconf 85' lang='lat' dir='ltr'>in</span> 
     </span>
    </p>
   </div>
   <div class='ocr_carea' id='block_1_3' title="bbox 105 6004 1766 6177">
    <p class='ocr_par' dir='ltr' id='par_1_19' title="bbox 105 6004 1766 6177">
     <span class='ocr_line' id='line_1_55' title="bbox 105 6004 1766 6177; baseline -0.006 -90"><span class='ocrx_word' id='word_1_643' title='bbox 105 6008 232 6089; x_wconf 84' lang='lat' dir='ltr'>secula</span> <span class='ocrx_word' id='word_1_644' title='bbox 245 6008 461 6091; x_wconf 83' lang='lat' dir='ltr'>seculorum·</span> <span class='ocrx_word' id='word_1_645' title='bbox 488 6024 538 6110; x_wconf 68' lang='lat' dir='ltr'>lja·</span> <span class='ocrx_word' id='word_1_646' title='bbox 552 6022 680 6117; x_wconf 76' lang='lat' dir='ltr'>Amen·</span> <span class='ocrx_word' id='word_1_647' title='bbox 955 6024 1079 6110; x_wconf 74' lang='lat' dir='ltr'>patcna</span> <span class='ocrx_word' id='word_1_648' title='bbox 1098 6007 1205 6107; x_wconf 78' lang='lat' dir='ltr'>pofita</span> <span class='ocrx_word' id='word_1_649' title='bbox 1221 6008 1325 6106; x_wconf 80' lang='lat' dir='ltr'>fitper</span> <span class='ocrx_word' id='word_1_650' title='bbox 1337 6004 1473 6081; x_wconf 81' lang='lat' dir='ltr'>calicem</span> <span class='ocrx_word' id='word_1_651' title='bbox 1495 6010 1541 6084; x_wconf 68' lang='grc' dir='ltr'>(ν</span> <span class='ocrx_word' id='word_1_652' title='bbox 1556 6006 1766 6177; x_wconf 48' lang='lat' dir='ltr'>accipiatlr&#39;sd</span> 
     </span>
    </p>
   </div>
   <div class='ocr_carea' id='block_1_4' title="bbox 0 0 2230 7209">
    <p class='ocr_par' dir='ltr' id='par_1_20' title="bbox 0 0 2230 7209">
     <span class='ocr_line' id='line_1_56' title="bbox 0 0 2230 7209; baseline 0 0"><span class='ocrx_word' id='word_1_653' title='bbox 0 0 2230 7209; x_wconf 95' lang='lat' dir='ltr'> </span> 
     </span>
    </p>
   </div>
  </div>
 </body>
</html>
